<?xml version="1.0" encoding="UTF-8"?>
<!DOCTYPE html PUBLIC "-//W3C//DTD XHTML 1.0 Transitional//EN"
    "http://www.w3.org/TR/xhtml1/DTD/xhtml1-transitional.dtd">
<html xmlns="http://www.w3.org/1999/xhtml" xml:lang="en" lang="en">
 <head>
  <title>
</title>
<meta http-equiv="Content-Type" content="text/html;charset=utf-8" />
  <meta name='ocr-system' content='tesseract 3.04.00' />
  <meta name='ocr-capabilities' content='ocr_page ocr_carea ocr_par ocr_line ocrx_word'/>
</head>
<body>
  <div class='ocr_page' id='page_1' title='image "./mtuliiciceroniso00cice/mtuliiciceroniso00cice_1445.png"; bbox 0 0 2360 3400; ppageno 0'>
   <div class='ocr_carea' id='block_1_1' title="bbox 0 0 53 3400">
    <p class='ocr_par' dir='ltr' id='par_1_1' title="bbox 0 0 53 3400">
     <span class='ocr_line' id='line_1_1' title="bbox 0 0 53 3400; baseline 0 0"><span class='ocrx_word' id='word_1_1' title='bbox 0 0 53 3400; x_wconf 95' lang='lat' dir='ltr'><strong> </strong></span> 
     </span>
    </p>
   </div>
   <div class='ocr_carea' id='block_1_2' title="bbox 530 216 1099 282">
    <p class='ocr_par' dir='ltr' id='par_1_2' title="bbox 530 216 1099 282">
     <span class='ocr_line' id='line_1_2' title="bbox 530 216 1099 282; baseline 0.009 -5"><span class='ocrx_word' id='word_1_2' title='bbox 530 216 623 278; x_wconf 89' lang='lat' dir='ltr'><strong>M.</strong></span> <span class='ocrx_word' id='word_1_3' title='bbox 699 217 1099 282; x_wconf 78' lang='lat' dir='ltr'>TULLII</span> 
     </span>
    </p>
   </div>
   <div class='ocr_carea' id='block_1_3' title="bbox 183 324 599 437">
    <p class='ocr_par' dir='ltr' id='par_1_3' title="bbox 183 324 599 437">
     <span class='ocr_line' id='line_1_3' title="bbox 183 324 599 437; baseline 0 0"><span class='ocrx_word' id='word_1_4' title='bbox 183 324 299 437; x_wconf 92' lang='lat' dir='ltr'>T</span> <span class='ocrx_word' id='word_1_5' title='bbox 541 326 599 437; x_wconf 89' lang='grc' dir='ltr'>Ι</span> 
     </span>
    </p>
   </div>
   <div class='ocr_carea' id='block_1_4' title="bbox 170 692 1137 1434">
    <p class='ocr_par' dir='ltr' id='par_1_4' title="bbox 170 692 1137 1434">
     <span class='ocr_line' id='line_1_4' title="bbox 241 692 1137 745; baseline 0.003 -25"><span class='ocrx_word' id='word_1_6' title='bbox 241 701 261 706; x_wconf 70' lang='lat'><em>-</em></span> <span class='ocrx_word' id='word_1_7' title='bbox 286 709 296 720; x_wconf 59' lang='lat'>2</span> <span class='ocrx_word' id='word_1_8' title='bbox 365 697 407 745; x_wconf 42' lang='grc' dir='ltr'><strong>ἡ)</strong></span> <span class='ocrx_word' id='word_1_9' title='bbox 432 693 530 721; x_wconf 78' lang='lat' dir='ltr'><strong>ULTA</strong></span> <span class='ocrx_word' id='word_1_10' title='bbox 548 692 614 722; x_wconf 89' lang='lat' dir='ltr'><strong>sunt</strong></span> <span class='ocrx_word' id='word_1_11' title='bbox 631 692 645 722; x_wconf 74' lang='lat' dir='ltr'><strong>a</strong></span> <span class='ocrx_word' id='word_1_12' title='bbox 670 693 759 722; x_wconf 83' lang='lat' dir='ltr'><strong>nobis</strong></span> <span class='ocrx_word' id='word_1_13' title='bbox 779 693 851 724; x_wconf 88' lang='lat' dir='ltr'><strong>&amp;in</strong></span> <span class='ocrx_word' id='word_1_14' title='bbox 864 693 1052 724; x_wconf 84' lang='lat' dir='ltr'><strong>Academicis</strong></span> <span class='ocrx_word' id='word_1_15' title='bbox 1061 703 1137 724; x_wconf 91' lang='lat' dir='ltr'><strong>con-</strong></span> 
     </span>
     <span class='ocr_line' id='line_1_5' title="bbox 434 733 1137 774; baseline 0.004 -12"><span class='ocrx_word' id='word_1_16' title='bbox 434 733 536 773; x_wconf 86' lang='lat' dir='ltr'><strong>scripta</strong></span> <span class='ocrx_word' id='word_1_17' title='bbox 546 744 648 764; x_wconf 87' lang='lat' dir='ltr'><strong>contra</strong></span> <span class='ocrx_word' id='word_1_18' title='bbox 659 733 794 774; x_wconf 83' lang='lat' dir='ltr'><strong>physicos</strong></span> <span class='ocrx_word' id='word_1_19' title='bbox 806 755 814 768; x_wconf 91' lang='lat'>‚</span> <span class='ocrx_word' id='word_1_20' title='bbox 825 735 856 764; x_wconf 87' lang='lat'>&amp;</span> <span class='ocrx_word' id='word_1_21' title='bbox 869 735 944 774; x_wconf 86' lang='lat' dir='ltr'><strong>saepe</strong></span> <span class='ocrx_word' id='word_1_22' title='bbox 955 746 1023 765; x_wconf 90' lang='lat' dir='ltr'><strong>cum</strong></span> <span class='ocrx_word' id='word_1_23' title='bbox 1033 738 1064 766; x_wconf 89' lang='lat' dir='ltr'><strong>P.</strong></span> <span class='ocrx_word' id='word_1_24' title='bbox 1078 737 1137 765; x_wconf 83' lang='lat' dir='ltr'><strong>Ni—</strong></span> 
     </span>
     <span class='ocr_line' id='line_1_6' title="bbox 341 771 1136 816; baseline 0.001 -11.956"><span class='ocrx_word' id='word_1_25' title='bbox 341 800 344 805; x_wconf 85' lang='grc'><em>,</em></span> <span class='ocrx_word' id='word_1_26' title='bbox 385 771 407 813; x_wconf 58' lang='lat'><strong>{5</strong></span> <span class='ocrx_word' id='word_1_27' title='bbox 433 775 517 814; x_wconf 83' lang='lat' dir='ltr'><strong>gidio</strong></span> <span class='ocrx_word' id='word_1_28' title='bbox 529 795 537 808; x_wconf 87' lang='lat'><strong>,</strong></span> <span class='ocrx_word' id='word_1_29' title='bbox 557 776 727 805; x_wconf 69' lang='lat' dir='ltr'><strong>Carneadeo</strong></span> <span class='ocrx_word' id='word_1_30' title='bbox 739 786 823 806; x_wconf 88' lang='lat' dir='ltr'><strong>more</strong></span> <span class='ocrx_word' id='word_1_31' title='bbox 835 775 868 806; x_wconf 86' lang='lat'>&amp;</span> <span class='ocrx_word' id='word_1_32' title='bbox 879 777 974 806; x_wconf 87' lang='lat' dir='ltr'><strong>modo</strong></span> <span class='ocrx_word' id='word_1_33' title='bbox 985 777 1136 816; x_wconf 86' lang='lat' dir='ltr'><strong>disputata.</strong></span> 
     </span>
     <span class='ocr_line' id='line_1_7' title="bbox 326 815 1135 859; baseline 0.002 -13"><span class='ocrx_word' id='word_1_34' title='bbox 326 840 329 851; x_wconf 86' lang='grc'><em>,</em></span> <span class='ocrx_word' id='word_1_35' title='bbox 345 825 350 849; x_wconf 64' lang='lat'>7</span> <span class='ocrx_word' id='word_1_36' title='bbox 384 817 409 842; x_wconf 47' lang='grc' dir='ltr'><strong>’ἔ</strong></span> <span class='ocrx_word' id='word_1_37' title='bbox 435 816 494 846; x_wconf 80' lang='lat' dir='ltr'><strong>fuit</strong></span> <span class='ocrx_word' id='word_1_38' title='bbox 511 819 594 846; x_wconf 86' lang='lat' dir='ltr'><strong>enim</strong></span> <span class='ocrx_word' id='word_1_39' title='bbox 606 818 651 847; x_wconf 90' lang='lat' dir='ltr'><strong>vir</strong></span> <span class='ocrx_word' id='word_1_40' title='bbox 664 818 714 846; x_wconf 89' lang='lat' dir='ltr'><strong>ille</strong></span> <span class='ocrx_word' id='word_1_41' title='bbox 724 815 793 847; x_wconf 75' lang='lat' dir='ltr'><strong>curn</strong></span> <span class='ocrx_word' id='word_1_42' title='bbox 804 819 910 847; x_wconf 87' lang='lat' dir='ltr'><strong>ceteris</strong></span> <span class='ocrx_word' id='word_1_43' title='bbox 919 818 1032 848; x_wconf 88' lang='lat' dir='ltr'><strong>artibus</strong></span> <span class='ocrx_word' id='word_1_44' title='bbox 1042 839 1050 852; x_wconf 90' lang='lat'>,</span> <span class='ocrx_word' id='word_1_45' title='bbox 1071 829 1135 859; x_wconf 81' lang='lat' dir='ltr'><strong>quae</strong></span> 
     </span>
     <span class='ocr_line' id='line_1_8' title="bbox 389 857 1133 899; baseline 0.005 -13"><span class='ocrx_word' id='word_1_46' title='bbox 389 861 406 887; x_wconf 76' lang='grc'><strong>’,-</strong></span> <span class='ocrx_word' id='word_1_47' title='bbox 437 857 561 897; x_wconf 87' lang='lat' dir='ltr'><strong>quidem</strong></span> <span class='ocrx_word' id='word_1_48' title='bbox 586 858 683 899; x_wconf 68' lang='lat' dir='ltr'><strong>digna:</strong></span> <span class='ocrx_word' id='word_1_49' title='bbox 695 859 789 888; x_wconf 88' lang='lat' dir='ltr'><strong>libero</strong></span> <span class='ocrx_word' id='word_1_50' title='bbox 799 858 912 892; x_wconf 81' lang='lat' dir='ltr'><strong>essent,</strong></span> <span class='ocrx_word' id='word_1_51' title='bbox 935 869 1055 890; x_wconf 86' lang='lat' dir='ltr'><strong>ornatus</strong></span> <span class='ocrx_word' id='word_1_52' title='bbox 1067 870 1133 890; x_wconf 91' lang='lat' dir='ltr'><strong>om-</strong></span> 
     </span>
     <span class='ocr_line' id='line_1_9' title="bbox 437 899 1135 942; baseline 0.004 -14"><span class='ocrx_word' id='word_1_53' title='bbox 437 899 541 929; x_wconf 77' lang='lat' dir='ltr'><strong>nibus.</strong></span> <span class='ocrx_word' id='word_1_54' title='bbox 566 909 629 929; x_wconf 87' lang='lat' dir='ltr'><strong>tum</strong></span> <span class='ocrx_word' id='word_1_55' title='bbox 649 900 915 941; x_wconf 84' lang='lat' dir='ltr'><strong>acerinvestigatoi·</strong></span> <span class='ocrx_word' id='word_1_56' title='bbox 931 922 939 934; x_wconf 88' lang='lat'>,</span> <span class='ocrx_word' id='word_1_57' title='bbox 960 902 993 932; x_wconf 68' lang='grc' dir='ltr'><strong>ὃς</strong></span> <span class='ocrx_word' id='word_1_58' title='bbox 1007 901 1135 942; x_wconf 86' lang='lat' dir='ltr'><strong>diligens</strong></span> 
     </span>
     <span class='ocr_line' id='line_1_10' title="bbox 174 940 1134 983; baseline 0.003 -13"><span class='ocrx_word' id='word_1_59' title='bbox 174 953 277 975; x_wconf 71' lang='lat' dir='ltr'><strong>earum</strong></span> <span class='ocrx_word' id='word_1_60' title='bbox 301 953 423 974; x_wconf 79' lang='lat' dir='ltr'><strong>rerum,</strong></span> <span class='ocrx_word' id='word_1_61' title='bbox 446 951 511 981; x_wconf 83' lang='lat' dir='ltr'><strong>qiiae</strong></span> <span class='ocrx_word' id='word_1_62' title='bbox 530 940 546 971; x_wconf 78' lang='lat' dir='ltr'><strong>a</strong></span> <span class='ocrx_word' id='word_1_63' title='bbox 570 951 672 972; x_wconf 86' lang='lat' dir='ltr'><strong>natura</strong></span> <span class='ocrx_word' id='word_1_64' title='bbox 683 941 813 970; x_wconf 65' lang='lat' dir='ltr'><strong>involute</strong></span> <span class='ocrx_word' id='word_1_65' title='bbox 823 943 971 973; x_wconf 86' lang='lat' dir='ltr'><strong>videntur.</strong></span> <span class='ocrx_word' id='word_1_66' title='bbox 993 945 1134 983; x_wconf 83' lang='lat' dir='ltr'><strong>Demque</strong></span> 
     </span>
     <span class='ocr_line' id='line_1_11' title="bbox 175 983 1132 1025; baseline 0.001 -11"><span class='ocrx_word' id='word_1_67' title='bbox 175 984 213 1015; x_wconf 86' lang='lat' dir='ltr'><strong>fic</strong></span> <span class='ocrx_word' id='word_1_68' title='bbox 225 986 326 1021; x_wconf 76' lang='lat' dir='ltr'><strong>iudico</strong></span> <span class='ocrx_word' id='word_1_69' title='bbox 339 1006 347 1019; x_wconf 90' lang='lat'>,</span> <span class='ocrx_word' id='word_1_70' title='bbox 369 983 434 1025; x_wconf 80' lang='lat' dir='ltr'><strong>post</strong></span> <span class='ocrx_word' id='word_1_71' title='bbox 445 985 513 1012; x_wconf 80' lang='lat' dir='ltr'><strong>iilos</strong></span> <span class='ocrx_word' id='word_1_72' title='bbox 524 983 655 1013; x_wconf 88' lang='lat' dir='ltr'><strong>nobileis</strong></span> <span class='ocrx_word' id='word_1_73' title='bbox 666 986 862 1024; x_wconf 76' lang='lat' dir='ltr'><strong>Pythagoreos</strong></span> <span class='ocrx_word' id='word_1_74' title='bbox 872 1003 882 1018; x_wconf 84' lang='lat'>‚</span> <span class='ocrx_word' id='word_1_75' title='bbox 902 994 1033 1025; x_wconf 87' lang='lat' dir='ltr'><strong>quorum</strong></span> <span class='ocrx_word' id='word_1_76' title='bbox 1044 985 1132 1015; x_wconf 86' lang='lat' dir='ltr'><strong>disci-</strong></span> 
     </span>
     <span class='ocr_line' id='line_1_12' title="bbox 171 1022 1133 1067; baseline -0.001 -10"><span class='ocrx_word' id='word_1_77' title='bbox 171 1022 257 1067; x_wconf 78' lang='lat' dir='ltr'><strong>plina</strong></span> <span class='ocrx_word' id='word_1_78' title='bbox 278 1027 424 1058; x_wconf 64' lang='lat' dir='ltr'><strong>exstintsta</strong></span> <span class='ocrx_word' id='word_1_79' title='bbox 441 1023 483 1054; x_wconf 78' lang='lat' dir='ltr'><strong>est</strong></span> <span class='ocrx_word' id='word_1_80' title='bbox 507 1025 756 1065; x_wconf 77' lang='lat' dir='ltr'><strong>quodammodo,</strong></span> <span class='ocrx_word' id='word_1_81' title='bbox 779 1024 848 1055; x_wconf 78' lang='lat' dir='ltr'><strong>cum</strong></span> <span class='ocrx_word' id='word_1_82' title='bbox 861 1026 975 1067; x_wconf 88' lang='lat' dir='ltr'><strong>aliquot</strong></span> <span class='ocrx_word' id='word_1_83' title='bbox 985 1027 1088 1056; x_wconf 72' lang='lat' dir='ltr'><strong>faecula</strong></span> <span class='ocrx_word' id='word_1_84' title='bbox 1101 1028 1133 1056; x_wconf 92' lang='lat' dir='ltr'><strong>in</strong></span> 
     </span>
     <span class='ocr_line' id='line_1_13' title="bbox 171 1064 1133 1109; baseline -0.002 -10"><span class='ocrx_word' id='word_1_85' title='bbox 171 1070 273 1103; x_wconf 84' lang='lat' dir='ltr'><strong>Italia,</strong></span> <span class='ocrx_word' id='word_1_86' title='bbox 287 1072 447 1109; x_wconf 88' lang='lat' dir='ltr'><strong>Siciliaque</strong></span> <span class='ocrx_word' id='word_1_87' title='bbox 457 1064 640 1106; x_wconf 74' lang='lat' dir='ltr'><strong>viguissent3</strong></span> <span class='ocrx_word' id='word_1_88' title='bbox 660 1067 740 1096; x_wconf 87' lang='lat' dir='ltr'><strong>hunc</strong></span> <span class='ocrx_word' id='word_1_89' title='bbox 754 1066 912 1101; x_wconf 79' lang='lat' dir='ltr'><strong>exstitisse,</strong></span> <span class='ocrx_word' id='word_1_90' title='bbox 928 1068 981 1108; x_wconf 89' lang='lat' dir='ltr'><strong>qui</strong></span> <span class='ocrx_word' id='word_1_91' title='bbox 992 1067 1075 1098; x_wconf 80' lang='lat' dir='ltr'><strong>illam</strong></span> <span class='ocrx_word' id='word_1_92' title='bbox 1089 1078 1133 1097; x_wconf 88' lang='lat' dir='ltr'><strong>re-</strong></span> 
     </span>
     <span class='ocr_line' id='line_1_14' title="bbox 171 1107 1133 1152; baseline -0.003 -11"><span class='ocrx_word' id='word_1_93' title='bbox 171 1120 307 1142; x_wconf 87' lang='lat' dir='ltr'><strong>novaret.</strong></span> <span class='ocrx_word' id='word_1_94' title='bbox 331 1113 392 1152; x_wconf 87' lang='lat' dir='ltr'><strong>Qi</strong></span> <span class='ocrx_word' id='word_1_95' title='bbox 402 1109 473 1140; x_wconf 78' lang='lat' dir='ltr'><strong>eum</strong></span> <span class='ocrx_word' id='word_1_96' title='bbox 491 1110 583 1138; x_wconf 85' lang='lat' dir='ltr'><strong>mein</strong></span> <span class='ocrx_word' id='word_1_97' title='bbox 595 1109 732 1138; x_wconf 85' lang='lat' dir='ltr'><strong>Ciliciam</strong></span> <span class='ocrx_word' id='word_1_98' title='bbox 745 1107 984 1147; x_wconf 68' lang='lat' dir='ltr'><strong>proficiscentem</strong></span> <span class='ocrx_word' id='word_1_99' title='bbox 995 1129 1004 1142; x_wconf 93' lang='lat'>‚</span> <span class='ocrx_word' id='word_1_100' title='bbox 1029 1109 1133 1149; x_wconf 86' lang='lat' dir='ltr'><strong>Ephesi</strong></span> 
     </span>
     <span class='ocr_line' id='line_1_15' title="bbox 173 1150 1132 1193; baseline -0.002 -10"><span class='ocrx_word' id='word_1_101' title='bbox 173 1152 400 1193; x_wconf 66' lang='lat' dir='ltr'><strong>exspestaviflet</strong></span> <span class='ocrx_word' id='word_1_102' title='bbox 410 1172 418 1185; x_wconf 93' lang='lat'>‚</span> <span class='ocrx_word' id='word_1_103' title='bbox 430 1153 565 1180; x_wconf 78' lang='lat' dir='ltr'><strong>Romam</strong></span> <span class='ocrx_word' id='word_1_104' title='bbox 576 1160 614 1179; x_wconf 85' lang='lat' dir='ltr'><strong>ex</strong></span> <span class='ocrx_word' id='word_1_105' title='bbox 626 1150 773 1190; x_wconf 83' lang='lat' dir='ltr'>legatione</span> <span class='ocrx_word' id='word_1_106' title='bbox 784 1150 846 1189; x_wconf 88' lang='lat' dir='ltr'><strong>ipse</strong></span> <span class='ocrx_word' id='word_1_107' title='bbox 856 1150 1003 1180; x_wconf 81' lang='lat' dir='ltr'><strong>decedens</strong></span> <span class='ocrx_word' id='word_1_108' title='bbox 1017 1152 1132 1181; x_wconf 88' lang='lat' dir='ltr'><strong>:venis-</strong></span> 
     </span>
     <span class='ocr_line' id='line_1_16' title="bbox 170 1191 1135 1236; baseline -0.002 -11"><span class='ocrx_word' id='word_1_109' title='bbox 170 1195 272 1236; x_wconf 76' lang='lat' dir='ltr'><strong>setque</strong></span> <span class='ocrx_word' id='word_1_110' title='bbox 291 1195 400 1225; x_wconf 85' lang='lat' dir='ltr'><strong>eodem</strong></span> <span class='ocrx_word' id='word_1_111' title='bbox 423 1192 582 1231; x_wconf 82' lang='lat' dir='ltr'><strong>Mitylenis</strong></span> <span class='ocrx_word' id='word_1_112' title='bbox 601 1194 663 1221; x_wconf 89' lang='lat' dir='ltr'><strong>mei</strong></span> <span class='ocrx_word' id='word_1_113' title='bbox 682 1191 846 1226; x_wconf 72' lang='lat' dir='ltr'><strong>salutandi,</strong></span> <span class='ocrx_word' id='word_1_114' title='bbox 868 1192 901 1222; x_wconf 90' lang='lat'>&amp;</span> <span class='ocrx_word' id='word_1_115' title='bbox 919 1192 1034 1223; x_wconf 71' lang='lat' dir='ltr'><strong>visendi</strong></span> <span class='ocrx_word' id='word_1_116' title='bbox 1052 1193 1135 1223; x_wconf 86' lang='lat' dir='ltr'><strong>causa</strong></span> 
     </span>
     <span class='ocr_line' id='line_1_17' title="bbox 173 1234 1133 1277; baseline -0.002 -11"><span class='ocrx_word' id='word_1_117' title='bbox 173 1239 346 1277; x_wconf 87' lang='lat' dir='ltr'><strong>Cratippus,</strong></span> <span class='ocrx_word' id='word_1_118' title='bbox 367 1235 631 1274; x_wconf 67' lang='lat' dir='ltr'><strong>Peripateticorum</strong></span> <span class='ocrx_word' id='word_1_119' title='bbox 652 1235 796 1263; x_wconf 89' lang='lat' dir='ltr'><strong>omniurn</strong></span> <span class='ocrx_word' id='word_1_120' title='bbox 809 1253 816 1267; x_wconf 86' lang='lat'><em>,</em></span> <span class='ocrx_word' id='word_1_121' title='bbox 835 1243 912 1274; x_wconf 85' lang='lat' dir='ltr'><strong>quos</strong></span> <span class='ocrx_word' id='word_1_122' title='bbox 933 1234 1058 1274; x_wconf 89' lang='lat' dir='ltr'><strong>quidem</strong></span> <span class='ocrx_word' id='word_1_123' title='bbox 1078 1245 1133 1274; x_wconf 92' lang='lat' dir='ltr'><strong>ego</strong></span> 
     </span>
     <span class='ocr_line' id='line_1_18' title="bbox 171 1274 1133 1315; baseline -0.003 -6"><span class='ocrx_word' id='word_1_124' title='bbox 171 1279 353 1311; x_wconf 83' lang='lat' dir='ltr'><strong>audiverim,</strong></span> <span class='ocrx_word' id='word_1_125' title='bbox 367 1287 437 1307; x_wconf 89' lang='lat' dir='ltr'><strong>meo</strong></span> <span class='ocrx_word' id='word_1_126' title='bbox 447 1275 562 1315; x_wconf 84' lang='lat' dir='ltr'><strong>judicio</strong></span> <span class='ocrx_word' id='word_1_127' title='bbox 571 1274 660 1305; x_wconf 76' lang='lat' dir='ltr'><strong>facile</strong></span> <span class='ocrx_word' id='word_1_128' title='bbox 671 1277 826 1315; x_wconf 83' lang='lat' dir='ltr'><strong>princeps:</strong></span> <span class='ocrx_word' id='word_1_129' title='bbox 839 1276 1019 1315; x_wconf 66' lang='lat' dir='ltr'><strong>perlibenter</strong></span> <span class='ocrx_word' id='word_1_130' title='bbox 1031 1276 1063 1306; x_wconf 87' lang='lat'>&amp;</span> <span class='ocrx_word' id='word_1_131' title='bbox 1075 1279 1133 1306; x_wconf 91' lang='lat' dir='ltr'><strong>Ni-</strong></span> 
     </span>
     <span class='ocr_line' id='line_1_19' title="bbox 171 1317 1131 1361; baseline -0.003 -11"><span class='ocrx_word' id='word_1_132' title='bbox 171 1320 290 1361; x_wconf 85' lang='lat' dir='ltr'><strong>gidium</strong></span> <span class='ocrx_word' id='word_1_133' title='bbox 301 1319 365 1350; x_wconf 90' lang='lat' dir='ltr'><strong>vidi</strong></span> <span class='ocrx_word' id='word_1_134' title='bbox 379 1339 387 1352; x_wconf 88' lang='lat'><em>,</em></span> <span class='ocrx_word' id='word_1_135' title='bbox 411 1318 444 1348; x_wconf 90' lang='lat'>&amp;</span> <span class='ocrx_word' id='word_1_136' title='bbox 455 1319 628 1357; x_wconf 78' lang='lat' dir='ltr'><strong>Cratippum</strong></span> <span class='ocrx_word' id='word_1_137' title='bbox 643 1317 785 1357; x_wconf 85' lang='lat' dir='ltr'><strong>cognovi.</strong></span> <span class='ocrx_word' id='word_1_138' title='bbox 810 1319 853 1347; x_wconf 87' lang='lat' dir='ltr'><strong>Ac</strong></span> <span class='ocrx_word' id='word_1_139' title='bbox 863 1320 996 1356; x_wconf 86' lang='lat' dir='ltr'><strong>primum</strong></span> <span class='ocrx_word' id='word_1_140' title='bbox 1008 1318 1131 1358; x_wconf 86' lang='lat' dir='ltr'><strong>quidem</strong></span> 
     </span>
     <span class='ocr_line' id='line_1_20' title="bbox 172 1359 1133 1402; baseline -0.001 -11"><span class='ocrx_word' id='word_1_141' title='bbox 172 1371 292 1402; x_wconf 90' lang='lat' dir='ltr'><strong>tempus</strong></span> <span class='ocrx_word' id='word_1_142' title='bbox 307 1360 534 1393; x_wconf 76' lang='lat' dir='ltr'><strong>salutationibus</strong></span> <span class='ocrx_word' id='word_1_143' title='bbox 547 1378 556 1394; x_wconf 85' lang='lat'>,</span> <span class='ocrx_word' id='word_1_144' title='bbox 576 1359 726 1400; x_wconf 87' lang='lat' dir='ltr'><strong>reliquum</strong></span> <span class='ocrx_word' id='word_1_145' title='bbox 735 1359 981 1399; x_wconf 64' lang='lat' dir='ltr'><strong>percuneltatione</strong></span> <span class='ocrx_word' id='word_1_146' title='bbox 991 1360 1133 1390; x_wconf 87' lang='lat' dir='ltr'><strong>consum-</strong></span> 
     </span>
     <span class='ocr_line' id='line_1_21' title="bbox 173 1402 276 1434; baseline -0.01 -1"><span class='ocrx_word' id='word_1_147' title='bbox 173 1402 276 1434; x_wconf 86' lang='lat' dir='ltr'><strong>fimus.</strong></span> 
     </span>
    </p>
   </div>
   <div class='ocr_carea' id='block_1_5' title="bbox 172 693 415 934">
    <p class='ocr_par' dir='ltr' id='par_1_5' title="bbox 172 693 415 934">
     <span class='ocr_line' id='line_1_22' title="bbox 292 693 408 778; baseline 0 -29"><span class='ocrx_word' id='word_1_148' title='bbox 292 693 388 778; x_wconf 95' lang='lat' dir='ltr'><strong>   </strong></span> <span class='ocrx_word' id='word_1_149' title='bbox 407 740 408 749; x_wconf 95' lang='lat' dir='ltr'><strong> </strong></span> 
     </span>
     <span class='ocr_line' id='line_1_23' title="bbox 172 778 415 934; baseline 0 -96"><span class='ocrx_word' id='word_1_150' title='bbox 172 778 415 934; x_wconf 95' lang='lat' dir='ltr'><strong>  </strong></span> 
     </span>
    </p>
   </div>
   <div class='ocr_carea' id='block_1_6' title="bbox 172 693 224 778">
    <p class='ocr_par' dir='ltr' id='par_1_6' title="bbox 172 693 224 778">
     <span class='ocr_line' id='line_1_24' title="bbox 172 693 224 778; baseline 0 2622"><span class='ocrx_word' id='word_1_151' title='bbox 172 693 224 778; x_wconf 95' lang='lat' dir='ltr'><strong> </strong></span> 
     </span>
    </p>
   </div>
   <div class='ocr_carea' id='block_1_7' title="bbox 134 1442 1134 3107">
    <p class='ocr_par' dir='ltr' id='par_1_7' title="bbox 533 1442 770 1482">
     <span class='ocr_line' id='line_1_25' title="bbox 533 1442 770 1482; baseline -0.004 -10"><span class='ocrx_word' id='word_1_152' title='bbox 533 1443 649 1482; x_wconf 76' lang='lat' dir='ltr'><strong>Desunt</strong></span> <span class='ocrx_word' id='word_1_153' title='bbox 667 1442 770 1472; x_wconf 79' lang='lat' dir='ltr'><strong>multa.</strong></span> 
     </span>
    </p>

    <p class='ocr_par' dir='ltr' id='par_1_8' title="bbox 134 1483 1134 3107">
     <span class='ocr_line' id='line_1_26' title="bbox 134 1483 1132 1528; baseline -0.003 -11"><span class='ocrx_word' id='word_1_154' title='bbox 134 1495 155 1521; x_wconf 89' lang='lat'>2</span> <span class='ocrx_word' id='word_1_155' title='bbox 212 1486 296 1528; x_wconf 85' lang='lat' dir='ltr'><strong>Qid</strong></span> <span class='ocrx_word' id='word_1_156' title='bbox 307 1485 359 1520; x_wconf 88' lang='lat' dir='ltr'><strong>est,</strong></span> <span class='ocrx_word' id='word_1_157' title='bbox 372 1484 453 1527; x_wconf 89' lang='lat' dir='ltr'><strong>quod</strong></span> <span class='ocrx_word' id='word_1_158' title='bbox 464 1484 578 1523; x_wconf 84' lang='lat' dir='ltr'><strong>semper</strong></span> <span class='ocrx_word' id='word_1_159' title='bbox 590 1483 623 1513; x_wconf 90' lang='lat' dir='ltr'><strong>sit</strong></span> <span class='ocrx_word' id='word_1_160' title='bbox 633 1503 642 1516; x_wconf 91' lang='lat'><strong>,</strong></span> <span class='ocrx_word' id='word_1_161' title='bbox 656 1493 753 1524; x_wconf 76' lang='lat' dir='ltr'><strong>neque</strong></span> <span class='ocrx_word' id='word_1_162' title='bbox 765 1484 862 1515; x_wconf 90' lang='lat' dir='ltr'><strong>ullum</strong></span> <span class='ocrx_word' id='word_1_163' title='bbox 875 1484 962 1515; x_wconf 84' lang='lat' dir='ltr'><strong>habet</strong></span> <span class='ocrx_word' id='word_1_164' title='bbox 970 1492 1084 1519; x_wconf 83' lang='lat' dir='ltr'><strong>ortum,</strong></span> <span class='ocrx_word' id='word_1_165' title='bbox 1100 1484 1132 1515; x_wconf 71' lang='grc' dir='ltr'><strong>ὃς</strong></span> 
     </span>
     <span class='ocr_line' id='line_1_27' title="bbox 168 1523 1131 1570; baseline -0.003 -11"><span class='ocrx_word' id='word_1_166' title='bbox 168 1530 253 1570; x_wconf 90' lang='lat' dir='ltr'><strong>quod</strong></span> <span class='ocrx_word' id='word_1_167' title='bbox 263 1537 418 1570; x_wconf 82' lang='lat' dir='ltr'><strong>gignatur,</strong></span> <span class='ocrx_word' id='word_1_168' title='bbox 431 1535 486 1556; x_wconf 84' lang='lat' dir='ltr'><strong>nec</strong></span> <span class='ocrx_word' id='word_1_169' title='bbox 496 1523 708 1565; x_wconf 22' lang='lat' dir='ltr'><strong>umquamrfit?</strong></span> <span class='ocrx_word' id='word_1_170' title='bbox 727 1527 866 1565; x_wconf 87' lang='lat' dir='ltr'><strong>Qorum</strong></span> <span class='ocrx_word' id='word_1_171' title='bbox 878 1527 1005 1555; x_wconf 84' lang='lat' dir='ltr'><strong>alterurn</strong></span> <span class='ocrx_word' id='word_1_172' title='bbox 1018 1527 1131 1556; x_wconf 88' lang='lat' dir='ltr'><strong>intelli—</strong></span> 
     </span>
     <span class='ocr_line' id='line_1_28' title="bbox 168 1565 1132 1611; baseline -0.004 -11"><span class='ocrx_word' id='word_1_173' title='bbox 168 1572 270 1611; x_wconf 86' lang='lat' dir='ltr'><strong>gentia</strong></span> <span class='ocrx_word' id='word_1_174' title='bbox 279 1589 288 1603; x_wconf 93' lang='lat'>,</span> <span class='ocrx_word' id='word_1_175' title='bbox 309 1570 342 1600; x_wconf 92' lang='lat'>&amp;</span> <span class='ocrx_word' id='word_1_176' title='bbox 365 1570 480 1598; x_wconf 90' lang='lat' dir='ltr'><strong>ratione</strong></span> <span class='ocrx_word' id='word_1_177' title='bbox 500 1565 788 1606; x_wconf 70' lang='lat' dir='ltr'><strong>comprehenditur:</strong></span> <span class='ocrx_word' id='word_1_178' title='bbox 808 1566 889 1606; x_wconf 89' lang='lat' dir='ltr'><strong>quod</strong></span> <span class='ocrx_word' id='word_1_179' title='bbox 901 1576 996 1596; x_wconf 88' lang='lat' dir='ltr'><strong>unum</strong></span> <span class='ocrx_word' id='word_1_180' title='bbox 1006 1567 1132 1606; x_wconf 85' lang='lat' dir='ltr'><strong>semper,</strong></span> 
     </span>
     <span class='ocr_line' id='line_1_29' title="bbox 167 1606 1133 1652; baseline -0.004 -10"><span class='ocrx_word' id='word_1_181' title='bbox 167 1620 257 1652; x_wconf 80' lang='lat' dir='ltr'><strong>atque</strong></span> <span class='ocrx_word' id='word_1_182' title='bbox 269 1611 350 1641; x_wconf 88' lang='lat' dir='ltr'><strong>idem</strong></span> <span class='ocrx_word' id='word_1_183' title='bbox 361 1609 404 1640; x_wconf 88' lang='lat' dir='ltr'><strong>est</strong></span> <span class='ocrx_word' id='word_1_184' title='bbox 416 1621 420 1638; x_wconf 90' lang='lat'>:</span> <span class='ocrx_word' id='word_1_185' title='bbox 431 1609 570 1641; x_wconf 85' lang='lat' dir='ltr'><strong>alterum,</strong></span> <span class='ocrx_word' id='word_1_186' title='bbox 582 1607 663 1648; x_wconf 90' lang='lat' dir='ltr'><strong>quod</strong></span> <span class='ocrx_word' id='word_1_187' title='bbox 674 1606 758 1637; x_wconf 84' lang='lat' dir='ltr'><strong>affert</strong></span> <span class='ocrx_word' id='word_1_188' title='bbox 769 1608 949 1647; x_wconf 81' lang='lat' dir='ltr'><strong>opinionem</strong></span> <span class='ocrx_word' id='word_1_189' title='bbox 961 1617 1013 1647; x_wconf 86' lang='lat' dir='ltr'><strong>per</strong></span> <span class='ocrx_word' id='word_1_190' title='bbox 1023 1608 1133 1642; x_wconf 86' lang='lat' dir='ltr'><strong>sensus,</strong></span> 
     </span>
     <span class='ocr_line' id='line_1_30' title="bbox 171 1647 1134 1691; baseline -0.005 -8"><span class='ocrx_word' id='word_1_191' title='bbox 171 1654 298 1683; x_wconf 87' lang='lat' dir='ltr'><strong>rationis</strong></span> <span class='ocrx_word' id='word_1_192' title='bbox 307 1661 410 1691; x_wconf 85' lang='lat' dir='ltr'><strong>expers</strong></span> <span class='ocrx_word' id='word_1_193' title='bbox 427 1662 431 1679; x_wconf 89' lang='lat'><strong>:</strong></span> <span class='ocrx_word' id='word_1_194' title='bbox 448 1649 535 1690; x_wconf 85' lang='lat' dir='ltr'><strong>quod</strong></span> <span class='ocrx_word' id='word_1_195' title='bbox 543 1658 641 1679; x_wconf 88' lang='lat' dir='ltr'><strong>toturn</strong></span> <span class='ocrx_word' id='word_1_196' title='bbox 652 1648 805 1688; x_wconf 79' lang='lat' dir='ltr'><strong>opinabile</strong></span> <span class='ocrx_word' id='word_1_197' title='bbox 815 1647 858 1678; x_wconf 88' lang='lat' dir='ltr'><strong>est</strong></span> <span class='ocrx_word' id='word_1_198' title='bbox 869 1668 877 1681; x_wconf 89' lang='lat'>,</span> <span class='ocrx_word' id='word_1_199' title='bbox 899 1649 928 1678; x_wconf 91' lang='lat' dir='ltr'><strong>id</strong></span> <span class='ocrx_word' id='word_1_200' title='bbox 939 1651 1072 1689; x_wconf 86' lang='lat' dir='ltr'><strong>gignitur</strong></span> <span class='ocrx_word' id='word_1_201' title='bbox 1081 1669 1089 1683; x_wconf 91' lang='lat'>‚</span> <span class='ocrx_word' id='word_1_202' title='bbox 1102 1650 1134 1680; x_wconf 91' lang='lat'>&amp;</span> 
     </span>
     <span class='ocr_line' id='line_1_31' title="bbox 170 1688 1134 1732; baseline -0.004 -7"><span class='ocrx_word' id='word_1_203' title='bbox 170 1696 274 1725; x_wconf 87' lang='lat' dir='ltr'><strong>interit</strong></span> <span class='ocrx_word' id='word_1_204' title='bbox 288 1714 297 1727; x_wconf 93' lang='lat'><strong><em>,</em></strong></span> <span class='ocrx_word' id='word_1_205' title='bbox 317 1703 372 1723; x_wconf 90' lang='lat' dir='ltr'><strong>nec</strong></span> <span class='ocrx_word' id='word_1_206' title='bbox 398 1700 544 1732; x_wconf 89' lang='lat' dir='ltr'><strong>umquam</strong></span> <span class='ocrx_word' id='word_1_207' title='bbox 555 1688 612 1720; x_wconf 83' lang='lat' dir='ltr'><strong>effe</strong></span> <span class='ocrx_word' id='word_1_208' title='bbox 622 1690 694 1719; x_wconf 72' lang='lat' dir='ltr'><strong>vere</strong></span> <span class='ocrx_word' id='word_1_209' title='bbox 707 1688 811 1729; x_wconf 87' lang='lat' dir='ltr'><strong>potest.</strong></span> <span class='ocrx_word' id='word_1_210' title='bbox 835 1691 934 1719; x_wconf 91' lang='lat' dir='ltr'><strong>Omne</strong></span> <span class='ocrx_word' id='word_1_211' title='bbox 943 1700 1042 1720; x_wconf 87' lang='lat' dir='ltr'><strong>autem</strong></span> <span class='ocrx_word' id='word_1_212' title='bbox 1053 1692 1134 1731; x_wconf 92' lang='lat' dir='ltr'><strong>quod</strong></span> 
     </span>
     <span class='ocr_line' id='line_1_32' title="bbox 170 1729 1133 1777; baseline -0.004 -11"><span class='ocrx_word' id='word_1_213' title='bbox 170 1738 303 1777; x_wconf 87' lang='lat' dir='ltr'><strong>gignitur</strong></span> <span class='ocrx_word' id='word_1_214' title='bbox 313 1755 322 1769; x_wconf 86' lang='lat'>‚</span> <span class='ocrx_word' id='word_1_215' title='bbox 332 1744 371 1764; x_wconf 84' lang='lat' dir='ltr'><strong>ex</strong></span> <span class='ocrx_word' id='word_1_216' title='bbox 380 1734 477 1774; x_wconf 91' lang='lat' dir='ltr'><strong>aliqua</strong></span> <span class='ocrx_word' id='word_1_217' title='bbox 489 1732 571 1762; x_wconf 86' lang='lat' dir='ltr'><strong>causa</strong></span> <span class='ocrx_word' id='word_1_218' title='bbox 580 1732 663 1771; x_wconf 83' lang='lat' dir='ltr'><strong>gigni</strong></span> <span class='ocrx_word' id='word_1_219' title='bbox 675 1729 790 1761; x_wconf 86' lang='lat' dir='ltr'><strong>necess&#39;e</strong></span> <span class='ocrx_word' id='word_1_220' title='bbox 801 1730 852 1761; x_wconf 88' lang='lat' dir='ltr'><strong>est.</strong></span> <span class='ocrx_word' id='word_1_221' title='bbox 865 1731 978 1761; x_wconf 82' lang='lat' dir='ltr'><strong>nullius</strong></span> <span class='ocrx_word' id='word_1_222' title='bbox 987 1733 1071 1761; x_wconf 87' lang='lat' dir='ltr'><strong>enim</strong></span> <span class='ocrx_word' id='word_1_223' title='bbox 1080 1734 1133 1766; x_wconf 86' lang='lat' dir='ltr'><strong>rei,</strong></span> 
     </span>
     <span class='ocr_line' id='line_1_33' title="bbox 171 1771 1134 1814; baseline -0.004 -7"><span class='ocrx_word' id='word_1_224' title='bbox 171 1777 257 1808; x_wconf 87' lang='lat' dir='ltr'><strong>causa</strong></span> <span class='ocrx_word' id='word_1_225' title='bbox 274 1785 411 1809; x_wconf 78' lang='lat' dir='ltr'><strong>remota,</strong></span> <span class='ocrx_word' id='word_1_226' title='bbox 432 1776 552 1814; x_wconf 85' lang='lat' dir='ltr'><strong>reperiri</strong></span> <span class='ocrx_word' id='word_1_227' title='bbox 570 1782 655 1813; x_wconf 90' lang='lat' dir='ltr'><strong>origo</strong></span> <span class='ocrx_word' id='word_1_228' title='bbox 678 1771 785 1812; x_wconf 80' lang='lat' dir='ltr'><strong>potest.</strong></span> <span class='ocrx_word' id='word_1_229' title='bbox 809 1775 958 1814; x_wconf 84' lang='lat' dir='ltr'><strong>roirca</strong></span> <span class='ocrx_word' id='word_1_230' title='bbox 975 1771 995 1801; x_wconf 88' lang='lat' dir='ltr'>fi</span> <span class='ocrx_word' id='word_1_231' title='bbox 1018 1775 1043 1802; x_wconf 93' lang='lat' dir='ltr'><strong>is</strong></span> <span class='ocrx_word' id='word_1_232' title='bbox 1056 1793 1064 1807; x_wconf 89' lang='lat'>‚</span> <span class='ocrx_word' id='word_1_233' title='bbox 1082 1776 1134 1813; x_wconf 90' lang='lat' dir='ltr'><strong>qui</strong></span> 
     </span>
     <span class='ocr_line' id='line_1_34' title="bbox 171 1813 1134 1860; baseline -0.004 -11"><span class='ocrx_word' id='word_1_234' title='bbox 171 1818 422 1860; x_wconf 77' lang='lat' dir='ltr'><strong>aliquodmunus</strong></span> <span class='ocrx_word' id='word_1_235' title='bbox 431 1815 546 1846; x_wconf 78' lang='lat' dir='ltr'><strong>efficere</strong></span> <span class='ocrx_word' id='word_1_236' title='bbox 558 1816 684 1844; x_wconf 90' lang='lat' dir='ltr'><strong>molitur</strong></span> <span class='ocrx_word' id='word_1_237' title='bbox 695 1834 704 1847; x_wconf 88' lang='lat'>‚</span> <span class='ocrx_word' id='word_1_238' title='bbox 716 1823 781 1843; x_wconf 86' lang='lat' dir='ltr'><strong>eam</strong></span> <span class='ocrx_word' id='word_1_239' title='bbox 793 1813 934 1854; x_wconf 88' lang='lat' dir='ltr'><strong>speciem,</strong></span> <span class='ocrx_word' id='word_1_240' title='bbox 944 1824 1008 1854; x_wconf 82' lang='lat' dir='ltr'><strong>quae</strong></span> <span class='ocrx_word' id='word_1_241' title='bbox 1020 1815 1134 1854; x_wconf 84' lang='lat' dir='ltr'><strong>semper</strong></span> 
     </span>
     <span class='ocr_line' id='line_1_35' title="bbox 172 1855 1132 1897; baseline -0.005 -6"><span class='ocrx_word' id='word_1_242' title='bbox 172 1860 216 1891; x_wconf 92' lang='lat' dir='ltr'><strong>est</strong></span> <span class='ocrx_word' id='word_1_243' title='bbox 224 1860 327 1890; x_wconf 88' lang='lat' dir='ltr'><strong>eadem</strong></span> <span class='ocrx_word' id='word_1_244' title='bbox 341 1879 351 1893; x_wconf 82' lang='grc'>,</span> <span class='ocrx_word' id='word_1_245' title='bbox 368 1858 533 1889; x_wconf 76' lang='lat' dir='ltr'><strong>intuebitur</strong></span> <span class='ocrx_word' id='word_1_246' title='bbox 544 1876 553 1890; x_wconf 81' lang='lat'>‚</span> <span class='ocrx_word' id='word_1_247' title='bbox 572 1865 659 1897; x_wconf 88' lang='lat' dir='ltr'><strong>atque</strong></span> <span class='ocrx_word' id='word_1_248' title='bbox 670 1865 735 1886; x_wconf 87' lang='lat' dir='ltr'><strong>eam</strong></span> <span class='ocrx_word' id='word_1_249' title='bbox 750 1855 802 1885; x_wconf 83' lang='lat' dir='ltr'><strong>sibi</strong></span> <span class='ocrx_word' id='word_1_250' title='bbox 812 1865 959 1896; x_wconf 86' lang='lat' dir='ltr'><strong>proponet</strong></span> <span class='ocrx_word' id='word_1_251' title='bbox 969 1858 1132 1896; x_wconf 87' lang='lat' dir='ltr'><strong>exemplar,</strong></span> 
     </span>
     <span class='ocr_line' id='line_1_36' title="bbox 172 1895 1132 1943; baseline -0.006 -10"><span class='ocrx_word' id='word_1_252' title='bbox 172 1903 346 1943; x_wconf 67' lang='lat' dir='ltr'><strong>praeclarum</strong></span> <span class='ocrx_word' id='word_1_253' title='bbox 369 1910 445 1940; x_wconf 77' lang='lat' dir='ltr'><strong>opus</strong></span> <span class='ocrx_word' id='word_1_254' title='bbox 461 1897 568 1928; x_wconf 70' lang='lat' dir='ltr'><strong>efficiat</strong></span> <span class='ocrx_word' id='word_1_255' title='bbox 579 1895 694 1928; x_wconf 81' lang='lat' dir='ltr'><strong>necesse</strong></span> <span class='ocrx_word' id='word_1_256' title='bbox 707 1895 762 1926; x_wconf 83' lang='lat' dir='ltr'><strong>est·</strong></span> <span class='ocrx_word' id='word_1_257' title='bbox 773 1895 816 1927; x_wconf 87' lang='lat' dir='ltr'><strong>sin</strong></span> <span class='ocrx_word' id='word_1_258' title='bbox 828 1907 926 1927; x_wconf 87' lang='lat' dir='ltr'><strong>autem</strong></span> <span class='ocrx_word' id='word_1_259' title='bbox 939 1898 1023 1928; x_wconf 90' lang='lat' dir='ltr'><strong>illam</strong></span> <span class='ocrx_word' id='word_1_260' title='bbox 1038 1918 1046 1931; x_wconf 85' lang='lat'><strong><em>,</em></strong></span> <span class='ocrx_word' id='word_1_261' title='bbox 1067 1909 1132 1939; x_wconf 84' lang='lat' dir='ltr'><strong>quae</strong></span> 
     </span>
     <span class='ocr_line' id='line_1_37' title="bbox 173 1939 1132 1985; baseline -0.004 -11"><span class='ocrx_word' id='word_1_262' title='bbox 173 1946 305 1985; x_wconf 82' lang='lat' dir='ltr'><strong>gignitur</strong></span> <span class='ocrx_word' id='word_1_263' title='bbox 317 1951 502 1982; x_wconf 87' lang='lat' dir='ltr'><strong>:numquam</strong></span> <span class='ocrx_word' id='word_1_264' title='bbox 516 1941 612 1973; x_wconf 84' lang='lat' dir='ltr'><strong>illam,</strong></span> <span class='ocrx_word' id='word_1_265' title='bbox 623 1949 711 1979; x_wconf 81' lang='lat' dir='ltr'><strong>quarn</strong></span> <span class='ocrx_word' id='word_1_266' title='bbox 727 1948 863 1978; x_wconf 81' lang='lat' dir='ltr'><strong>expetet,</strong></span> <span class='ocrx_word' id='word_1_267' title='bbox 875 1939 1132 1979; x_wconf 80' lang='lat' dir='ltr'><strong>pulchritudinem</strong></span> 
     </span>
     <span class='ocr_line' id='line_1_38' title="bbox 173 1979 1132 2025; baseline -0.004 -9"><span class='ocrx_word' id='word_1_268' title='bbox 173 1986 383 2025; x_wconf 84' lang='lat' dir='ltr'><strong>consequetur.</strong></span> <span class='ocrx_word' id='word_1_269' title='bbox 405 1986 505 2013; x_wconf 80' lang='lat' dir='ltr'><strong>Omne</strong></span> <span class='ocrx_word' id='word_1_270' title='bbox 515 1984 605 2023; x_wconf 83' lang='lat' dir='ltr'><strong>igitur</strong></span> <span class='ocrx_word' id='word_1_271' title='bbox 615 1982 727 2011; x_wconf 82' lang='lat' dir='ltr'><strong>coelum</strong></span> <span class='ocrx_word' id='word_1_272' title='bbox 743 2001 751 2015; x_wconf 86' lang='lat'>‚</span> <span class='ocrx_word' id='word_1_273' title='bbox 764 1979 821 2011; x_wconf 82' lang='lat' dir='ltr'><strong>five</strong></span> <span class='ocrx_word' id='word_1_274' title='bbox 832 1980 976 2015; x_wconf 86' lang='lat' dir='ltr'><strong>mundus,</strong></span> <span class='ocrx_word' id='word_1_275' title='bbox 989 1980 1046 2011; x_wconf 91' lang='lat' dir='ltr'><strong>five</strong></span> <span class='ocrx_word' id='word_1_276' title='bbox 1057 1992 1132 2022; x_wconf 88' lang='lat' dir='ltr'><strong>quo-</strong></span> 
     </span>
     <span class='ocr_line' id='line_1_39' title="bbox 172 2022 1133 2066; baseline -0.006 -9"><span class='ocrx_word' id='word_1_277' title='bbox 172 2031 219 2058; x_wconf 80' lang='lat' dir='ltr'><strong>vis</strong></span> <span class='ocrx_word' id='word_1_278' title='bbox 247 2028 308 2058; x_wconf 90' lang='lat' dir='ltr'><strong>alio</strong></span> <span class='ocrx_word' id='word_1_279' title='bbox 329 2025 476 2057; x_wconf 90' lang='lat' dir='ltr'><strong>vocabulo</strong></span> <span class='ocrx_word' id='word_1_280' title='bbox 496 2024 603 2066; x_wconf 80' lang='lat' dir='ltr'><strong>gaudet</strong></span> <span class='ocrx_word' id='word_1_281' title='bbox 624 2043 632 2056; x_wconf 92' lang='lat'><strong>‚</strong></span> <span class='ocrx_word' id='word_1_282' title='bbox 662 2024 720 2052; x_wconf 85' lang='lat' dir='ltr'><strong>hoc</strong></span> <span class='ocrx_word' id='word_1_283' title='bbox 739 2023 754 2053; x_wconf 73' lang='lat' dir='ltr'><strong>a</strong></span> <span class='ocrx_word' id='word_1_284' title='bbox 774 2023 863 2053; x_wconf 87' lang='lat' dir='ltr'><strong>nobis</strong></span> <span class='ocrx_word' id='word_1_285' title='bbox 882 2033 1069 2063; x_wconf 86' lang='lat' dir='ltr'><strong>nuncupatus</strong></span> <span class='ocrx_word' id='word_1_286' title='bbox 1092 2022 1133 2054; x_wconf 84' lang='lat' dir='ltr'><strong>sit.</strong></span> 
     </span>
     <span class='ocr_line' id='line_1_40' title="bbox 169 2063 1132 2109; baseline -0.004 -9"><span class='ocrx_word' id='word_1_287' title='bbox 169 2072 220 2100; x_wconf 89' lang='lat' dir='ltr'><strong>De</strong></span> <span class='ocrx_word' id='word_1_288' title='bbox 239 2079 301 2109; x_wconf 92' lang='lat' dir='ltr'><strong>quo</strong></span> <span class='ocrx_word' id='word_1_289' title='bbox 318 2068 348 2098; x_wconf 87' lang='lat' dir='ltr'><strong>id</strong></span> <span class='ocrx_word' id='word_1_290' title='bbox 366 2065 500 2108; x_wconf 80' lang='lat' dir='ltr'><strong>primurn</strong></span> <span class='ocrx_word' id='word_1_291' title='bbox 523 2063 764 2096; x_wconf 81' lang='lat' dir='ltr'><strong>confideremus,</strong></span> <span class='ocrx_word' id='word_1_292' title='bbox 795 2065 876 2105; x_wconf 89' lang='lat' dir='ltr'><strong>quod</strong></span> <span class='ocrx_word' id='word_1_293' title='bbox 887 2066 1036 2105; x_wconf 86' lang='lat' dir='ltr'><strong>principio</strong></span> <span class='ocrx_word' id='word_1_294' title='bbox 1048 2064 1132 2096; x_wconf 86' lang='lat' dir='ltr'><strong>estin</strong></span> 
     </span>
     <span class='ocr_line' id='line_1_41' title="bbox 171 2106 1130 2151; baseline -0.004 -10"><span class='ocrx_word' id='word_1_295' title='bbox 171 2113 260 2141; x_wconf 88' lang='lat' dir='ltr'><strong>omni</strong></span> <span class='ocrx_word' id='word_1_296' title='bbox 279 2109 445 2151; x_wconf 75' lang='lat' dir='ltr'><strong>quaestione</strong></span> <span class='ocrx_word' id='word_1_297' title='bbox 455 2106 724 2140; x_wconf 85' lang='lat' dir='ltr'><strong>considerandum,</strong></span> <span class='ocrx_word' id='word_1_298' title='bbox 748 2108 902 2146; x_wconf 83' lang='lat' dir='ltr'><strong>semperne</strong></span> <span class='ocrx_word' id='word_1_299' title='bbox 913 2106 1021 2140; x_wconf 78' lang='lat' dir='ltr'><strong>fuerit,</strong></span> <span class='ocrx_word' id='word_1_300' title='bbox 1044 2108 1130 2137; x_wconf 89' lang='lat' dir='ltr'><strong>nullo</strong></span> 
     </span>
     <span class='ocr_line' id='line_1_42' title="bbox 171 2147 1130 2194; baseline -0.004 -11"><span class='ocrx_word' id='word_1_301' title='bbox 171 2154 325 2194; x_wconf 78' lang='lat' dir='ltr'><strong>generatus</strong></span> <span class='ocrx_word' id='word_1_302' title='bbox 336 2161 422 2182; x_wconf 87' lang='lat' dir='ltr'><strong>ortu:</strong></span> <span class='ocrx_word' id='word_1_303' title='bbox 443 2160 481 2180; x_wconf 91' lang='lat' dir='ltr'><strong>an</strong></span> <span class='ocrx_word' id='word_1_304' title='bbox 503 2159 583 2180; x_wconf 82' lang='lat' dir='ltr'><strong>ortus</strong></span> <span class='ocrx_word' id='word_1_305' title='bbox 592 2147 624 2178; x_wconf 86' lang='lat' dir='ltr'><strong>sit</strong></span> <span class='ocrx_word' id='word_1_306' title='bbox 638 2168 646 2181; x_wconf 71' lang='lat'>2</span> <span class='ocrx_word' id='word_1_307' title='bbox 665 2158 700 2177; x_wconf 87' lang='lat' dir='ltr'><strong>an</strong></span> <span class='ocrx_word' id='word_1_308' title='bbox 712 2148 747 2178; x_wconf 84' lang='lat' dir='ltr'><strong>ab</strong></span> <span class='ocrx_word' id='word_1_309' title='bbox 757 2149 858 2189; x_wconf 89' lang='lat' dir='ltr'><strong>aliquo</strong></span> <span class='ocrx_word' id='word_1_310' title='bbox 869 2150 1012 2187; x_wconf 88' lang='lat' dir='ltr'><strong>temporis</strong></span> <span class='ocrx_word' id='word_1_311' title='bbox 1021 2150 1130 2188; x_wconf 87' lang='lat' dir='ltr'><strong>princi-</strong></span> 
     </span>
     <span class='ocr_line' id='line_1_43' title="bbox 172 2190 1133 2235; baseline -0.003 -11"><span class='ocrx_word' id='word_1_312' title='bbox 172 2203 242 2235; x_wconf 81' lang='lat' dir='ltr'><strong>patu</strong></span> <span class='ocrx_word' id='word_1_313' title='bbox 254 2203 336 2224; x_wconf 89' lang='lat' dir='ltr'><strong>ortus</strong></span> <span class='ocrx_word' id='word_1_314' title='bbox 347 2192 389 2223; x_wconf 91' lang='lat' dir='ltr'><strong>est</strong></span> <span class='ocrx_word' id='word_1_315' title='bbox 400 2190 666 2233; x_wconf 70' lang='lat' dir='ltr'><strong>,quandoquidem</strong></span> <span class='ocrx_word' id='word_1_316' title='bbox 677 2192 808 2220; x_wconf 87' lang='lat' dir='ltr'><strong>cernitur</strong></span> <span class='ocrx_word' id='word_1_317' title='bbox 821 2210 828 2223; x_wconf 93' lang='lat'><em>,</em></span> <span class='ocrx_word' id='word_1_318' title='bbox 843 2190 874 2220; x_wconf 90' lang='lat'>&amp;</span> <span class='ocrx_word' id='word_1_319' title='bbox 887 2192 1015 2230; x_wconf 83' lang='lat' dir='ltr'><strong>tangitur</strong></span> <span class='ocrx_word' id='word_1_320' title='bbox 1025 2210 1034 2224; x_wconf 95' lang='lat'>‚</span> <span class='ocrx_word' id='word_1_321' title='bbox 1047 2190 1079 2221; x_wconf 69' lang='grc' dir='ltr'><strong>ὃς</strong></span> <span class='ocrx_word' id='word_1_322' title='bbox 1091 2190 1133 2221; x_wconf 90' lang='lat' dir='ltr'><strong>est</strong></span> 
     </span>
     <span class='ocr_line' id='line_1_44' title="bbox 175 2232 1132 2276; baseline -0.003 -10"><span class='ocrx_word' id='word_1_323' title='bbox 175 2235 311 2276; x_wconf 80' lang='lat' dir='ltr'><strong>undique</strong></span> <span class='ocrx_word' id='word_1_324' title='bbox 329 2243 513 2275; x_wconf 86' lang='lat' dir='ltr'><strong>corporatus.</strong></span> <span class='ocrx_word' id='word_1_325' title='bbox 536 2234 649 2262; x_wconf 89' lang='lat' dir='ltr'><strong>Omnia</strong></span> <span class='ocrx_word' id='word_1_326' title='bbox 664 2240 763 2261; x_wconf 88' lang='lat' dir='ltr'><strong>autem</strong></span> <span class='ocrx_word' id='word_1_327' title='bbox 785 2232 852 2262; x_wconf 85' lang='lat' dir='ltr'><strong>talia</strong></span> <span class='ocrx_word' id='word_1_328' title='bbox 863 2232 980 2262; x_wconf 85' lang='lat' dir='ltr'><strong>sensum</strong></span> <span class='ocrx_word' id='word_1_329' title='bbox 995 2242 1132 2263; x_wconf 87' lang='lat' dir='ltr'><strong>movent:</strong></span> 
     </span>
     <span class='ocr_line' id='line_1_45' title="bbox 172 2270 1132 2318; baseline -0.004 -10"><span class='ocrx_word' id='word_1_330' title='bbox 172 2274 333 2318; x_wconf 85' lang='lat' dir='ltr'><strong>sensusque</strong></span> <span class='ocrx_word' id='word_1_331' title='bbox 352 2270 508 2306; x_wconf 87' lang='lat' dir='ltr'><strong>moventia</strong></span> <span class='ocrx_word' id='word_1_332' title='bbox 525 2285 591 2316; x_wconf 84' lang='lat' dir='ltr'><strong>quae</strong></span> <span class='ocrx_word' id='word_1_333' title='bbox 613 2274 680 2304; x_wconf 88' lang='lat' dir='ltr'><strong>sunt</strong></span> <span class='ocrx_word' id='word_1_334' title='bbox 692 2293 699 2306; x_wconf 85' lang='lat'>‚</span> <span class='ocrx_word' id='word_1_335' title='bbox 722 2273 823 2304; x_wconf 88' lang='lat' dir='ltr'><strong>eadem</strong></span> <span class='ocrx_word' id='word_1_336' title='bbox 838 2275 869 2304; x_wconf 91' lang='lat' dir='ltr'><strong>in</strong></span> <span class='ocrx_word' id='word_1_337' title='bbox 881 2275 1025 2314; x_wconf 84' lang='lat' dir='ltr'><strong>opinione</strong></span> <span class='ocrx_word' id='word_1_338' title='bbox 1035 2274 1132 2305; x_wconf 90' lang='lat' dir='ltr'><strong>consi-</strong></span> 
     </span>
     <span class='ocr_line' id='line_1_46' title="bbox 172 2315 1129 2359; baseline -0.002 -10"><span class='ocrx_word' id='word_1_339' title='bbox 172 2319 259 2353; x_wconf 90' lang='lat' dir='ltr'><strong>dunt,</strong></span> <span class='ocrx_word' id='word_1_340' title='bbox 271 2329 336 2359; x_wconf 84' lang='lat' dir='ltr'><strong>quae</strong></span> <span class='ocrx_word' id='word_1_341' title='bbox 354 2327 453 2348; x_wconf 86' lang='lat' dir='ltr'><strong>ortum</strong></span> <span class='ocrx_word' id='word_1_342' title='bbox 467 2318 571 2347; x_wconf 84' lang='lat' dir='ltr'><strong>babere</strong></span> <span class='ocrx_word' id='word_1_343' title='bbox 582 2336 590 2350; x_wconf 90' lang='lat'>,</span> <span class='ocrx_word' id='word_1_344' title='bbox 609 2318 751 2356; x_wconf 78' lang='lat' dir='ltr'><strong>gignique</strong></span> <span class='ocrx_word' id='word_1_345' title='bbox 766 2315 901 2346; x_wconf 80' lang='lat' dir='ltr'><strong>diximus</strong></span> <span class='ocrx_word' id='word_1_346' title='bbox 918 2327 923 2343; x_wconf 83' lang='lat'><strong>.-</strong></span> <span class='ocrx_word' id='word_1_347' title='bbox 942 2317 1129 2347; x_wconf 85' lang='lat' dir='ltr'><strong>nihilautem</strong></span> 
     </span>
     <span class='ocr_line' id='line_1_47' title="bbox 171 2356 1131 2402; baseline -0.003 -11"><span class='ocrx_word' id='word_1_348' title='bbox 171 2363 255 2402; x_wconf 86' lang='lat' dir='ltr'><strong>gigni</strong></span> <span class='ocrx_word' id='word_1_349' title='bbox 279 2358 362 2400; x_wconf 85' lang='lat' dir='ltr'><strong>poffe</strong></span> <span class='ocrx_word' id='word_1_350' title='bbox 382 2359 441 2389; x_wconf 85' lang='lat' dir='ltr'><strong>sine</strong></span> <span class='ocrx_word' id='word_1_351' title='bbox 461 2357 560 2389; x_wconf 83' lang='lat' dir='ltr'><strong>causis.</strong></span> <span class='ocrx_word' id='word_1_352' title='bbox 585 2361 681 2398; x_wconf 83' lang='lat' dir='ltr'><strong>Atque</strong></span> <span class='ocrx_word' id='word_1_353' title='bbox 703 2358 791 2387; x_wconf 88' lang='lat' dir='ltr'><strong>illum</strong></span> <span class='ocrx_word' id='word_1_354' title='bbox 803 2357 927 2398; x_wconf 80' lang='lat' dir='ltr'><strong>quidem</strong></span> <span class='ocrx_word' id='word_1_355' title='bbox 938 2356 1016 2398; x_wconf 90' lang='lat' dir='ltr'><strong>quasi</strong></span> <span class='ocrx_word' id='word_1_356' title='bbox 1027 2368 1131 2398; x_wconf 88' lang='lat' dir='ltr'><strong>paren-</strong></span> 
     </span>
     <span class='ocr_line' id='line_1_48' title="bbox 171 2398 1131 2439; baseline -0.002 -7"><span class='ocrx_word' id='word_1_357' title='bbox 171 2411 234 2432; x_wconf 86' lang='lat' dir='ltr'><strong>tem</strong></span> <span class='ocrx_word' id='word_1_358' title='bbox 246 2404 335 2439; x_wconf 77' lang='lat' dir='ltr'><strong>hujus</strong></span> <span class='ocrx_word' id='word_1_359' title='bbox 345 2399 544 2431; x_wconf 84' lang='lat' dir='ltr'><strong>universitatis</strong></span> <span class='ocrx_word' id='word_1_360' title='bbox 558 2401 694 2429; x_wconf 85' lang='lat' dir='ltr'><strong>invenire</strong></span> <span class='ocrx_word' id='word_1_361' title='bbox 705 2419 713 2432; x_wconf 89' lang='lat'>,</span> <span class='ocrx_word' id='word_1_362' title='bbox 732 2398 873 2429; x_wconf 87' lang='lat' dir='ltr'><strong>difficile:</strong></span> <span class='ocrx_word' id='word_1_363' title='bbox 888 2400 920 2430; x_wconf 90' lang='lat'>&amp;</span> <span class='ocrx_word' id='word_1_364' title='bbox 930 2410 1001 2430; x_wconf 89' lang='lat' dir='ltr'><strong>cum</strong></span> <span class='ocrx_word' id='word_1_365' title='bbox 1010 2401 1072 2439; x_wconf 88' lang='lat' dir='ltr'><strong>jarn</strong></span> <span class='ocrx_word' id='word_1_366' title='bbox 1084 2402 1131 2430; x_wconf 82' lang='lat' dir='ltr'><strong>iii—</strong></span> 
     </span>
     <span class='ocr_line' id='line_1_49' title="bbox 169 2440 1131 2482; baseline -0.003 -7"><span class='ocrx_word' id='word_1_367' title='bbox 169 2446 289 2475; x_wconf 84' lang='lat' dir='ltr'><strong>veneris</strong></span> <span class='ocrx_word' id='word_1_368' title='bbox 301 2463 310 2477; x_wconf 89' lang='lat'>,</span> <span class='ocrx_word' id='word_1_369' title='bbox 330 2443 461 2474; x_wconf 86' lang='lat' dir='ltr'><strong>indicare</strong></span> <span class='ocrx_word' id='word_1_370' title='bbox 482 2445 514 2472; x_wconf 88' lang='lat' dir='ltr'><strong>in</strong></span> <span class='ocrx_word' id='word_1_371' title='bbox 535 2442 642 2481; x_wconf 84' lang='lat' dir='ltr'><strong>vulgus</strong></span> <span class='ocrx_word' id='word_1_372' title='bbox 653 2460 660 2474; x_wconf 85' lang='lat'>,</span> <span class='ocrx_word' id='word_1_373' title='bbox 682 2440 774 2471; x_wconf 85' lang='lat' dir='ltr'><strong>nefas.</strong></span> <span class='ocrx_word' id='word_1_374' title='bbox 798 2441 912 2471; x_wconf 78' lang='lat' dir='ltr'><strong>Rursus</strong></span> <span class='ocrx_word' id='word_1_375' title='bbox 923 2443 1012 2482; x_wconf 81' lang='lat' dir='ltr'><strong>igitur</strong></span> <span class='ocrx_word' id='word_1_376' title='bbox 1024 2442 1131 2472; x_wconf 79' lang='lat' dir='ltr'><strong>viden—</strong></span> 
     </span>
     <span class='ocr_line' id='line_1_50' title="bbox 171 2481 1129 2522; baseline -0.003 -6"><span class='ocrx_word' id='word_1_377' title='bbox 171 2486 246 2516; x_wconf 85' lang='lat' dir='ltr'><strong>dum</strong></span> <span class='ocrx_word' id='word_1_378' title='bbox 259 2505 268 2520; x_wconf 87' lang='lat'>‚</span> <span class='ocrx_word' id='word_1_379' title='bbox 293 2485 346 2515; x_wconf 89' lang='lat' dir='ltr'><strong>ille</strong></span> <span class='ocrx_word' id='word_1_380' title='bbox 364 2484 521 2515; x_wconf 87' lang='lat' dir='ltr'><strong>fabricator</strong></span> <span class='ocrx_word' id='word_1_381' title='bbox 531 2492 605 2513; x_wconf 88' lang='lat' dir='ltr'><strong>tanti</strong></span> <span class='ocrx_word' id='word_1_382' title='bbox 615 2484 712 2522; x_wconf 82' lang='lat' dir='ltr'><strong>operis</strong></span> <span class='ocrx_word' id='word_1_383' title='bbox 723 2482 823 2512; x_wconf 83' lang='lat' dir='ltr'><strong>utrum</strong></span> <span class='ocrx_word' id='word_1_384' title='bbox 837 2481 869 2513; x_wconf 87' lang='lat' dir='ltr'><strong>sit</strong></span> <span class='ocrx_word' id='word_1_385' title='bbox 879 2485 1013 2513; x_wconf 90' lang='lat' dir='ltr'><strong>imitatus</strong></span> <span class='ocrx_word' id='word_1_386' title='bbox 1022 2493 1129 2514; x_wconf 83' lang='lat' dir='ltr'><strong>exem-</strong></span> 
     </span>
     <span class='ocr_line' id='line_1_51' title="bbox 171 2520 1128 2567; baseline 0 -12"><span class='ocrx_word' id='word_1_387' title='bbox 171 2528 234 2567; x_wconf 89' lang='lat' dir='ltr'><strong>plar</strong></span> <span class='ocrx_word' id='word_1_388' title='bbox 244 2546 253 2560; x_wconf 86' lang='lat'>‚</span> <span class='ocrx_word' id='word_1_389' title='bbox 278 2520 373 2560; x_wconf 79' lang='lat' dir='ltr'><strong>idne,</strong></span> <span class='ocrx_word' id='word_1_390' title='bbox 384 2525 465 2566; x_wconf 89' lang='lat' dir='ltr'><strong>quod</strong></span> <span class='ocrx_word' id='word_1_391' title='bbox 479 2526 591 2565; x_wconf 78' lang='lat' dir='ltr'><strong>semper</strong></span> <span class='ocrx_word' id='word_1_392' title='bbox 603 2534 699 2554; x_wconf 87' lang='lat' dir='ltr'><strong>unum</strong></span> <span class='ocrx_word' id='word_1_393' title='bbox 712 2524 834 2554; x_wconf 84' lang='lat' dir='ltr'><strong>&amp;idem</strong></span> <span class='ocrx_word' id='word_1_394' title='bbox 846 2543 854 2558; x_wconf 70' lang='lat'>7</span> <span class='ocrx_word' id='word_1_395' title='bbox 868 2525 900 2554; x_wconf 91' lang='lat'>&amp;</span> <span class='ocrx_word' id='word_1_396' title='bbox 911 2526 953 2555; x_wconf 92' lang='lat' dir='ltr'><strong>sui</strong></span> <span class='ocrx_word' id='word_1_397' title='bbox 965 2523 1061 2555; x_wconf 86' lang='lat' dir='ltr'><strong>fimile</strong></span> <span class='ocrx_word' id='word_1_398' title='bbox 1076 2536 1128 2555; x_wconf 87' lang='lat' dir='ltr'><strong>:an</strong></span> 
     </span>
     <span class='ocr_line' id='line_1_52' title="bbox 169 2565 1127 2608; baseline 0 -10"><span class='ocrx_word' id='word_1_399' title='bbox 169 2569 202 2598; x_wconf 79' lang='lat' dir='ltr'><strong>id</strong></span> <span class='ocrx_word' id='word_1_400' title='bbox 212 2588 219 2600; x_wconf 91' lang='lat'>‚</span> <span class='ocrx_word' id='word_1_401' title='bbox 231 2567 313 2608; x_wconf 90' lang='lat' dir='ltr'><strong>quod</strong></span> <span class='ocrx_word' id='word_1_402' title='bbox 322 2577 495 2608; x_wconf 85' lang='lat' dir='ltr'><strong>generatum</strong></span> <span class='ocrx_word' id='word_1_403' title='bbox 510 2586 517 2600; x_wconf 83' lang='lat'>,</span> <span class='ocrx_word' id='word_1_404' title='bbox 528 2575 690 2606; x_wconf 83' lang='lat' dir='ltr'><strong>ortumque</strong></span> <span class='ocrx_word' id='word_1_405' title='bbox 699 2565 840 2596; x_wconf 55' lang='lat' dir='ltr'><strong>die-imus</strong></span> <span class='ocrx_word' id='word_1_406' title='bbox 869 2568 959 2607; x_wconf 82' lang='lat' dir='ltr'><strong>Atqui</strong></span> <span class='ocrx_word' id='word_1_407' title='bbox 973 2565 991 2595; x_wconf 90' lang='lat' dir='ltr'><strong>fi</strong></span> <span class='ocrx_word' id='word_1_408' title='bbox 1006 2567 1127 2606; x_wconf 81' lang='lat' dir='ltr'><strong>pulcher</strong></span> 
     </span>
     <span class='ocr_line' id='line_1_53' title="bbox 170 2605 1124 2648; baseline -0.001 -8"><span class='ocrx_word' id='word_1_409' title='bbox 170 2608 213 2640; x_wconf 88' lang='lat' dir='ltr'><strong>est</strong></span> <span class='ocrx_word' id='word_1_410' title='bbox 230 2610 278 2639; x_wconf 89' lang='lat' dir='ltr'><strong>hic</strong></span> <span class='ocrx_word' id='word_1_411' title='bbox 302 2608 435 2639; x_wconf 88' lang='lat' dir='ltr'><strong>mundus</strong></span> <span class='ocrx_word' id='word_1_412' title='bbox 448 2628 457 2642; x_wconf 85' lang='lat'>,</span> <span class='ocrx_word' id='word_1_413' title='bbox 477 2607 496 2637; x_wconf 87' lang='lat' dir='ltr'><strong>fi</strong></span> <span class='ocrx_word' id='word_1_414' title='bbox 508 2608 619 2647; x_wconf 73' lang='lat' dir='ltr'><strong>probus</strong></span> <span class='ocrx_word' id='word_1_415' title='bbox 628 2608 692 2646; x_wconf 85' lang='lat' dir='ltr'><strong>ejus</strong></span> <span class='ocrx_word' id='word_1_416' title='bbox 703 2605 810 2638; x_wconf 85' lang='lat' dir='ltr'><strong>artifex</strong></span> <span class='ocrx_word' id='word_1_417' title='bbox 824 2618 830 2636; x_wconf 74' lang='grc' dir='ltr'>ε</span> <span class='ocrx_word' id='word_1_418' title='bbox 850 2607 988 2648; x_wconf 63' lang='grc' dir='ltr'>ρῐοῐεᾶὸ</span> <span class='ocrx_word' id='word_1_419' title='bbox 998 2609 1124 2648; x_wconf 87' lang='lat' dir='ltr'><strong>speciem</strong></span> 
     </span>
     <span class='ocr_line' id='line_1_54' title="bbox 170 2647 1124 2691; baseline 0 -10"><span class='ocrx_word' id='word_1_420' title='bbox 170 2652 340 2681; x_wconf 72' lang='lat' dir='ltr'><strong>aeternitatis</strong></span> <span class='ocrx_word' id='word_1_421' title='bbox 352 2651 463 2680; x_wconf 89' lang='lat' dir='ltr'><strong>imitari</strong></span> <span class='ocrx_word' id='word_1_422' title='bbox 474 2650 598 2679; x_wconf 87' lang='lat' dir='ltr'><strong>maluit:</strong></span> <span class='ocrx_word' id='word_1_423' title='bbox 613 2647 654 2678; x_wconf 88' lang='lat' dir='ltr'><strong>sin</strong></span> <span class='ocrx_word' id='word_1_424' title='bbox 664 2649 754 2682; x_wconf 82' lang='lat' dir='ltr'><strong>secus,</strong></span> <span class='ocrx_word' id='word_1_425' title='bbox 767 2649 848 2690; x_wconf 86' lang='lat' dir='ltr'><strong>quod</strong></span> <span class='ocrx_word' id='word_1_426' title='bbox 859 2660 895 2679; x_wconf 87' lang='lat' dir='ltr'><strong>ne</strong></span> <span class='ocrx_word' id='word_1_427' title='bbox 905 2649 988 2679; x_wconf 67' lang='lat' dir='ltr'><strong>dieta</strong></span> <span class='ocrx_word' id='word_1_428' title='bbox 1000 2650 1124 2691; x_wconf 89' lang='lat' dir='ltr'><strong>quidem</strong></span> 
     </span>
     <span class='ocr_line' id='line_1_55' title="bbox 166 2690 1123 2734; baseline -0.001 -11"><span class='ocrx_word' id='word_1_429' title='bbox 166 2691 211 2723; x_wconf 76' lang='lat' dir='ltr'><strong>fas</strong></span> <span class='ocrx_word' id='word_1_430' title='bbox 223 2692 264 2723; x_wconf 91' lang='lat' dir='ltr'><strong>est</strong></span> <span class='ocrx_word' id='word_1_431' title='bbox 276 2701 464 2734; x_wconf 87' lang='lat' dir='ltr'><strong>:generatum</strong></span> <span class='ocrx_word' id='word_1_432' title='bbox 475 2691 652 2730; x_wconf 84' lang='lat' dir='ltr'><strong>exemplum</strong></span> <span class='ocrx_word' id='word_1_433' title='bbox 664 2690 705 2721; x_wconf 92' lang='lat' dir='ltr'><strong>est</strong></span> <span class='ocrx_word' id='word_1_434' title='bbox 715 2701 767 2730; x_wconf 85' lang='lat' dir='ltr'><strong>pro</strong></span> <span class='ocrx_word' id='word_1_435' title='bbox 777 2701 888 2721; x_wconf 82' lang='lat' dir='ltr'><strong>aeterno</strong></span> <span class='ocrx_word' id='word_1_436' title='bbox 900 2692 1026 2722; x_wconf 85' lang='lat' dir='ltr'><strong>secutus.</strong></span> <span class='ocrx_word' id='word_1_437' title='bbox 1049 2695 1123 2722; x_wconf 84' lang='lat' dir='ltr'><strong>Non</strong></span> 
     </span>
     <span class='ocr_line' id='line_1_56' title="bbox 167 2733 1122 2775; baseline -0.001 -10"><span class='ocrx_word' id='word_1_438' title='bbox 167 2736 259 2775; x_wconf 85' lang='lat' dir='ltr'><strong>igitur</strong></span> <span class='ocrx_word' id='word_1_439' title='bbox 269 2734 396 2764; x_wconf 87' lang='lat' dir='ltr'><strong>dubium</strong></span> <span class='ocrx_word' id='word_1_440' title='bbox 411 2753 420 2767; x_wconf 85' lang='lat'>‚</span> <span class='ocrx_word' id='word_1_441' title='bbox 437 2734 512 2773; x_wconf 90' lang='lat' dir='ltr'><strong>quin</strong></span> <span class='ocrx_word' id='word_1_442' title='bbox 524 2741 715 2762; x_wconf 88' lang='lat' dir='ltr'><strong>aeternitatem</strong></span> <span class='ocrx_word' id='word_1_443' title='bbox 729 2733 867 2762; x_wconf 70' lang='lat' dir='ltr'><strong>maluerit</strong></span> <span class='ocrx_word' id='word_1_444' title='bbox 875 2733 996 2773; x_wconf 74' lang='lat' dir='ltr'><strong>exst-qui</strong></span> <span class='ocrx_word' id='word_1_445' title='bbox 1008 2754 1016 2767; x_wconf 90' lang='lat'>,</span> <span class='ocrx_word' id='word_1_446' title='bbox 1028 2744 1122 2775; x_wconf 89' lang='lat' dir='ltr'><strong>quan-</strong></span> 
     </span>
     <span class='ocr_line' id='line_1_57' title="bbox 167 2774 1122 2817; baseline -0.001 -10"><span class='ocrx_word' id='word_1_447' title='bbox 167 2776 334 2817; x_wconf 88' lang='lat' dir='ltr'><strong>doquidem</strong></span> <span class='ocrx_word' id='word_1_448' title='bbox 346 2784 445 2815; x_wconf 81' lang='lat' dir='ltr'><strong>neque</strong></span> <span class='ocrx_word' id='word_1_449' title='bbox 456 2774 572 2804; x_wconf 89' lang='lat' dir='ltr'><strong>mundo</strong></span> <span class='ocrx_word' id='word_1_450' title='bbox 582 2774 746 2814; x_wconf 84' lang='lat' dir='ltr'><strong>quidquam</strong></span> <span class='ocrx_word' id='word_1_451' title='bbox 757 2775 910 2814; x_wconf 75' lang='lat' dir='ltr'><strong>pulchrius</strong></span> <span class='ocrx_word' id='word_1_452' title='bbox 922 2795 930 2808; x_wconf 72' lang='lat'>2</span> <span class='ocrx_word' id='word_1_453' title='bbox 951 2785 1048 2816; x_wconf 91' lang='lat' dir='ltr'><strong>neque</strong></span> <span class='ocrx_word' id='word_1_454' title='bbox 1058 2777 1122 2811; x_wconf 82' lang='lat' dir='ltr'><strong>cius</strong></span> 
     </span>
     <span class='ocr_line' id='line_1_58' title="bbox 166 2816 1123 2857; baseline -0.002 -8"><span class='ocrx_word' id='word_1_455' title='bbox 166 2816 346 2849; x_wconf 80' lang='lat' dir='ltr'><strong>aedificatore</strong></span> <span class='ocrx_word' id='word_1_456' title='bbox 364 2816 558 2857; x_wconf 77' lang='lat' dir='ltr'><strong>praestantius.</strong></span> <span class='ocrx_word' id='word_1_457' title='bbox 581 2817 612 2846; x_wconf 89' lang='lat' dir='ltr'><strong>Si</strong></span> <span class='ocrx_word' id='word_1_458' title='bbox 632 2826 700 2855; x_wconf 73' lang='lat' dir='ltr'><strong>eigo</strong></span> <span class='ocrx_word' id='word_1_459' title='bbox 710 2826 863 2856; x_wconf 85' lang='lat' dir='ltr'><strong>generatus</strong></span> <span class='ocrx_word' id='word_1_460' title='bbox 873 2836 882 2850; x_wconf 85' lang='lat'>‚</span> <span class='ocrx_word' id='word_1_461' title='bbox 905 2817 940 2846; x_wconf 82' lang='lat' dir='ltr'><strong>ad</strong></span> <span class='ocrx_word' id='word_1_462' title='bbox 952 2818 981 2846; x_wconf 91' lang='lat' dir='ltr'><strong>id</strong></span> <span class='ocrx_word' id='word_1_463' title='bbox 996 2817 1038 2847; x_wconf 89' lang='lat' dir='ltr'><strong>est</strong></span> <span class='ocrx_word' id='word_1_464' title='bbox 1050 2816 1123 2847; x_wconf 78' lang='lat' dir='ltr'><strong>effe-</strong></span> 
     </span>
     <span class='ocr_line' id='line_1_59' title="bbox 166 2858 1122 2900; baseline -0.002 -10"><span class='ocrx_word' id='word_1_465' title='bbox 166 2860 234 2891; x_wconf 70' lang='lat' dir='ltr'><strong>Ctus</strong></span> <span class='ocrx_word' id='word_1_466' title='bbox 249 2880 258 2894; x_wconf 84' lang='lat'><em>‚</em></span> <span class='ocrx_word' id='word_1_467' title='bbox 269 2859 351 2900; x_wconf 88' lang='lat' dir='ltr'><strong>quod</strong></span> <span class='ocrx_word' id='word_1_468' title='bbox 366 2861 478 2888; x_wconf 89' lang='lat' dir='ltr'><strong>ratione</strong></span> <span class='ocrx_word' id='word_1_469' title='bbox 491 2877 499 2891; x_wconf 82' lang='lat'>,</span> <span class='ocrx_word' id='word_1_470' title='bbox 525 2858 724 2897; x_wconf 79' lang='lat' dir='ltr'><strong>sapientiaque</strong></span> <span class='ocrx_word' id='word_1_471' title='bbox 734 2859 1018 2897; x_wconf 77' lang='lat' dir='ltr'><strong>comprehenditur,</strong></span> <span class='ocrx_word' id='word_1_472' title='bbox 1036 2869 1122 2900; x_wconf 74' lang='lat' dir='ltr'><strong>atque</strong></span> 
     </span>
     <span class='ocr_line' id='line_1_60' title="bbox 167 2898 1123 2939; baseline -0.001 -7"><span class='ocrx_word' id='word_1_473' title='bbox 167 2901 354 2932; x_wconf 82' lang='lat' dir='ltr'><strong>immutabili</strong></span> <span class='ocrx_word' id='word_1_474' title='bbox 374 2901 536 2930; x_wconf 85' lang='lat' dir='ltr'><strong>aeternitate</strong></span> <span class='ocrx_word' id='word_1_475' title='bbox 546 2901 729 2929; x_wconf 84' lang='lat' dir='ltr'><strong>continetur.</strong></span> <span class='ocrx_word' id='word_1_476' title='bbox 754 2902 799 2929; x_wconf 87' lang='lat' dir='ltr'><strong>Ex</strong></span> <span class='ocrx_word' id='word_1_477' title='bbox 811 2909 872 2939; x_wconf 91' lang='lat' dir='ltr'><strong>quo</strong></span> <span class='ocrx_word' id='word_1_478' title='bbox 882 2898 1009 2930; x_wconf 87' lang='lat' dir='ltr'><strong>efficitur</strong></span> <span class='ocrx_word' id='word_1_479' title='bbox 1020 2920 1028 2934; x_wconf 85' lang='lat'>‚</span> <span class='ocrx_word' id='word_1_480' title='bbox 1050 2911 1080 2931; x_wconf 89' lang='lat' dir='ltr'><strong>ut</strong></span> <span class='ocrx_word' id='word_1_481' title='bbox 1091 2900 1123 2931; x_wconf 88' lang='lat' dir='ltr'><strong>sit</strong></span> 
     </span>
     <span class='ocr_line' id='line_1_61' title="bbox 166 2939 1121 2982; baseline 0 -10"><span class='ocrx_word' id='word_1_482' title='bbox 166 2939 280 2973; x_wconf 70' lang='lat' dir='ltr'><strong>necefl&#39;e</strong></span> <span class='ocrx_word' id='word_1_483' title='bbox 292 2963 300 2976; x_wconf 91' lang='lat'>‚</span> <span class='ocrx_word' id='word_1_484' title='bbox 325 2945 406 2972; x_wconf 78' lang='lat' dir='ltr'><strong>liunc</strong></span> <span class='ocrx_word' id='word_1_485' title='bbox 420 2961 428 2975; x_wconf 87' lang='lat'>,</span> <span class='ocrx_word' id='word_1_486' title='bbox 448 2951 539 2982; x_wconf 88' lang='lat' dir='ltr'><strong>quem</strong></span> <span class='ocrx_word' id='word_1_487' title='bbox 551 2943 703 2971; x_wconf 80' lang='lat' dir='ltr'><strong>cernimus</strong></span> <span class='ocrx_word' id='word_1_488' title='bbox 715 2962 722 2973; x_wconf 89' lang='lat'>,</span> <span class='ocrx_word' id='word_1_489' title='bbox 737 2942 884 2971; x_wconf 86' lang='lat' dir='ltr'><strong>mundum</strong></span> <span class='ocrx_word' id='word_1_490' title='bbox 897 2961 905 2974; x_wconf 82' lang='lat'>,</span> <span class='ocrx_word' id='word_1_491' title='bbox 918 2941 1121 2976; x_wconf 86' lang='lat' dir='ltr'><strong>simulacrum,</strong></span> 
     </span>
     <span class='ocr_line' id='line_1_62' title="bbox 166 2981 1120 3023; baseline 0 -9"><span class='ocrx_word' id='word_1_492' title='bbox 166 2993 310 3015; x_wconf 84' lang='lat' dir='ltr'><strong>aeternum</strong></span> <span class='ocrx_word' id='word_1_493' title='bbox 334 2983 392 3014; x_wconf 79' lang='lat' dir='ltr'><strong>effe</strong></span> <span class='ocrx_word' id='word_1_494' title='bbox 409 2984 535 3023; x_wconf 81' lang='lat' dir='ltr'><strong>alicujus</strong></span> <span class='ocrx_word' id='word_1_495' title='bbox 546 2985 660 3013; x_wconf 83' lang='lat' dir='ltr'><strong>aeterni.</strong></span> <span class='ocrx_word' id='word_1_496' title='bbox 684 2981 914 3012; x_wconf 80' lang='lat' dir='ltr'><strong>Difficillimum</strong></span> <span class='ocrx_word' id='word_1_497' title='bbox 925 2993 1025 3013; x_wconf 84' lang='lat' dir='ltr'><strong>autem</strong></span> <span class='ocrx_word' id='word_1_498' title='bbox 1039 2984 1080 3014; x_wconf 80' lang='lat' dir='ltr'><strong>est</strong></span> <span class='ocrx_word' id='word_1_499' title='bbox 1091 2987 1120 3014; x_wconf 85' lang='lat' dir='ltr'><strong>iii</strong></span> 
     </span>
     <span class='ocr_line' id='line_1_63' title="bbox 165 3024 1121 3066; baseline 0.001 -11"><span class='ocrx_word' id='word_1_500' title='bbox 165 3027 254 3057; x_wconf 88' lang='lat' dir='ltr'><strong>omni</strong></span> <span class='ocrx_word' id='word_1_501' title='bbox 263 3024 483 3066; x_wconf 74' lang='lat' dir='ltr'><strong>conquisitione</strong></span> <span class='ocrx_word' id='word_1_502' title='bbox 492 3028 629 3058; x_wconf 76' lang='lat' dir='ltr'><strong>rationiS‚</strong></span> <span class='ocrx_word' id='word_1_503' title='bbox 639 3024 809 3054; x_wconf 45' lang='lat' dir='ltr'><strong>exordium&gt;</strong></span> <span class='ocrx_word' id='word_1_504' title='bbox 837 3027 887 3053; x_wconf 90' lang='lat' dir='ltr'><strong>De</strong></span> <span class='ocrx_word' id='word_1_505' title='bbox 898 3026 935 3054; x_wconf 83' lang='lat' dir='ltr'><strong>iis</strong></span> <span class='ocrx_word' id='word_1_506' title='bbox 946 3027 1046 3065; x_wconf 87' lang='lat' dir='ltr'><strong>igitur,</strong></span> <span class='ocrx_word' id='word_1_507' title='bbox 1058 3036 1121 3066; x_wconf 87' lang='lat' dir='ltr'><strong>qua:</strong></span> 
     </span>
     <span class='ocr_line' id='line_1_64' title="bbox 164 3065 1122 3107; baseline 0.001 -9"><span class='ocrx_word' id='word_1_508' title='bbox 164 3067 302 3100; x_wconf 76' lang='lat' dir='ltr'><strong>diximus</strong></span> <span class='ocrx_word' id='word_1_509' title='bbox 314 3088 323 3103; x_wconf 70' lang='lat'><em>2</em></span> <span class='ocrx_word' id='word_1_510' title='bbox 346 3069 411 3100; x_wconf 80' lang='lat' dir='ltr'><strong>haec</strong></span> <span class='ocrx_word' id='word_1_511' title='bbox 427 3066 462 3098; x_wconf 86' lang='lat' dir='ltr'><strong>fit</strong></span> <span class='ocrx_word' id='word_1_512' title='bbox 478 3069 578 3107; x_wconf 81' lang='lat' dir='ltr'><strong>prima</strong></span> <span class='ocrx_word' id='word_1_513' title='bbox 590 3065 756 3098; x_wconf 65' lang='lat' dir='ltr'><strong>distin-5110.</strong></span> <span class='ocrx_word' id='word_1_514' title='bbox 779 3068 816 3098; x_wconf 86' lang='lat' dir='ltr'><strong>In</strong></span> <span class='ocrx_word' id='word_1_515' title='bbox 826 3068 914 3097; x_wconf 75' lang='lat' dir='ltr'><strong>omni</strong></span> <span class='ocrx_word' id='word_1_516' title='bbox 924 3077 1038 3099; x_wconf 89' lang='lat' dir='ltr'><strong>ratione</strong></span> <span class='ocrx_word' id='word_1_517' title='bbox 1051 3078 1122 3100; x_wconf 87' lang='lat' dir='ltr'><strong>cum</strong></span> 
     </span>
    </p>
   </div>
   <div class='ocr_carea' id='block_1_8' title="bbox 729 74 1602 121">
    <p class='ocr_par' dir='ltr' id='par_1_9' title="bbox 729 74 1602 121">
     <span class='ocr_line' id='line_1_65' title="bbox 729 74 1602 121; baseline -0.002 0"><span class='ocrx_word' id='word_1_518' title='bbox 729 74 769 121; x_wconf 88' lang='lat' dir='ltr'>F</span> <span class='ocrx_word' id='word_1_519' title='bbox 834 86 870 119; x_wconf 76' lang='lat' dir='ltr'>R</span> <span class='ocrx_word' id='word_1_520' title='bbox 938 88 972 120; x_wconf 74' lang='lat' dir='ltr'>A</span> <span class='ocrx_word' id='word_1_521' title='bbox 1039 86 1073 117; x_wconf 73' lang='lat' dir='ltr'><strong>o</strong></span> <span class='ocrx_word' id='word_1_522' title='bbox 1140 85 1181 117; x_wconf 82' lang='lat' dir='ltr'>M</span> <span class='ocrx_word' id='word_1_523' title='bbox 1249 86 1286 119; x_wconf 75' lang='lat' dir='ltr'><strong>n.</strong></span> <span class='ocrx_word' id='word_1_524' title='bbox 1350 88 1383 121; x_wconf 73' lang='lat' dir='ltr'><strong>n</strong></span> <span class='ocrx_word' id='word_1_525' title='bbox 1453 87 1486 120; x_wconf 76' lang='grc' dir='ltr'>τ</span> <span class='ocrx_word' id='word_1_526' title='bbox 1554 89 1602 121; x_wconf 78' lang='lat' dir='ltr'><strong>A.</strong></span> 
     </span>
    </p>
   </div>
   <div class='ocr_carea' id='block_1_9' title="bbox 851 330 1147 526">
    <p class='ocr_par' dir='ltr' id='par_1_10' title="bbox 851 330 1147 526">
     <span class='ocr_line' id='line_1_66' title="bbox 851 330 1004 441; baseline 0.013 -3"><span class='ocrx_word' id='word_1_527' title='bbox 851 330 1004 441; x_wconf 90' lang='grc' dir='ltr'><strong><em>Μ</em></strong></span> 
     </span>
     <span class='ocr_line' id='line_1_67' title="bbox 1033 470 1147 526; baseline 0.009 -1"><span class='ocrx_word' id='word_1_528' title='bbox 1033 470 1147 526; x_wconf 66' lang='lat' dir='ltr'><strong>sp</strong></span> 
     </span>
    </p>
   </div>
   <div class='ocr_carea' id='block_1_10' title="bbox 324 511 1153 641">
    <p class='ocr_par' dir='ltr' id='par_1_11' title="bbox 324 511 1153 641">
     <span class='ocr_line' id='line_1_68' title="bbox 324 511 1153 641; baseline 0.001 -12"><span class='ocrx_word' id='word_1_529' title='bbox 324 564 372 629; x_wconf 87' lang='lat' dir='ltr'><strong>E</strong></span> <span class='ocrx_word' id='word_1_530' title='bbox 457 511 1153 641; x_wconf 58' lang='lat' dir='ltr'>UNIVERSOJ</span> 
     </span>
    </p>
   </div>
   <div class='ocr_carea' id='block_1_11' title="bbox 1149 1848 1156 2471">
    <p class='ocr_par' dir='ltr' id='par_1_12' title="bbox 1149 1848 1156 2471">
     <span class='ocr_line' id='line_1_69' title="bbox 1149 1848 1156 2471; baseline 0 0"><span class='ocrx_word' id='word_1_531' title='bbox 1149 1848 1156 2471; x_wconf 95' lang='lat' dir='ltr'><strong> </strong></span> 
     </span>
    </p>
   </div>
   <div class='ocr_carea' id='block_1_12' title="bbox 1134 2539 1146 3084">
    <p class='ocr_par' dir='ltr' id='par_1_13' title="bbox 1134 2539 1146 3084">
     <span class='ocr_line' id='line_1_70' title="bbox 1134 2539 1146 3084; baseline 0 0"><span class='ocrx_word' id='word_1_532' title='bbox 1134 2539 1146 3084; x_wconf 95' lang='lat' dir='ltr'><strong> </strong></span> 
     </span>
    </p>
   </div>
   <div class='ocr_carea' id='block_1_13' title="bbox 2023 88 2145 138">
    <p class='ocr_par' dir='ltr' id='par_1_14' title="bbox 2023 88 2145 138">
     <span class='ocr_line' id='line_1_71' title="bbox 2023 88 2145 138; baseline 0.016 -18"><span class='ocrx_word' id='word_1_533' title='bbox 2023 88 2145 138; x_wconf 82' lang='lat'>1325</span> 
     </span>
    </p>
   </div>
   <div class='ocr_carea' id='block_1_14' title="bbox 1192 218 1806 282">
    <p class='ocr_par' dir='ltr' id='par_1_15' title="bbox 1192 218 1806 282">
     <span class='ocr_line' id='line_1_72' title="bbox 1192 218 1806 282; baseline 0.007 -4"><span class='ocrx_word' id='word_1_534' title='bbox 1192 218 1806 282; x_wconf 80' lang='lat' dir='ltr'><strong>CicERole</strong></span> 
     </span>
    </p>
   </div>
   <div class='ocr_carea' id='block_1_15' title="bbox 1192 327 2139 524">
    <p class='ocr_par' dir='ltr' id='par_1_16' title="bbox 1192 327 2139 524">
     <span class='ocr_line' id='line_1_73' title="bbox 1192 327 2139 524; baseline -0.001 -91"><span class='ocrx_word' id='word_1_535' title='bbox 1192 329 1388 524; x_wconf 76' lang='lat' dir='ltr'><strong>UAE</strong></span> <span class='ocrx_word' id='word_1_536' title='bbox 1630 327 1760 441; x_wconf 89' lang='lat' dir='ltr'><em>U</em></span> <span class='ocrx_word' id='word_1_537' title='bbox 2001 332 2139 460; x_wconf 72' lang='lat' dir='ltr'><strong>S,</strong></span> 
     </span>
    </p>
   </div>
   <div class='ocr_carea' id='block_1_16' title="bbox 1191 509 2081 635">
    <p class='ocr_par' dir='ltr' id='par_1_17' title="bbox 1191 509 2081 635">
     <span class='ocr_line' id='line_1_74' title="bbox 1191 509 2081 635; baseline 0.001 -6"><span class='ocrx_word' id='word_1_538' title='bbox 1191 509 2081 635; x_wconf 49' lang='lat' dir='ltr'>FRAGMENTUM.</span> 
     </span>
    </p>
   </div>
   <div class='ocr_carea' id='block_1_17' title="bbox 1172 693 2141 2113">
    <p class='ocr_par' dir='ltr' id='par_1_18' title="bbox 1172 693 2141 2113">
     <span class='ocr_line' id='line_1_75' title="bbox 1176 693 2141 740; baseline 0.007 -18"><span class='ocrx_word' id='word_1_539' title='bbox 1176 694 1214 723; x_wconf 82' lang='lat' dir='ltr'><strong>iis</strong></span> <span class='ocrx_word' id='word_1_540' title='bbox 1232 693 1319 723; x_wconf 85' lang='lat' dir='ltr'><strong>rebus</strong></span> <span class='ocrx_word' id='word_1_541' title='bbox 1330 713 1339 726; x_wconf 88' lang='lat'>,</span> <span class='ocrx_word' id='word_1_542' title='bbox 1362 693 1398 723; x_wconf 90' lang='lat' dir='ltr'><strong>de</strong></span> <span class='ocrx_word' id='word_1_543' title='bbox 1417 693 1527 734; x_wconf 88' lang='lat' dir='ltr'><strong>quibus</strong></span> <span class='ocrx_word' id='word_1_544' title='bbox 1537 694 1750 733; x_wconf 85' lang='lat' dir='ltr'><strong>explicandum</strong></span> <span class='ocrx_word' id='word_1_545' title='bbox 1760 694 1898 730; x_wconf 83' lang='lat' dir='ltr'><strong>videtur,</strong></span> <span class='ocrx_word' id='word_1_546' title='bbox 1921 695 1978 727; x_wconf 88' lang='lat' dir='ltr'><strong>effe</strong></span> <span class='ocrx_word' id='word_1_547' title='bbox 1990 698 2141 740; x_wconf 62' lang='grc' dir='ltr'><strong>ιτοὲτιίιῐο.1</strong></span> 
     </span>
     <span class='ocr_line' id='line_1_76' title="bbox 1176 734 2135 778; baseline 0.006 -14"><span class='ocrx_word' id='word_1_548' title='bbox 1176 737 1277 775; x_wconf 86' lang='lat' dir='ltr'><strong>Itaque</strong></span> <span class='ocrx_word' id='word_1_549' title='bbox 1296 734 1367 765; x_wconf 82' lang='lat' dir='ltr'><strong>curri</strong></span> <span class='ocrx_word' id='word_1_550' title='bbox 1381 735 1416 764; x_wconf 79' lang='lat' dir='ltr'><strong>de</strong></span> <span class='ocrx_word' id='word_1_551' title='bbox 1428 746 1458 764; x_wconf 91' lang='lat' dir='ltr'><strong>re</strong></span> <span class='ocrx_word' id='word_1_552' title='bbox 1467 735 1565 765; x_wconf 81' lang='lat' dir='ltr'><strong>stabili</strong></span> <span class='ocrx_word' id='word_1_553' title='bbox 1577 755 1584 769; x_wconf 89' lang='lat'>‚</span> <span class='ocrx_word' id='word_1_554' title='bbox 1606 736 1639 766; x_wconf 73' lang='grc' dir='ltr'><strong>δε</strong></span> <span class='ocrx_word' id='word_1_555' title='bbox 1652 737 1834 767; x_wconf 85' lang='lat' dir='ltr'><strong>immutabili</strong></span> <span class='ocrx_word' id='word_1_556' title='bbox 1846 738 2027 778; x_wconf 87' lang='lat' dir='ltr'><strong>disputatur:</strong></span> <span class='ocrx_word' id='word_1_557' title='bbox 2039 749 2135 770; x_wconf 87' lang='lat' dir='ltr'><strong>oratio</strong></span> 
     </span>
     <span class='ocr_line' id='line_1_77' title="bbox 1176 775 2138 821; baseline 0.006 -15"><span class='ocrx_word' id='word_1_558' title='bbox 1176 777 1242 806; x_wconf 80' lang='lat' dir='ltr'><strong>talis</strong></span> <span class='ocrx_word' id='word_1_559' title='bbox 1253 775 1304 809; x_wconf 85' lang='lat' dir='ltr'><strong>fit,</strong></span> <span class='ocrx_word' id='word_1_560' title='bbox 1315 778 1410 817; x_wconf 83' lang='lat' dir='ltr'><strong>qualis</strong></span> <span class='ocrx_word' id='word_1_561' title='bbox 1420 776 1526 811; x_wconf 88' lang='lat' dir='ltr'><strong>fitilla,</strong></span> <span class='ocrx_word' id='word_1_562' title='bbox 1538 787 1603 817; x_wconf 81' lang='lat' dir='ltr'><strong>quae</strong></span> <span class='ocrx_word' id='word_1_563' title='bbox 1615 788 1710 817; x_wconf 85' lang='lat' dir='ltr'><strong>neque</strong></span> <span class='ocrx_word' id='word_1_564' title='bbox 1721 778 1874 820; x_wconf 85' lang='lat' dir='ltr'><strong>redargui,</strong></span> <span class='ocrx_word' id='word_1_565' title='bbox 1888 790 1984 821; x_wconf 88' lang='lat' dir='ltr'><strong>neque</strong></span> <span class='ocrx_word' id='word_1_566' title='bbox 1993 785 2138 812; x_wconf 87' lang='lat' dir='ltr'><strong>convinci</strong></span> 
     </span>
     <span class='ocr_line' id='line_1_78' title="bbox 1175 817 2135 858; baseline 0.007 -11"><span class='ocrx_word' id='word_1_567' title='bbox 1175 817 1279 858; x_wconf 87' lang='lat' dir='ltr'><strong>potest.</strong></span> <span class='ocrx_word' id='word_1_568' title='bbox 1303 818 1384 848; x_wconf 81' lang='lat' dir='ltr'><strong>C&#39;um</strong></span> <span class='ocrx_word' id='word_1_569' title='bbox 1396 828 1494 849; x_wconf 84' lang='lat' dir='ltr'><strong>autem</strong></span> <span class='ocrx_word' id='word_1_570' title='bbox 1506 818 1630 858; x_wconf 81' lang='lat' dir='ltr'><strong>ingressa</strong></span> <span class='ocrx_word' id='word_1_571' title='bbox 1640 819 1682 850; x_wconf 90' lang='lat' dir='ltr'><strong>est</strong></span> <span class='ocrx_word' id='word_1_572' title='bbox 1691 821 1853 854; x_wconf 86' lang='lat' dir='ltr'><strong>imitata‚&amp;</strong></span> <span class='ocrx_word' id='word_1_573' title='bbox 1867 820 1964 852; x_wconf 67' lang='lat' dir='ltr'><strong>effi&amp;a</strong></span> <span class='ocrx_word' id='word_1_574' title='bbox 1975 821 2135 854; x_wconf 88' lang='lat' dir='ltr'><strong>simulacra:</strong></span> 
     </span>
     <span class='ocr_line' id='line_1_79' title="bbox 1176 858 2140 907; baseline 0.007 -18"><span class='ocrx_word' id='word_1_575' title='bbox 1176 861 1252 890; x_wconf 89' lang='lat' dir='ltr'><strong>bene</strong></span> <span class='ocrx_word' id='word_1_576' title='bbox 1271 862 1319 901; x_wconf 84' lang='lat' dir='ltr'><strong>agi</strong></span> <span class='ocrx_word' id='word_1_577' title='bbox 1332 869 1414 900; x_wconf 86' lang='lat' dir='ltr'><strong>putat</strong></span> <span class='ocrx_word' id='word_1_578' title='bbox 1426 879 1434 893; x_wconf 83' lang='lat'>‚</span> <span class='ocrx_word' id='word_1_579' title='bbox 1454 858 1716 891; x_wconf 86' lang='lat' dir='ltr'><strong>fifimilitudinem</strong></span> <span class='ocrx_word' id='word_1_580' title='bbox 1729 864 1791 892; x_wconf 87' lang='lat' dir='ltr'><strong>veri</strong></span> <span class='ocrx_word' id='word_1_581' title='bbox 1802 864 2009 904; x_wconf 83' lang='lat' dir='ltr'><strong>consequatur.</strong></span> <span class='ocrx_word' id='word_1_582' title='bbox 2032 867 2140 907; x_wconf 86' lang='lat' dir='ltr'><strong>Qan-</strong></span> 
     </span>
     <span class='ocr_line' id='line_1_80' title="bbox 1175 901 2138 943; baseline 0.008 -13"><span class='ocrx_word' id='word_1_583' title='bbox 1175 912 1240 931; x_wconf 88' lang='lat' dir='ltr'><strong>tum</strong></span> <span class='ocrx_word' id='word_1_584' title='bbox 1256 912 1339 931; x_wconf 89' lang='lat' dir='ltr'><strong>enim</strong></span> <span class='ocrx_word' id='word_1_585' title='bbox 1351 901 1427 932; x_wconf 90' lang='lat' dir='ltr'><strong>adid</strong></span> <span class='ocrx_word' id='word_1_586' title='bbox 1442 921 1451 935; x_wconf 86' lang='lat'>‚</span> <span class='ocrx_word' id='word_1_587' title='bbox 1471 902 1553 943; x_wconf 89' lang='lat' dir='ltr'><strong>quod</strong></span> <span class='ocrx_word' id='word_1_588' title='bbox 1564 911 1664 932; x_wconf 87' lang='lat' dir='ltr'><strong>ortum</strong></span> <span class='ocrx_word' id='word_1_589' title='bbox 1674 903 1717 934; x_wconf 89' lang='lat' dir='ltr'><strong>est</strong></span> <span class='ocrx_word' id='word_1_590' title='bbox 1727 924 1735 938; x_wconf 84' lang='lat'><em>,</em></span> <span class='ocrx_word' id='word_1_591' title='bbox 1749 907 1896 935; x_wconf 85' lang='lat' dir='ltr'><strong>aeternitas</strong></span> <span class='ocrx_word' id='word_1_592' title='bbox 1909 907 2000 936; x_wconf 84' lang='lat' dir='ltr'><strong>valet:</strong></span> <span class='ocrx_word' id='word_1_593' title='bbox 2017 916 2138 937; x_wconf 88' lang='lat' dir='ltr'><strong>tantum</strong></span> 
     </span>
     <span class='ocr_line' id='line_1_81' title="bbox 1175 942 2136 985; baseline 0.007 -13"><span class='ocrx_word' id='word_1_594' title='bbox 1175 944 1210 973; x_wconf 87' lang='lat' dir='ltr'><strong>ad</strong></span> <span class='ocrx_word' id='word_1_595' title='bbox 1231 942 1323 973; x_wconf 87' lang='lat' dir='ltr'><strong>fidem</strong></span> <span class='ocrx_word' id='word_1_596' title='bbox 1345 946 1463 973; x_wconf 83' lang='lat' dir='ltr'><strong>veritas.</strong></span> <span class='ocrx_word' id='word_1_597' title='bbox 1487 946 1635 985; x_wconf 85' lang='lat' dir='ltr'><strong>roirca</strong></span> <span class='ocrx_word' id='word_1_598' title='bbox 1647 943 1667 974; x_wconf 90' lang='lat' dir='ltr'><strong>si</strong></span> <span class='ocrx_word' id='word_1_599' title='bbox 1677 945 1754 975; x_wconf 80' lang='lat' dir='ltr'><strong>forte</strong></span> <span class='ocrx_word' id='word_1_600' title='bbox 1764 946 1800 975; x_wconf 88' lang='lat' dir='ltr'><strong>de</strong></span> <span class='ocrx_word' id='word_1_601' title='bbox 1812 946 1938 977; x_wconf 85' lang='lat' dir='ltr'><strong>deorum</strong></span> <span class='ocrx_word' id='word_1_602' title='bbox 1952 958 2052 980; x_wconf 82' lang='lat' dir='ltr'><strong>natura</strong></span> <span class='ocrx_word' id='word_1_603' title='bbox 2065 969 2075 982; x_wconf 81' lang='lat'>‚</span> <span class='ocrx_word' id='word_1_604' title='bbox 2085 959 2136 979; x_wconf 91' lang='lat' dir='ltr'><strong>or-</strong></span> 
     </span>
     <span class='ocr_line' id='line_1_82' title="bbox 1174 984 2136 1028; baseline 0.008 -15"><span class='ocrx_word' id='word_1_605' title='bbox 1174 995 1266 1026; x_wconf 78' lang='lat' dir='ltr'><strong>tuque</strong></span> <span class='ocrx_word' id='word_1_606' title='bbox 1278 986 1384 1015; x_wconf 89' lang='lat' dir='ltr'><strong>mundi</strong></span> <span class='ocrx_word' id='word_1_607' title='bbox 1396 984 1580 1019; x_wconf 85' lang='lat' dir='ltr'><strong>differentes,</strong></span> <span class='ocrx_word' id='word_1_608' title='bbox 1592 986 1697 1016; x_wconf 80' lang='lat' dir='ltr'><strong>minus</strong></span> <span class='ocrx_word' id='word_1_609' title='bbox 1707 988 1749 1020; x_wconf 88' lang='lat' dir='ltr'><strong>id,</strong></span> <span class='ocrx_word' id='word_1_610' title='bbox 1765 988 1846 1028; x_wconf 90' lang='lat' dir='ltr'><strong>quod</strong></span> <span class='ocrx_word' id='word_1_611' title='bbox 1859 989 2136 1024; x_wconf 77' lang='lat' dir='ltr'><strong>habemus,animo</strong></span> 
     </span>
     <span class='ocr_line' id='line_1_83' title="bbox 1172 1027 2135 1069; baseline 0.007 -13"><span class='ocrx_word' id='word_1_612' title='bbox 1172 1027 1385 1066; x_wconf 78' lang='lat' dir='ltr'><strong>consequimur</strong></span> <span class='ocrx_word' id='word_1_613' title='bbox 1397 1047 1405 1060; x_wconf 89' lang='lat'>‚</span> <span class='ocrx_word' id='word_1_614' title='bbox 1434 1036 1466 1056; x_wconf 91' lang='lat' dir='ltr'><strong>ut</strong></span> <span class='ocrx_word' id='word_1_615' title='bbox 1485 1036 1545 1057; x_wconf 87' lang='lat' dir='ltr'><strong>tora</strong></span> <span class='ocrx_word' id='word_1_616' title='bbox 1564 1027 1716 1062; x_wconf 64' lang='lat' dir='ltr'><strong>dilucide,</strong></span> <span class='ocrx_word' id='word_1_617' title='bbox 1736 1029 1768 1059; x_wconf 91' lang='lat'>&amp;</span> <span class='ocrx_word' id='word_1_618' title='bbox 1786 1029 1872 1069; x_wconf 77' lang='lat' dir='ltr'><strong>plane</strong></span> <span class='ocrx_word' id='word_1_619' title='bbox 1886 1040 2028 1062; x_wconf 86' lang='lat' dir='ltr'><strong>exornata</strong></span> <span class='ocrx_word' id='word_1_620' title='bbox 2037 1035 2135 1062; x_wconf 85' lang='lat' dir='ltr'><strong>oratio</strong></span> 
     </span>
     <span class='ocr_line' id='line_1_84' title="bbox 1175 1067 2136 1111; baseline 0.007 -14"><span class='ocrx_word' id='word_1_621' title='bbox 1175 1067 1226 1098; x_wconf 86' lang='lat' dir='ltr'><strong>fibi</strong></span> <span class='ocrx_word' id='word_1_622' title='bbox 1236 1068 1353 1098; x_wconf 85' lang='lat' dir='ltr'><strong>constet</strong></span> <span class='ocrx_word' id='word_1_623' title='bbox 1363 1089 1371 1102; x_wconf 95' lang='lat'>,</span> <span class='ocrx_word' id='word_1_624' title='bbox 1395 1069 1427 1098; x_wconf 88' lang='lat'>&amp;</span> <span class='ocrx_word' id='word_1_625' title='bbox 1437 1078 1476 1098; x_wconf 89' lang='lat' dir='ltr'><strong>ex</strong></span> <span class='ocrx_word' id='word_1_626' title='bbox 1487 1071 1662 1109; x_wconf 85' lang='lat' dir='ltr'><strong>omniparte</strong></span> <span class='ocrx_word' id='word_1_627' title='bbox 1678 1070 1777 1100; x_wconf 83' lang='lat' dir='ltr'><strong>secum</strong></span> <span class='ocrx_word' id='word_1_628' title='bbox 1788 1071 1849 1111; x_wconf 89' lang='lat' dir='ltr'><strong>ipsa</strong></span> <span class='ocrx_word' id='word_1_629' title='bbox 1861 1073 2043 1103; x_wconf 82' lang='lat' dir='ltr'><strong>consentiat:</strong></span> <span class='ocrx_word' id='word_1_630' title='bbox 2056 1073 2136 1104; x_wconf 85' lang='lat' dir='ltr'><strong>haud</strong></span> 
     </span>
     <span class='ocr_line' id='line_1_85' title="bbox 1175 1110 2138 1155; baseline 0.006 -16"><span class='ocrx_word' id='word_1_631' title='bbox 1175 1110 1243 1140; x_wconf 75' lang='lat' dir='ltr'><strong>sane</strong></span> <span class='ocrx_word' id='word_1_632' title='bbox 1255 1119 1309 1140; x_wconf 86' lang='lat' dir='ltr'><strong>erit</strong></span> <span class='ocrx_word' id='word_1_633' title='bbox 1321 1112 1433 1140; x_wconf 89' lang='lat' dir='ltr'><strong>mirum</strong></span> <span class='ocrx_word' id='word_1_634' title='bbox 1447 1121 1453 1139; x_wconf 76' lang='grc' dir='ltr'>ε</span> <span class='ocrx_word' id='word_1_635' title='bbox 1473 1113 1666 1152; x_wconf 86' lang='lat' dir='ltr'><strong>contentique</strong></span> <span class='ocrx_word' id='word_1_636' title='bbox 1677 1110 1733 1142; x_wconf 81' lang='lat' dir='ltr'><strong>effe</strong></span> <span class='ocrx_word' id='word_1_637' title='bbox 1747 1112 1895 1143; x_wconf 85' lang='lat' dir='ltr'><strong>debebitis</strong></span> <span class='ocrx_word' id='word_1_638' title='bbox 1907 1133 1915 1147; x_wconf 88' lang='lat'><strong><em>,</em></strong></span> <span class='ocrx_word' id='word_1_639' title='bbox 1938 1112 1957 1144; x_wconf 90' lang='lat' dir='ltr'><strong>fi</strong></span> <span class='ocrx_word' id='word_1_640' title='bbox 1970 1115 2138 1155; x_wconf 81' lang='lat' dir='ltr'><strong>probabilia</strong></span> 
     </span>
     <span class='ocr_line' id='line_1_86' title="bbox 1174 1151 2137 1197; baseline 0.006 -16"><span class='ocrx_word' id='word_1_641' title='bbox 1174 1152 1321 1182; x_wconf 86' lang='lat' dir='ltr'><strong>dicentur.</strong></span> <span class='ocrx_word' id='word_1_642' title='bbox 1347 1162 1464 1193; x_wconf 89' lang='lat' dir='ltr'><strong>aequum</strong></span> <span class='ocrx_word' id='word_1_643' title='bbox 1485 1151 1528 1182; x_wconf 87' lang='lat' dir='ltr'><strong>est</strong></span> <span class='ocrx_word' id='word_1_644' title='bbox 1536 1152 1620 1182; x_wconf 82' lang='lat' dir='ltr'><strong>enim</strong></span> <span class='ocrx_word' id='word_1_645' title='bbox 1632 1153 1807 1184; x_wconf 82' lang='lat' dir='ltr'><strong>meminiffe</strong></span> <span class='ocrx_word' id='word_1_646' title='bbox 1819 1174 1828 1188; x_wconf 89' lang='lat'>‚</span> <span class='ocrx_word' id='word_1_647' title='bbox 1848 1155 1881 1185; x_wconf 87' lang='lat'>&amp;</span> <span class='ocrx_word' id='word_1_648' title='bbox 1892 1166 1942 1185; x_wconf 88' lang='lat' dir='ltr'><strong>trie</strong></span> <span class='ocrx_word' id='word_1_649' title='bbox 1953 1176 1961 1189; x_wconf 91' lang='lat'>,</span> <span class='ocrx_word' id='word_1_650' title='bbox 1981 1159 2034 1197; x_wconf 89' lang='lat' dir='ltr'><strong>qui</strong></span> <span class='ocrx_word' id='word_1_651' title='bbox 2045 1156 2137 1187; x_wconf 63' lang='lat' dir='ltr'><strong>difle-</strong></span> 
     </span>
     <span class='ocr_line' id='line_1_87' title="bbox 1175 1192 2136 1238; baseline 0.006 -15"><span class='ocrx_word' id='word_1_652' title='bbox 1175 1203 1237 1223; x_wconf 89' lang='lat' dir='ltr'><strong>ram</strong></span> <span class='ocrx_word' id='word_1_653' title='bbox 1249 1214 1257 1227; x_wconf 88' lang='lat'>,</span> <span class='ocrx_word' id='word_1_654' title='bbox 1273 1195 1433 1224; x_wconf 76' lang='lat' dir='ltr'><strong>hominem</strong></span> <span class='ocrx_word' id='word_1_655' title='bbox 1445 1192 1520 1223; x_wconf 79' lang='lat' dir='ltr'><strong>esse:</strong></span> <span class='ocrx_word' id='word_1_656' title='bbox 1536 1194 1570 1224; x_wconf 88' lang='lat'>&amp;</span> <span class='ocrx_word' id='word_1_657' title='bbox 1581 1204 1633 1224; x_wconf 87' lang='lat' dir='ltr'><strong>vos</strong></span> <span class='ocrx_word' id='word_1_658' title='bbox 1644 1215 1654 1228; x_wconf 86' lang='lat'><em>‚</em></span> <span class='ocrx_word' id='word_1_659' title='bbox 1665 1195 1881 1235; x_wconf 86' lang='lat' dir='ltr'><strong>quijudicatis:</strong></span> <span class='ocrx_word' id='word_1_660' title='bbox 1896 1207 1927 1227; x_wconf 93' lang='lat' dir='ltr'><strong>ut</strong></span> <span class='ocrx_word' id='word_1_661' title='bbox 1937 1196 1956 1227; x_wconf 87' lang='lat' dir='ltr'>fi</span> <span class='ocrx_word' id='word_1_662' title='bbox 1971 1199 2136 1238; x_wconf 80' lang='lat' dir='ltr'><strong>probabilia</strong></span> 
     </span>
     <span class='ocr_line' id='line_1_88' title="bbox 1175 1235 2134 1281; baseline 0.006 -16"><span class='ocrx_word' id='word_1_663' title='bbox 1175 1235 1331 1269; x_wconf 86' lang='lat' dir='ltr'><strong>dicentur,</strong></span> <span class='ocrx_word' id='word_1_664' title='bbox 1351 1236 1394 1265; x_wconf 89' lang='lat' dir='ltr'><strong>nil</strong></span> <span class='ocrx_word' id='word_1_665' title='bbox 1413 1235 1487 1266; x_wconf 68' lang='lat' dir='ltr'><strong>ultra</strong></span> <span class='ocrx_word' id='word_1_666' title='bbox 1508 1238 1674 1276; x_wconf 85' lang='lat' dir='ltr'><strong>requiratis.</strong></span> <span class='ocrx_word' id='word_1_667' title='bbox 1702 1239 1880 1278; x_wconf 84' lang='lat' dir='ltr'><strong>Qaeramus</strong></span> <span class='ocrx_word' id='word_1_668' title='bbox 1898 1241 1988 1281; x_wconf 88' lang='lat' dir='ltr'><strong>igitur</strong></span> <span class='ocrx_word' id='word_1_669' title='bbox 2005 1241 2134 1274; x_wconf 84' lang='lat' dir='ltr'><strong>causam,</strong></span> 
     </span>
     <span class='ocr_line' id='line_1_89' title="bbox 1175 1278 2133 1323; baseline 0.006 -17"><span class='ocrx_word' id='word_1_670' title='bbox 1175 1287 1239 1318; x_wconf 84' lang='lat' dir='ltr'><strong>quae</strong></span> <span class='ocrx_word' id='word_1_671' title='bbox 1249 1287 1318 1307; x_wconf 83' lang='lat' dir='ltr'><strong>eum</strong></span> <span class='ocrx_word' id='word_1_672' title='bbox 1333 1278 1510 1317; x_wconf 50' lang='lat' dir='ltr'><strong>impulerit„</strong></span> <span class='ocrx_word' id='word_1_673' title='bbox 1532 1280 1583 1318; x_wconf 92' lang='lat' dir='ltr'><strong>qui</strong></span> <span class='ocrx_word' id='word_1_674' title='bbox 1595 1278 1656 1308; x_wconf 81' lang='lat' dir='ltr'><strong>haec</strong></span> <span class='ocrx_word' id='word_1_675' title='bbox 1667 1281 1856 1310; x_wconf 88' lang='lat' dir='ltr'><strong>machinatus</strong></span> <span class='ocrx_word' id='word_1_676' title='bbox 1866 1279 1901 1310; x_wconf 89' lang='lat' dir='ltr'><strong>fit</strong></span> <span class='ocrx_word' id='word_1_677' title='bbox 1912 1301 1920 1314; x_wconf 95' lang='lat'>,</span> <span class='ocrx_word' id='word_1_678' title='bbox 1941 1290 1972 1311; x_wconf 90' lang='lat' dir='ltr'><strong>ut</strong></span> <span class='ocrx_word' id='word_1_679' title='bbox 1981 1284 2133 1323; x_wconf 81' lang='lat' dir='ltr'><strong>originem</strong></span> 
     </span>
     <span class='ocr_line' id='line_1_90' title="bbox 1174 1319 2135 1362; baseline 0.006 -14"><span class='ocrx_word' id='word_1_680' title='bbox 1174 1329 1271 1349; x_wconf 85' lang='lat' dir='ltr'><strong>rerum</strong></span> <span class='ocrx_word' id='word_1_681' title='bbox 1284 1339 1292 1352; x_wconf 86' lang='lat'>‚</span> <span class='ocrx_word' id='word_1_682' title='bbox 1313 1319 1345 1349; x_wconf 90' lang='lat'>&amp;</span> <span class='ocrx_word' id='word_1_683' title='bbox 1367 1320 1565 1349; x_wconf 77' lang='lat' dir='ltr'><strong>molitionem</strong></span> <span class='ocrx_word' id='word_1_684' title='bbox 1586 1329 1696 1350; x_wconf 88' lang='lat' dir='ltr'><strong>novam</strong></span> <span class='ocrx_word' id='word_1_685' title='bbox 1714 1330 1865 1362; x_wconf 84' lang='lat' dir='ltr'><strong>quaei·eret.</strong></span> <span class='ocrx_word' id='word_1_686' title='bbox 1889 1323 2039 1355; x_wconf 86' lang='lat' dir='ltr'><strong>Probitate</strong></span> <span class='ocrx_word' id='word_1_687' title='bbox 2049 1324 2135 1354; x_wconf 80' lang='lat' dir='ltr'><strong>vide-</strong></span> 
     </span>
     <span class='ocr_line' id='line_1_91' title="bbox 1173 1360 2134 1407; baseline 0.006 -17"><span class='ocrx_word' id='word_1_688' title='bbox 1173 1362 1243 1391; x_wconf 86' lang='lat' dir='ltr'><strong>licet</strong></span> <span class='ocrx_word' id='word_1_689' title='bbox 1261 1360 1412 1400; x_wconf 78' lang='lat' dir='ltr'><strong>praestabat</strong></span> <span class='ocrx_word' id='word_1_690' title='bbox 1426 1371 1565 1391; x_wconf 79' lang='lat' dir='ltr'>:PROBUS</span> <span class='ocrx_word' id='word_1_691' title='bbox 1577 1368 1697 1392; x_wconf 77' lang='lat' dir='ltr'>AUTEM</span> <span class='ocrx_word' id='word_1_692' title='bbox 1711 1373 1856 1394; x_wconf 72' lang='lat' dir='ltr'><strong>mvrnrzr</strong></span> <span class='ocrx_word' id='word_1_693' title='bbox 1870 1374 2013 1395; x_wconf 72' lang='grc' dir='ltr'>ΝεΜιΝι.</span> <span class='ocrx_word' id='word_1_694' title='bbox 2034 1367 2134 1407; x_wconf 85' lang='lat' dir='ltr'><strong>itaquo</strong></span> 
     </span>
     <span class='ocr_line' id='line_1_92' title="bbox 1172 1401 2137 1448; baseline 0.005 -15"><span class='ocrx_word' id='word_1_695' title='bbox 1172 1405 1277 1433; x_wconf 87' lang='lat' dir='ltr'><strong>omnia</strong></span> <span class='ocrx_word' id='word_1_696' title='bbox 1290 1403 1332 1432; x_wconf 86' lang='lat' dir='ltr'><strong>sui</strong></span> <span class='ocrx_word' id='word_1_697' title='bbox 1344 1401 1453 1432; x_wconf 89' lang='lat' dir='ltr'><strong>similia</strong></span> <span class='ocrx_word' id='word_1_698' title='bbox 1460 1405 1621 1443; x_wconf 84' lang='lat' dir='ltr'><strong>generavit.</strong></span> <span class='ocrx_word' id='word_1_699' title='bbox 1643 1406 1715 1434; x_wconf 78' lang='lat' dir='ltr'><strong>Haec</strong></span> <span class='ocrx_word' id='word_1_700' title='bbox 1726 1406 1874 1435; x_wconf 90' lang='lat' dir='ltr'><strong>nimirum</strong></span> <span class='ocrx_word' id='word_1_701' title='bbox 1886 1407 2029 1448; x_wconf 85' lang='lat' dir='ltr'><strong>gignendi</strong></span> <span class='ocrx_word' id='word_1_702' title='bbox 2042 1417 2137 1438; x_wconf 86' lang='lat' dir='ltr'><strong>mun-</strong></span> 
     </span>
     <span class='ocr_line' id='line_1_93' title="bbox 1172 1443 2134 1481; baseline 0.006 -7"><span class='ocrx_word' id='word_1_703' title='bbox 1172 1445 1203 1474; x_wconf 93' lang='lat' dir='ltr'><strong>di</strong></span> <span class='ocrx_word' id='word_1_704' title='bbox 1212 1447 1295 1475; x_wconf 83' lang='lat' dir='ltr'><strong>causa</strong></span> <span class='ocrx_word' id='word_1_705' title='bbox 1306 1443 1470 1481; x_wconf 80' lang='lat' dir='ltr'><strong>justiffima.</strong></span> <span class='ocrx_word' id='word_1_706' title='bbox 1487 1446 1567 1474; x_wconf 84' lang='lat' dir='ltr'><strong>Nam</strong></span> <span class='ocrx_word' id='word_1_707' title='bbox 1577 1444 1647 1475; x_wconf 77' lang='lat' dir='ltr'><strong>cum</strong></span> <span class='ocrx_word' id='word_1_708' title='bbox 1659 1445 1855 1476; x_wconf 77' lang='lat' dir='ltr'><strong>constituisset</strong></span> <span class='ocrx_word' id='word_1_709' title='bbox 1866 1451 1952 1478; x_wconf 87' lang='lat' dir='ltr'><strong>Deus</strong></span> <span class='ocrx_word' id='word_1_710' title='bbox 1963 1449 2051 1479; x_wconf 85' lang='lat' dir='ltr'><strong>bonis</strong></span> <span class='ocrx_word' id='word_1_711' title='bbox 2061 1459 2134 1480; x_wconf 81' lang='lat' dir='ltr'><strong>om·</strong></span> 
     </span>
     <span class='ocr_line' id='line_1_94' title="bbox 1175 1485 2137 1530; baseline 0.006 -15"><span class='ocrx_word' id='word_1_712' title='bbox 1175 1486 1264 1516; x_wconf 84' lang='lat' dir='ltr'><strong>nibus</strong></span> <span class='ocrx_word' id='word_1_713' title='bbox 1275 1486 1395 1525; x_wconf 86' lang='lat' dir='ltr'><strong>explere</strong></span> <span class='ocrx_word' id='word_1_714' title='bbox 1405 1485 1569 1519; x_wconf 86' lang='lat' dir='ltr'><strong>mundum,</strong></span> <span class='ocrx_word' id='word_1_715' title='bbox 1582 1487 1653 1516; x_wconf 89' lang='lat' dir='ltr'><strong>mali</strong></span> <span class='ocrx_word' id='word_1_716' title='bbox 1665 1487 1742 1516; x_wconf 89' lang='lat' dir='ltr'><strong>nihil</strong></span> <span class='ocrx_word' id='word_1_717' title='bbox 1753 1487 1926 1523; x_wconf 85' lang='lat' dir='ltr'><strong>admiscere,</strong></span> <span class='ocrx_word' id='word_1_718' title='bbox 1939 1490 2038 1530; x_wconf 87' lang='lat' dir='ltr'><strong>quoad</strong></span> <span class='ocrx_word' id='word_1_719' title='bbox 2047 1499 2137 1521; x_wconf 85' lang='lat' dir='ltr'><strong>natu-</strong></span> 
     </span>
     <span class='ocr_line' id='line_1_95' title="bbox 1173 1527 2135 1568; baseline 0.006 -11"><span class='ocrx_word' id='word_1_720' title='bbox 1173 1537 1202 1557; x_wconf 90' lang='lat' dir='ltr'><strong>ra</strong></span> <span class='ocrx_word' id='word_1_721' title='bbox 1225 1537 1370 1566; x_wconf 83' lang='lat' dir='ltr'><strong>pateretur</strong></span> <span class='ocrx_word' id='word_1_722' title='bbox 1381 1538 1386 1556; x_wconf 88' lang='lat'><strong>:</strong></span> <span class='ocrx_word' id='word_1_723' title='bbox 1397 1527 1544 1567; x_wconf 88' lang='lat' dir='ltr'><strong>quidquid</strong></span> <span class='ocrx_word' id='word_1_724' title='bbox 1556 1537 1616 1557; x_wconf 90' lang='lat' dir='ltr'><strong>erat</strong></span> <span class='ocrx_word' id='word_1_725' title='bbox 1629 1547 1637 1560; x_wconf 86' lang='lat'><em>,</em></span> <span class='ocrx_word' id='word_1_726' title='bbox 1662 1528 1742 1568; x_wconf 92' lang='lat' dir='ltr'><strong>quod</strong></span> <span class='ocrx_word' id='word_1_727' title='bbox 1752 1531 1784 1558; x_wconf 91' lang='lat' dir='ltr'><strong>in</strong></span> <span class='ocrx_word' id='word_1_728' title='bbox 1798 1531 1941 1560; x_wconf 90' lang='lat' dir='ltr'><strong>cernendi</strong></span> <span class='ocrx_word' id='word_1_729' title='bbox 1953 1531 2070 1562; x_wconf 85' lang='lat' dir='ltr'><strong>sensum</strong></span> <span class='ocrx_word' id='word_1_730' title='bbox 2081 1543 2135 1562; x_wconf 82' lang='lat' dir='ltr'><strong>ca—</strong></span> 
     </span>
     <span class='ocr_line' id='line_1_96' title="bbox 1173 1567 2135 1612; baseline 0.007 -15"><span class='ocrx_word' id='word_1_731' title='bbox 1173 1569 1274 1601; x_wconf 89' lang='lat' dir='ltr'><strong>deret,</strong></span> <span class='ocrx_word' id='word_1_732' title='bbox 1290 1568 1320 1598; x_wconf 90' lang='lat' dir='ltr'><strong>id</strong></span> <span class='ocrx_word' id='word_1_733' title='bbox 1331 1567 1384 1597; x_wconf 89' lang='lat' dir='ltr'><strong>fibi</strong></span> <span class='ocrx_word' id='word_1_734' title='bbox 1397 1567 1546 1600; x_wconf 77' lang='lat' dir='ltr'><strong>assumsit,</strong></span> <span class='ocrx_word' id='word_1_735' title='bbox 1558 1578 1622 1597; x_wconf 60' lang='lat' dir='ltr'><strong>non,</strong></span> <span class='ocrx_word' id='word_1_736' title='bbox 1637 1570 1832 1609; x_wconf 86' lang='lat' dir='ltr'><strong>tranquillum</strong></span> <span class='ocrx_word' id='word_1_737' title='bbox 1849 1591 1857 1603; x_wconf 90' lang='lat'><em>,</em></span> <span class='ocrx_word' id='word_1_738' title='bbox 1870 1571 1902 1600; x_wconf 90' lang='lat'>&amp;</span> <span class='ocrx_word' id='word_1_739' title='bbox 1912 1573 2050 1612; x_wconf 90' lang='lat' dir='ltr'><strong>quietum</strong></span> <span class='ocrx_word' id='word_1_740' title='bbox 2062 1592 2071 1608; x_wconf 83' lang='lat'>‚</span> <span class='ocrx_word' id='word_1_741' title='bbox 2081 1575 2135 1605; x_wconf 78' lang='lat' dir='ltr'><strong>sed.</strong></span> 
     </span>
     <span class='ocr_line' id='line_1_97' title="bbox 1174 1609 2131 1652; baseline 0.008 -14"><span class='ocrx_word' id='word_1_742' title='bbox 1174 1609 1373 1639; x_wconf 74' lang='lat' dir='ltr'><strong>immoderate</strong></span> <span class='ocrx_word' id='word_1_743' title='bbox 1392 1611 1534 1650; x_wconf 89' lang='lat' dir='ltr'><strong>agitatum</strong></span> <span class='ocrx_word' id='word_1_744' title='bbox 1551 1629 1560 1643; x_wconf 92' lang='lat'>‚</span> <span class='ocrx_word' id='word_1_745' title='bbox 1582 1610 1614 1639; x_wconf 93' lang='lat'><strong>&amp;</strong></span> <span class='ocrx_word' id='word_1_746' title='bbox 1626 1609 1775 1640; x_wconf 60' lang='lat' dir='ltr'><strong>fluuuans</strong></span> <span class='ocrx_word' id='word_1_747' title='bbox 1787 1622 1791 1640; x_wconf 90' lang='lat'>:</span> <span class='ocrx_word' id='word_1_748' title='bbox 1804 1611 1895 1652; x_wconf 86' lang='lat' dir='ltr'><strong>idque</strong></span> <span class='ocrx_word' id='word_1_749' title='bbox 1906 1623 1944 1644; x_wconf 84' lang='lat' dir='ltr'><strong>ex</strong></span> <span class='ocrx_word' id='word_1_750' title='bbox 1954 1614 2131 1647; x_wconf 87' lang='lat' dir='ltr'><strong>inordinato</strong></span> 
     </span>
     <span class='ocr_line' id='line_1_98' title="bbox 1176 1650 2132 1695; baseline 0.008 -15"><span class='ocrx_word' id='word_1_751' title='bbox 1176 1653 1207 1680; x_wconf 91' lang='lat' dir='ltr'><strong>in</strong></span> <span class='ocrx_word' id='word_1_752' title='bbox 1225 1651 1366 1681; x_wconf 90' lang='lat' dir='ltr'><strong>ordinem</strong></span> <span class='ocrx_word' id='word_1_753' title='bbox 1387 1650 1524 1681; x_wconf 89' lang='lat' dir='ltr'><strong>adduxit.</strong></span> <span class='ocrx_word' id='word_1_754' title='bbox 1545 1652 1605 1681; x_wconf 91' lang='lat' dir='ltr'><strong>hoc</strong></span> <span class='ocrx_word' id='word_1_755' title='bbox 1614 1652 2132 1695; x_wconf 80' lang='lat' dir='ltr'><strong>enimjudicabateffepraestantius.</strong></span> 
     </span>
     <span class='ocr_line' id='line_1_99' title="bbox 1175 1692 2135 1739; baseline 0.009 -18"><span class='ocrx_word' id='word_1_756' title='bbox 1175 1702 1232 1722; x_wconf 70' lang='lat' dir='ltr'><strong>FAs</strong></span> <span class='ocrx_word' id='word_1_757' title='bbox 1246 1702 1365 1722; x_wconf 75' lang='lat' dir='ltr'><strong>Auri-:M</strong></span> <span class='ocrx_word' id='word_1_758' title='bbox 1378 1702 1434 1722; x_wconf 88' lang='lat' dir='ltr'><strong>nec</strong></span> <span class='ocrx_word' id='word_1_759' title='bbox 1444 1692 1497 1725; x_wconf 84' lang='lat' dir='ltr'><strong>est,</strong></span> <span class='ocrx_word' id='word_1_760' title='bbox 1509 1702 1565 1722; x_wconf 87' lang='lat' dir='ltr'><strong>nec</strong></span> <span class='ocrx_word' id='word_1_761' title='bbox 1575 1703 1720 1733; x_wconf 85' lang='lat' dir='ltr'><strong>umquam</strong></span> <span class='ocrx_word' id='word_1_762' title='bbox 1731 1693 1788 1724; x_wconf 86' lang='lat' dir='ltr'><strong>fuit</strong></span> <span class='ocrx_word' id='word_1_763' title='bbox 1799 1714 1807 1728; x_wconf 91' lang='lat'>‚</span> <span class='ocrx_word' id='word_1_764' title='bbox 1818 1696 1982 1736; x_wconf 87' lang='lat' dir='ltr'><strong>quidquam</strong></span> <span class='ocrx_word' id='word_1_765' title='bbox 1998 1696 2053 1728; x_wconf 91' lang='lat' dir='ltr'><strong>nisi</strong></span> <span class='ocrx_word' id='word_1_766' title='bbox 2064 1700 2135 1739; x_wconf 86' lang='lat' dir='ltr'><strong>pul-</strong></span> 
     </span>
     <span class='ocr_line' id='line_1_100' title="bbox 1173 1733 2132 1775; baseline 0.005 -13"><span class='ocrx_word' id='word_1_767' title='bbox 1173 1735 1356 1764; x_wconf 85' lang='lat' dir='ltr'><strong>cherrimum</strong></span> <span class='ocrx_word' id='word_1_768' title='bbox 1368 1733 1462 1763; x_wconf 82' lang='lat' dir='ltr'><strong>facere</strong></span> <span class='ocrx_word' id='word_1_769' title='bbox 1473 1743 1542 1763; x_wconf 91' lang='lat' dir='ltr'><strong>eum</strong></span> <span class='ocrx_word' id='word_1_770' title='bbox 1558 1753 1565 1767; x_wconf 90' lang='lat'><strong>,</strong></span> <span class='ocrx_word' id='word_1_771' title='bbox 1578 1736 1628 1774; x_wconf 78' lang='lat' dir='ltr'><strong>qui</strong></span> <span class='ocrx_word' id='word_1_772' title='bbox 1638 1733 1708 1764; x_wconf 82' lang='lat' dir='ltr'><strong>ess&#39;et</strong></span> <span class='ocrx_word' id='word_1_773' title='bbox 1718 1738 1865 1775; x_wconf 83' lang='lat' dir='ltr'><strong>optimus.</strong></span> <span class='ocrx_word' id='word_1_774' title='bbox 1888 1737 1968 1768; x_wconf 72' lang='lat' dir='ltr'><strong>Cum</strong></span> <span class='ocrx_word' id='word_1_775' title='bbox 1979 1741 2132 1772; x_wconf 79' lang='lat' dir='ltr'><strong>rationem</strong></span> 
     </span>
     <span class='ocr_line' id='line_1_101' title="bbox 1175 1773 2134 1822; baseline 0.008 -18"><span class='ocrx_word' id='word_1_776' title='bbox 1175 1777 1263 1816; x_wconf 86' lang='lat' dir='ltr'><strong>igitur</strong></span> <span class='ocrx_word' id='word_1_777' title='bbox 1284 1773 1430 1805; x_wconf 84' lang='lat' dir='ltr'><strong>habuiss&#39;et</strong></span> <span class='ocrx_word' id='word_1_778' title='bbox 1443 1794 1452 1807; x_wconf 86' lang='lat'><em>‚</em></span> <span class='ocrx_word' id='word_1_779' title='bbox 1473 1777 1639 1814; x_wconf 82' lang='lat' dir='ltr'><strong>reperiebat</strong></span> <span class='ocrx_word' id='word_1_780' title='bbox 1647 1776 1725 1805; x_wconf 77' lang='lat' dir='ltr'><strong>nihil</strong></span> <span class='ocrx_word' id='word_1_781' title='bbox 1738 1775 1796 1807; x_wconf 81' lang='lat' dir='ltr'><strong>effe</strong></span> <span class='ocrx_word' id='word_1_782' title='bbox 1805 1788 1911 1810; x_wconf 82' lang='lat' dir='ltr'><strong>eorum</strong></span> <span class='ocrx_word' id='word_1_783' title='bbox 1925 1800 1934 1814; x_wconf 89' lang='lat'>‚</span> <span class='ocrx_word' id='word_1_784' title='bbox 1953 1791 2018 1822; x_wconf 88' lang='lat' dir='ltr'><strong>quae</strong></span> <span class='ocrx_word' id='word_1_785' title='bbox 2026 1791 2134 1814; x_wconf 86' lang='lat' dir='ltr'><strong>natura</strong></span> 
     </span>
     <span class='ocr_line' id='line_1_102' title="bbox 1172 1817 2135 1866; baseline 0.011 -21"><span class='ocrx_word' id='word_1_786' title='bbox 1172 1825 1362 1846; x_wconf 85' lang='lat' dir='ltr'><strong>cernerentur</strong></span> <span class='ocrx_word' id='word_1_787' title='bbox 1377 1837 1385 1850; x_wconf 87' lang='lat'><em>‚</em></span> <span class='ocrx_word' id='word_1_788' title='bbox 1406 1826 1471 1846; x_wconf 91' lang='lat' dir='ltr'><strong>non</strong></span> <span class='ocrx_word' id='word_1_789' title='bbox 1483 1817 1654 1858; x_wconf 84' lang='lat' dir='ltr'><strong>intelligens</strong></span> <span class='ocrx_word' id='word_1_790' title='bbox 1666 1838 1674 1850; x_wconf 94' lang='lat'>,</span> <span class='ocrx_word' id='word_1_791' title='bbox 1686 1819 1875 1861; x_wconf 85' lang='lat' dir='ltr'><strong>intelligente</strong></span> <span class='ocrx_word' id='word_1_792' title='bbox 1885 1841 1893 1855; x_wconf 95' lang='lat'>,</span> <span class='ocrx_word' id='word_1_793' title='bbox 1905 1823 1939 1852; x_wconf 90' lang='lat' dir='ltr'><strong>in</strong></span> <span class='ocrx_word' id='word_1_794' title='bbox 1950 1831 2015 1854; x_wconf 89' lang='lat' dir='ltr'><strong>toto</strong></span> <span class='ocrx_word' id='word_1_795' title='bbox 2025 1834 2135 1866; x_wconf 86' lang='lat' dir='ltr'><strong>genere</strong></span> 
     </span>
     <span class='ocr_line' id='line_1_103' title="bbox 1172 1857 2133 1903; baseline 0.012 -17"><span class='ocrx_word' id='word_1_796' title='bbox 1172 1857 1376 1898; x_wconf 77' lang='lat' dir='ltr'><strong>praestantius:</strong></span> <span class='ocrx_word' id='word_1_797' title='bbox 1399 1858 1628 1898; x_wconf 86' lang='lat' dir='ltr'><strong>intelligentiam</strong></span> <span class='ocrx_word' id='word_1_798' title='bbox 1649 1869 1746 1889; x_wconf 85' lang='lat' dir='ltr'><strong>autem</strong></span> <span class='ocrx_word' id='word_1_799' title='bbox 1760 1862 1814 1890; x_wconf 89' lang='lat' dir='ltr'><strong>ulli</strong></span> <span class='ocrx_word' id='word_1_800' title='bbox 1825 1864 1867 1892; x_wconf 87' lang='lat' dir='ltr'><strong>rei</strong></span> <span class='ocrx_word' id='word_1_801' title='bbox 1876 1863 2047 1903; x_wconf 72' lang='lat' dir='ltr'><strong>adjun8mm</strong></span> <span class='ocrx_word' id='word_1_802' title='bbox 2058 1865 2133 1902; x_wconf 73' lang='lat' dir='ltr'><strong>effi,</strong></span> 
     </span>
     <span class='ocr_line' id='line_1_104' title="bbox 1174 1899 2133 1945; baseline 0.01 -16"><span class='ocrx_word' id='word_1_803' title='bbox 1174 1899 1233 1929; x_wconf 89' lang='lat' dir='ltr'><strong>fine</strong></span> <span class='ocrx_word' id='word_1_804' title='bbox 1252 1901 1358 1930; x_wconf 85' lang='lat' dir='ltr'><strong>animo</strong></span> <span class='ocrx_word' id='word_1_805' title='bbox 1376 1899 1459 1930; x_wconf 88' lang='lat' dir='ltr'><strong>nefas</strong></span> <span class='ocrx_word' id='word_1_806' title='bbox 1470 1899 1536 1929; x_wconf 76' lang='lat' dir='ltr'><strong>efle-</strong></span> <span class='ocrx_word' id='word_1_807' title='bbox 1561 1902 1708 1941; x_wconf 70' lang='lat' dir='ltr'><strong>Qiocii&#39;ca</strong></span> <span class='ocrx_word' id='word_1_808' title='bbox 1722 1903 1954 1944; x_wconf 84' lang='lat' dir='ltr'><strong>intelligentiam</strong></span> <span class='ocrx_word' id='word_1_809' title='bbox 1966 1909 2133 1945; x_wconf 74' lang='lat' dir='ltr'><strong>inanimo,</strong></span> 
     </span>
     <span class='ocr_line' id='line_1_105' title="bbox 1172 1940 2130 1987; baseline 0.013 -17"><span class='ocrx_word' id='word_1_810' title='bbox 1172 1943 1309 1971; x_wconf 85' lang='lat' dir='ltr'><strong>animum</strong></span> <span class='ocrx_word' id='word_1_811' title='bbox 1327 1940 1472 1973; x_wconf 82' lang='lat' dir='ltr'><strong>conclusit</strong></span> <span class='ocrx_word' id='word_1_812' title='bbox 1483 1943 1514 1971; x_wconf 91' lang='lat' dir='ltr'><strong>in</strong></span> <span class='ocrx_word' id='word_1_813' title='bbox 1530 1952 1662 1982; x_wconf 84' lang='lat' dir='ltr'><strong>corpore.</strong></span> <span class='ocrx_word' id='word_1_814' title='bbox 1685 1945 1733 1973; x_wconf 88' lang='lat' dir='ltr'><strong>Sic</strong></span> <span class='ocrx_word' id='word_1_815' title='bbox 1742 1953 1818 1974; x_wconf 83' lang='lat' dir='ltr'><strong>ratus</strong></span> <span class='ocrx_word' id='word_1_816' title='bbox 1827 1945 1869 1976; x_wconf 88' lang='lat' dir='ltr'><strong>est</strong></span> <span class='ocrx_word' id='word_1_817' title='bbox 1879 1957 1955 1987; x_wconf 83' lang='lat' dir='ltr'><strong>opus</strong></span> <span class='ocrx_word' id='word_1_818' title='bbox 1967 1949 2045 1979; x_wconf 89' lang='lat' dir='ltr'><strong>illud</strong></span> <span class='ocrx_word' id='word_1_819' title='bbox 2057 1949 2130 1982; x_wconf 81' lang='lat' dir='ltr'><strong>effe-</strong></span> 
     </span>
     <span class='ocr_line' id='line_1_106' title="bbox 1173 1982 2131 2027; baseline 0.01 -14"><span class='ocrx_word' id='word_1_820' title='bbox 1173 1983 1257 2013; x_wconf 64' lang='lat' dir='ltr'><strong>&amp;tum</strong></span> <span class='ocrx_word' id='word_1_821' title='bbox 1277 1982 1334 2013; x_wconf 84' lang='lat' dir='ltr'><strong>effe</strong></span> <span class='ocrx_word' id='word_1_822' title='bbox 1351 1984 1602 2023; x_wconf 85' lang='lat' dir='ltr'><strong>pulcherrimum.</strong></span> <span class='ocrx_word' id='word_1_823' title='bbox 1627 1987 1725 2027; x_wconf 84' lang='lat' dir='ltr'><strong>Qam</strong></span> <span class='ocrx_word' id='word_1_824' title='bbox 1750 1986 1791 2015; x_wconf 87' lang='lat' dir='ltr'><strong>ob</strong></span> <span class='ocrx_word' id='word_1_825' title='bbox 1799 1989 1914 2019; x_wconf 82' lang='lat' dir='ltr'><strong>causam</strong></span> <span class='ocrx_word' id='word_1_826' title='bbox 1925 2000 1988 2021; x_wconf 91' lang='lat' dir='ltr'><strong>non</strong></span> <span class='ocrx_word' id='word_1_827' title='bbox 2001 1990 2044 2022; x_wconf 88' lang='lat' dir='ltr'><strong>est</strong></span> <span class='ocrx_word' id='word_1_828' title='bbox 2052 2002 2131 2025; x_wconf 86' lang='lat' dir='ltr'><strong>cun-</strong></span> 
     </span>
     <span class='ocr_line' id='line_1_107' title="bbox 1173 2024 2133 2073; baseline 0.011 -19"><span class='ocrx_word' id='word_1_829' title='bbox 1173 2024 1316 2055; x_wconf 70' lang='lat' dir='ltr'><strong>&amp;andum</strong></span> <span class='ocrx_word' id='word_1_830' title='bbox 1327 2024 1463 2065; x_wconf 82' lang='lat' dir='ltr'><strong>profiteri</strong></span> <span class='ocrx_word' id='word_1_831' title='bbox 1479 2045 1486 2059; x_wconf 87' lang='lat'>‚</span> <span class='ocrx_word' id='word_1_832' title='bbox 1510 2024 1530 2054; x_wconf 89' lang='lat' dir='ltr'><strong>fi</strong></span> <span class='ocrx_word' id='word_1_833' title='bbox 1544 2026 1638 2056; x_wconf 65' lang='lat' dir='ltr'><strong>mode&gt;</strong></span> <span class='ocrx_word' id='word_1_834' title='bbox 1648 2026 1819 2067; x_wconf 82' lang='lat' dir='ltr'><strong>investigari</strong></span> <span class='ocrx_word' id='word_1_835' title='bbox 1831 2030 1945 2071; x_wconf 90' lang='lat' dir='ltr'><strong>aliquid</strong></span> <span class='ocrx_word' id='word_1_836' title='bbox 1954 2033 2133 2073; x_wconf 57' lang='lat' dir='ltr'><strong>conjustura.</strong></span> 
     </span>
     <span class='ocr_line' id='line_1_108' title="bbox 1172 2066 2132 2113; baseline 0.008 -18"><span class='ocrx_word' id='word_1_837' title='bbox 1172 2066 1279 2106; x_wconf 86' lang='lat' dir='ltr'><strong>potest,</strong></span> <span class='ocrx_word' id='word_1_838' title='bbox 1297 2069 1363 2096; x_wconf 74' lang='lat' dir='ltr'><strong>hum</strong></span> <span class='ocrx_word' id='word_1_839' title='bbox 1377 2067 1513 2096; x_wconf 61' lang='lat' dir='ltr'><strong>mundium</strong></span> <span class='ocrx_word' id='word_1_840' title='bbox 1522 2069 1634 2097; x_wconf 82' lang='lat' dir='ltr'><strong>animal</strong></span> <span class='ocrx_word' id='word_1_841' title='bbox 1643 2068 1700 2106; x_wconf 75' lang='lat' dir='ltr'><strong>effi,</strong></span> <span class='ocrx_word' id='word_1_842' title='bbox 1713 2070 1795 2110; x_wconf 83' lang='lat' dir='ltr'><strong>idque</strong></span> <span class='ocrx_word' id='word_1_843' title='bbox 1805 2072 1968 2113; x_wconf 70' lang='lat' dir='ltr'><strong>intelligens,</strong></span> <span class='ocrx_word' id='word_1_844' title='bbox 1984 2075 2018 2108; x_wconf 59' lang='grc' dir='ltr'><strong>ἐφ’</strong></span> <span class='ocrx_word' id='word_1_845' title='bbox 2027 2077 2132 2107; x_wconf 68' lang='lat' dir='ltr'><strong>divina.</strong></span> 
     </span>
    </p>
   </div>
   <div class='ocr_carea' id='block_1_18' title="bbox 2156 751 2170 762">
    <p class='ocr_par' dir='ltr' id='par_1_19' title="bbox 2156 751 2170 762">
     <span class='ocr_line' id='line_1_109' title="bbox 2156 751 2170 762; baseline 0 -4"><span class='ocrx_word' id='word_1_846' title='bbox 2156 751 2170 762; x_wconf 61' lang='lat' dir='ltr'>a</span> 
     </span>
    </p>
   </div>
   <div class='ocr_carea' id='block_1_19' title="bbox 2157 762 2170 782">
    <p class='ocr_par' dir='ltr' id='par_1_20' title="bbox 2157 762 2170 782">
     <span class='ocr_line' id='line_1_110' title="bbox 2157 762 2170 782; baseline 0 0"><span class='ocrx_word' id='word_1_847' title='bbox 2157 762 2170 782; x_wconf 67' lang='lat'>5</span> 
     </span>
    </p>
   </div>
   <div class='ocr_carea' id='block_1_20' title="bbox 1167 2108 2166 2159">
    <p class='ocr_par' dir='ltr' id='par_1_21' title="bbox 1167 2108 2166 2159">
     <span class='ocr_line' id='line_1_111' title="bbox 1167 2108 2166 2159; baseline 0.016 -24"><span class='ocrx_word' id='word_1_848' title='bbox 1167 2109 1348 2150; x_wconf 75' lang='lat' dir='ltr'><strong>providentia</strong></span> <span class='ocrx_word' id='word_1_849' title='bbox 1366 2108 1556 2144; x_wconf 81' lang='lat' dir='ltr'><strong>constitutum.</strong></span> <span class='ocrx_word' id='word_1_850' title='bbox 1581 2112 1649 2140; x_wconf 84' lang='lat' dir='ltr'><strong>Hoc</strong></span> <span class='ocrx_word' id='word_1_851' title='bbox 1668 2110 1782 2150; x_wconf 75' lang='lat' dir='ltr'><strong>pofito3</strong></span> <span class='ocrx_word' id='word_1_852' title='bbox 1801 2114 1882 2153; x_wconf 87' lang='lat' dir='ltr'><strong>quod</strong></span> <span class='ocrx_word' id='word_1_853' title='bbox 1906 2115 2056 2156; x_wconf 83' lang='lat' dir='ltr'><strong>sequitur,</strong></span> <span class='ocrx_word' id='word_1_854' title='bbox 2079 2122 2126 2150; x_wconf 81' lang='lat' dir='ltr'><strong>vi-</strong></span> <span class='ocrx_word' id='word_1_855' title='bbox 2141 2126 2166 2159; x_wconf 84' lang='lat'>4</span> 
     </span>
    </p>
   </div>
   <div class='ocr_carea' id='block_1_21' title="bbox 1170 2150 2136 2365">
    <p class='ocr_par' dir='ltr' id='par_1_22' title="bbox 1170 2150 2136 2365">
     <span class='ocr_line' id='line_1_112' title="bbox 1172 2150 2132 2201; baseline 0.014 -22"><span class='ocrx_word' id='word_1_856' title='bbox 1172 2151 1304 2180; x_wconf 88' lang='lat' dir='ltr'><strong>dendum</strong></span> <span class='ocrx_word' id='word_1_857' title='bbox 1326 2150 1368 2181; x_wconf 86' lang='lat' dir='ltr'><strong>est</strong></span> <span class='ocrx_word' id='word_1_858' title='bbox 1387 2170 1395 2184; x_wconf 88' lang='lat'>‚</span> <span class='ocrx_word' id='word_1_859' title='bbox 1421 2152 1576 2189; x_wconf 85' lang='lat' dir='ltr'><strong>cujusnam</strong></span> <span class='ocrx_word' id='word_1_860' title='bbox 1601 2154 1803 2183; x_wconf 84' lang='lat' dir='ltr'><strong>animantium</strong></span> <span class='ocrx_word' id='word_1_861' title='bbox 1827 2158 1911 2187; x_wconf 84' lang='lat' dir='ltr'><strong>Deus</strong></span> <span class='ocrx_word' id='word_1_862' title='bbox 1929 2160 1960 2187; x_wconf 88' lang='lat' dir='ltr'><strong>in</strong></span> <span class='ocrx_word' id='word_1_863' title='bbox 1983 2158 2132 2201; x_wconf 72' lang='lat' dir='ltr'><strong>fingendo</strong></span> 
     </span>
     <span class='ocr_line' id='line_1_113' title="bbox 1171 2191 2127 2237; baseline 0.014 -16"><span class='ocrx_word' id='word_1_864' title='bbox 1171 2192 1288 2222; x_wconf 89' lang='lat' dir='ltr'><strong>mundo</strong></span> <span class='ocrx_word' id='word_1_865' title='bbox 1300 2191 1530 2222; x_wconf 78' lang='lat' dir='ltr'><strong>similitudinem</strong></span> <span class='ocrx_word' id='word_1_866' title='bbox 1544 2194 1658 2224; x_wconf 84' lang='lat' dir='ltr'><strong>secutus</strong></span> <span class='ocrx_word' id='word_1_867' title='bbox 1668 2193 1709 2224; x_wconf 90' lang='lat' dir='ltr'><strong>sit.</strong></span> <span class='ocrx_word' id='word_1_868' title='bbox 1725 2196 1849 2226; x_wconf 82' lang='lat' dir='ltr'><strong>Nullius</strong></span> <span class='ocrx_word' id='word_1_869' title='bbox 1858 2198 2006 2237; x_wconf 60' lang='lat' dir='ltr'><strong>profeRo,</strong></span> <span class='ocrx_word' id='word_1_870' title='bbox 2017 2212 2127 2234; x_wconf 84' lang='lat' dir='ltr'><strong>eorum</strong></span> 
     </span>
     <span class='ocr_line' id='line_1_114' title="bbox 1171 2234 2136 2276; baseline 0.011 -13"><span class='ocrx_word' id='word_1_871' title='bbox 1171 2234 1306 2274; x_wconf 79' lang='lat' dir='ltr'><strong>quidem,</strong></span> <span class='ocrx_word' id='word_1_872' title='bbox 1320 2245 1384 2275; x_wconf 86' lang='lat' dir='ltr'><strong>quae</strong></span> <span class='ocrx_word' id='word_1_873' title='bbox 1396 2235 1462 2265; x_wconf 83' lang='lat' dir='ltr'><strong>sunt</strong></span> <span class='ocrx_word' id='word_1_874' title='bbox 1473 2235 1564 2265; x_wconf 88' lang='lat' dir='ltr'><strong>nobis</strong></span> <span class='ocrx_word' id='word_1_875' title='bbox 1572 2245 1644 2266; x_wconf 89' lang='lat' dir='ltr'><strong>nota</strong></span> <span class='ocrx_word' id='word_1_876' title='bbox 1653 2239 1827 2268; x_wconf 88' lang='lat' dir='ltr'><strong>animantia.</strong></span> <span class='ocrx_word' id='word_1_877' title='bbox 1850 2240 1917 2271; x_wconf 87' lang='lat' dir='ltr'><strong>sunt</strong></span> <span class='ocrx_word' id='word_1_878' title='bbox 1925 2244 2008 2273; x_wconf 87' lang='lat' dir='ltr'><strong>enim</strong></span> <span class='ocrx_word' id='word_1_879' title='bbox 2020 2247 2136 2276; x_wconf 83' lang='lat' dir='ltr'><strong>omnia..</strong></span> 
     </span>
     <span class='ocr_line' id='line_1_115' title="bbox 1172 2277 2125 2326; baseline 0.014 -21"><span class='ocrx_word' id='word_1_880' title='bbox 1172 2286 1203 2306; x_wconf 90' lang='lat' dir='ltr'><strong>in</strong></span> <span class='ocrx_word' id='word_1_881' title='bbox 1224 2277 1358 2316; x_wconf 79' lang='lat' dir='ltr'><strong>quaedam</strong></span> <span class='ocrx_word' id='word_1_882' title='bbox 1378 2287 1485 2317; x_wconf 76' lang='lat' dir='ltr'><strong>genera</strong></span> <span class='ocrx_word' id='word_1_883' title='bbox 1508 2280 1610 2317; x_wconf 85' lang='lat' dir='ltr'><strong>partita</strong></span> <span class='ocrx_word' id='word_1_884' title='bbox 1624 2298 1631 2311; x_wconf 85' lang='lat'><em>,</em></span> <span class='ocrx_word' id='word_1_885' title='bbox 1655 2288 1705 2308; x_wconf 86' lang='lat' dir='ltr'><strong>aut</strong></span> <span class='ocrx_word' id='word_1_886' title='bbox 1726 2280 1881 2315; x_wconf 84' lang='lat' dir='ltr'><strong>inchoata,</strong></span> <span class='ocrx_word' id='word_1_887' title='bbox 1905 2284 1988 2314; x_wconf 91' lang='lat' dir='ltr'><strong>nulla</strong></span> <span class='ocrx_word' id='word_1_888' title='bbox 1998 2295 2125 2326; x_wconf 84' lang='lat' dir='ltr'><strong>exparte</strong></span> 
     </span>
     <span class='ocr_line' id='line_1_116' title="bbox 1170 2318 2124 2365; baseline 0.013 -18"><span class='ocrx_word' id='word_1_889' title='bbox 1170 2318 1306 2358; x_wconf 59' lang='lat' dir='ltr'><strong>pei-fecta.</strong></span> <span class='ocrx_word' id='word_1_890' title='bbox 1323 2318 1498 2358; x_wconf 71' lang='lat' dir='ltr'><strong>impeife&amp;o</strong></span> <span class='ocrx_word' id='word_1_891' title='bbox 1509 2329 1622 2354; x_wconf 81' lang='lat' dir='ltr'><strong>autem,</strong></span> <span class='ocrx_word' id='word_1_892' title='bbox 1634 2331 1689 2351; x_wconf 92' lang='lat' dir='ltr'><strong>nec</strong></span> <span class='ocrx_word' id='word_1_893' title='bbox 1698 2321 1836 2352; x_wconf 86' lang='lat' dir='ltr'><strong>absoluto</strong></span> <span class='ocrx_word' id='word_1_894' title='bbox 1846 2321 1953 2358; x_wconf 84' lang='lat' dir='ltr'><strong>simile,</strong></span> <span class='ocrx_word' id='word_1_895' title='bbox 1965 2328 2124 2365; x_wconf 90' lang='lat' dir='ltr'><strong>pulchrum</strong></span> 
     </span>
    </p>
   </div>
   <div class='ocr_carea' id='block_1_22' title="bbox 1155 2359 2133 2412">
    <p class='ocr_par' dir='ltr' id='par_1_23' title="bbox 1155 2359 2133 2412">
     <span class='ocr_line' id='line_1_117' title="bbox 1155 2359 2133 2412; baseline 0.009 -23"><span class='ocrx_word' id='word_1_896' title='bbox 1155 2359 1227 2390; x_wconf 80' lang='lat' dir='ltr'><strong>&#39;effe</strong></span> <span class='ocrx_word' id='word_1_897' title='bbox 1250 2361 1327 2389; x_wconf 86' lang='lat' dir='ltr'><strong>nihil</strong></span> <span class='ocrx_word' id='word_1_898' title='bbox 1347 2360 1451 2400; x_wconf 87' lang='lat' dir='ltr'><strong>potest.</strong></span> <span class='ocrx_word' id='word_1_899' title='bbox 1473 2362 1558 2401; x_wconf 73' lang='lat' dir='ltr'><strong>cujus</strong></span> <span class='ocrx_word' id='word_1_900' title='bbox 1578 2372 1646 2403; x_wconf 84' lang='lat' dir='ltr'><strong>ergo</strong></span> <span class='ocrx_word' id='word_1_901' title='bbox 1667 2373 1761 2394; x_wconf 85' lang='lat' dir='ltr'><strong>omne</strong></span> <span class='ocrx_word' id='word_1_902' title='bbox 1770 2365 1880 2412; x_wconf 72' lang='lat' dir='ltr'><strong>animal</strong></span> <span class='ocrx_word' id='word_1_903' title='bbox 1893 2366 1970 2406; x_wconf 83' lang='lat' dir='ltr'><strong>quafi</strong></span> <span class='ocrx_word' id='word_1_904' title='bbox 1980 2371 2133 2408; x_wconf 77' lang='lat' dir='ltr'><strong>particula.</strong></span> 
     </span>
    </p>
   </div>
   <div class='ocr_carea' id='block_1_23' title="bbox 1159 2401 2129 3161">
    <p class='ocr_par' dir='ltr' id='par_1_24' title="bbox 1159 2401 2129 3161">
     <span class='ocr_line' id='line_1_118' title="bbox 1168 2401 2124 2448; baseline 0.013 -17"><span class='ocrx_word' id='word_1_905' title='bbox 1168 2401 1301 2442; x_wconf 69' lang='lat' dir='ltr'><strong>qtiaedam</strong></span> <span class='ocrx_word' id='word_1_906' title='bbox 1315 2402 1356 2432; x_wconf 83' lang='lat' dir='ltr'><strong>est</strong></span> <span class='ocrx_word' id='word_1_907' title='bbox 1367 2423 1374 2436; x_wconf 64' lang='lat'><strong>³</strong></span> <span class='ocrx_word' id='word_1_908' title='bbox 1400 2401 1456 2433; x_wconf 88' lang='lat' dir='ltr'><strong>five</strong></span> <span class='ocrx_word' id='word_1_909' title='bbox 1465 2404 1496 2433; x_wconf 89' lang='lat' dir='ltr'><strong>in</strong></span> <span class='ocrx_word' id='word_1_910' title='bbox 1510 2402 1630 2444; x_wconf 81' lang='lat' dir='ltr'><strong>lingulis</strong></span> <span class='ocrx_word' id='word_1_911' title='bbox 1645 2425 1653 2437; x_wconf 89' lang='lat'>‚</span> <span class='ocrx_word' id='word_1_912' title='bbox 1666 2403 1766 2435; x_wconf 86' lang='lat' dir='ltr'><strong>sivein</strong></span> <span class='ocrx_word' id='word_1_913' title='bbox 1778 2406 1894 2436; x_wconf 71' lang='lat' dir='ltr'><strong>diverso</strong></span> <span class='ocrx_word' id='word_1_914' title='bbox 1904 2418 2011 2448; x_wconf 81' lang='lat' dir='ltr'><strong>genere</strong></span> <span class='ocrx_word' id='word_1_915' title='bbox 2019 2421 2124 2442; x_wconf 87' lang='lat' dir='ltr'><strong>cerna-</strong></span> 
     </span>
     <span class='ocr_line' id='line_1_119' title="bbox 1168 2443 2121 2495; baseline 0.012 -22"><span class='ocrx_word' id='word_1_916' title='bbox 1168 2453 1233 2476; x_wconf 85' lang='lat' dir='ltr'><strong>tur,</strong></span> <span class='ocrx_word' id='word_1_917' title='bbox 1255 2445 1319 2479; x_wconf 72' lang='lat' dir='ltr'><strong>eius</strong></span> <span class='ocrx_word' id='word_1_918' title='bbox 1336 2443 1465 2475; x_wconf 86' lang='lat' dir='ltr'><strong>fimilem</strong></span> <span class='ocrx_word' id='word_1_919' title='bbox 1488 2446 1638 2475; x_wconf 84' lang='lat' dir='ltr'><strong>mundum</strong></span> <span class='ocrx_word' id='word_1_920' title='bbox 1660 2445 1870 2478; x_wconf 82' lang='lat' dir='ltr'><strong>effedicamus.</strong></span> <span class='ocrx_word' id='word_1_921' title='bbox 1896 2452 2011 2481; x_wconf 89' lang='lat' dir='ltr'><strong>Omnes</strong></span> <span class='ocrx_word' id='word_1_922' title='bbox 2022 2454 2121 2495; x_wconf 87' lang='lat' dir='ltr'><strong>igitur,</strong></span> 
     </span>
     <span class='ocr_line' id='line_1_120' title="bbox 1165 2486 2121 2530; baseline 0.013 -16"><span class='ocrx_word' id='word_1_923' title='bbox 1165 2486 1217 2525; x_wconf 89' lang='lat' dir='ltr'><strong>qui</strong></span> <span class='ocrx_word' id='word_1_924' title='bbox 1236 2487 1340 2515; x_wconf 90' lang='lat' dir='ltr'><strong>animo</strong></span> <span class='ocrx_word' id='word_1_925' title='bbox 1349 2496 1512 2516; x_wconf 87' lang='lat' dir='ltr'><strong>cernuntur</strong></span> <span class='ocrx_word' id='word_1_926' title='bbox 1524 2508 1532 2520; x_wconf 91' lang='lat'><em>,</em></span> <span class='ocrx_word' id='word_1_927' title='bbox 1554 2487 1586 2517; x_wconf 91' lang='lat'>&amp;</span> <span class='ocrx_word' id='word_1_928' title='bbox 1596 2489 1711 2518; x_wconf 79' lang='lat' dir='ltr'><strong>ratione</strong></span> <span class='ocrx_word' id='word_1_929' title='bbox 1721 2489 1932 2529; x_wconf 83' lang='lat' dir='ltr'><strong>intelliguntur</strong></span> <span class='ocrx_word' id='word_1_930' title='bbox 1941 2496 2121 2530; x_wconf 87' lang='lat' dir='ltr'><strong>animantes,</strong></span> 
     </span>
     <span class='ocr_line' id='line_1_121' title="bbox 1164 2527 2121 2570; baseline 0.013 -15"><span class='ocrx_word' id='word_1_931' title='bbox 1164 2527 1479 2566; x_wconf 71' lang='lat' dir='ltr'><strong>complexurationis‚</strong></span> <span class='ocrx_word' id='word_1_932' title='bbox 1506 2529 1773 2570; x_wconf 80' lang='lat' dir='ltr'><strong>&amp;intelligentiae,</strong></span> <span class='ocrx_word' id='word_1_933' title='bbox 1798 2530 1869 2562; x_wconf 86' lang='lat' dir='ltr'><strong>sicut</strong></span> <span class='ocrx_word' id='word_1_934' title='bbox 1879 2534 2041 2569; x_wconf 85' lang='lat' dir='ltr'><strong>homines,</strong></span> <span class='ocrx_word' id='word_1_935' title='bbox 2062 2538 2121 2568; x_wconf 82' lang='lat' dir='ltr'><strong>boc</strong></span> 
     </span>
     <span class='ocr_line' id='line_1_122' title="bbox 1165 2569 2129 2614; baseline 0.013 -16"><span class='ocrx_word' id='word_1_936' title='bbox 1165 2569 1283 2599; x_wconf 87' lang='lat' dir='ltr'><strong>mundo</strong></span> <span class='ocrx_word' id='word_1_937' title='bbox 1296 2588 1304 2600; x_wconf 91' lang='lat'>,</span> <span class='ocrx_word' id='word_1_938' title='bbox 1317 2569 1347 2599; x_wconf 77' lang='grc' dir='ltr'><strong>ὃ(</strong></span> <span class='ocrx_word' id='word_1_939' title='bbox 1359 2570 1496 2608; x_wconf 85' lang='lat' dir='ltr'><strong>pecudes,</strong></span> <span class='ocrx_word' id='word_1_940' title='bbox 1509 2571 1541 2600; x_wconf 91' lang='lat'>&amp;</span> <span class='ocrx_word' id='word_1_941' title='bbox 1552 2573 1666 2604; x_wconf 80' lang='lat' dir='ltr'><strong>omnia,</strong></span> <span class='ocrx_word' id='word_1_942' title='bbox 1678 2582 1742 2612; x_wconf 78' lang='lat' dir='ltr'><strong>qua:</strong></span> <span class='ocrx_word' id='word_1_943' title='bbox 1752 2572 1805 2602; x_wconf 86' lang='lat' dir='ltr'><strong>sub</strong></span> <span class='ocrx_word' id='word_1_944' title='bbox 1815 2573 1986 2614; x_wconf 57' lang='lat' dir='ltr'><strong>adspectum</strong></span> <span class='ocrx_word' id='word_1_945' title='bbox 1997 2579 2129 2613; x_wconf 71' lang='lat' dir='ltr'><strong>cadunt,-</strong></span> 
     </span>
     <span class='ocr_line' id='line_1_123' title="bbox 1161 2611 2118 2653; baseline 0.013 -13"><span class='ocrx_word' id='word_1_946' title='bbox 1161 2611 1469 2650; x_wconf 80' lang='lat' dir='ltr'><strong>comprehenduntur.</strong></span> <span class='ocrx_word' id='word_1_947' title='bbox 1501 2613 1581 2651; x_wconf 89' lang='lat' dir='ltr'><strong>quod</strong></span> <span class='ocrx_word' id='word_1_948' title='bbox 1602 2616 1685 2643; x_wconf 87' lang='lat' dir='ltr'><strong>enim</strong></span> <span class='ocrx_word' id='word_1_949' title='bbox 1707 2615 1943 2653; x_wconf 82' lang='lat' dir='ltr'><strong>pulcherrimum</strong></span> <span class='ocrx_word' id='word_1_950' title='bbox 1965 2621 1997 2649; x_wconf 84' lang='lat' dir='ltr'><strong>in</strong></span> <span class='ocrx_word' id='word_1_951' title='bbox 2016 2631 2118 2652; x_wconf 83' lang='lat' dir='ltr'><strong>rerum</strong></span> 
     </span>
     <span class='ocr_line' id='line_1_124' title="bbox 1163 2653 2120 2697; baseline 0.007 -16"><span class='ocrx_word' id='word_1_952' title='bbox 1163 2660 1264 2682; x_wconf 85' lang='lat' dir='ltr'><strong>natura</strong></span> <span class='ocrx_word' id='word_1_953' title='bbox 1286 2654 1415 2693; x_wconf 86' lang='lat' dir='ltr'><strong>intelligi</strong></span> <span class='ocrx_word' id='word_1_954' title='bbox 1435 2653 1550 2692; x_wconf 86' lang='lat' dir='ltr'><strong>potest,</strong></span> <span class='ocrx_word' id='word_1_955' title='bbox 1571 2654 1693 2694; x_wconf 83' lang='lat' dir='ltr'><strong>&amp;quod</strong></span> <span class='ocrx_word' id='word_1_956' title='bbox 1704 2666 1742 2685; x_wconf 87' lang='lat' dir='ltr'><strong>ex</strong></span> <span class='ocrx_word' id='word_1_957' title='bbox 1753 2659 1840 2687; x_wconf 89' lang='lat' dir='ltr'><strong>omni</strong></span> <span class='ocrx_word' id='word_1_958' title='bbox 1853 2660 2120 2697; x_wconf 73' lang='lat' dir='ltr'><strong>parteabsolutissi-</strong></span> 
     </span>
     <span class='ocr_line' id='line_1_125' title="bbox 1163 2693 2127 2739; baseline 0.012 -16"><span class='ocrx_word' id='word_1_959' title='bbox 1163 2703 1249 2724; x_wconf 85' lang='lat' dir='ltr'><strong>mum</strong></span> <span class='ocrx_word' id='word_1_960' title='bbox 1271 2693 1313 2724; x_wconf 86' lang='lat' dir='ltr'><strong>est</strong></span> <span class='ocrx_word' id='word_1_961' title='bbox 1333 2714 1340 2727; x_wconf 90' lang='lat'>‚</span> <span class='ocrx_word' id='word_1_962' title='bbox 1362 2695 1433 2724; x_wconf 81' lang='lat' dir='ltr'><strong>cum</strong></span> <span class='ocrx_word' id='word_1_963' title='bbox 1453 2698 1537 2724; x_wconf 87' lang='lat' dir='ltr'><strong>Deus</strong></span> <span class='ocrx_word' id='word_1_964' title='bbox 1557 2694 1687 2726; x_wconf 86' lang='lat' dir='ltr'><strong>fimilem</strong></span> <span class='ocrx_word' id='word_1_965' title='bbox 1713 2699 1863 2728; x_wconf 84' lang='lat' dir='ltr'><strong>mundum</strong></span> <span class='ocrx_word' id='word_1_966' title='bbox 1882 2699 1998 2732; x_wconf 86' lang='lat' dir='ltr'><strong>efficere</strong></span> <span class='ocrx_word' id='word_1_967' title='bbox 2016 2705 2127 2739; x_wconf 64' lang='lat' dir='ltr'><strong>vellet..</strong></span> 
     </span>
     <span class='ocr_line' id='line_1_126' title="bbox 1161 2736 2119 2779; baseline 0.013 -14"><span class='ocrx_word' id='word_1_968' title='bbox 1161 2736 1272 2766; x_wconf 88' lang='lat' dir='ltr'><strong>animal</strong></span> <span class='ocrx_word' id='word_1_969' title='bbox 1284 2746 1377 2766; x_wconf 84' lang='lat' dir='ltr'><strong>unum</strong></span> <span class='ocrx_word' id='word_1_970' title='bbox 1392 2756 1399 2769; x_wconf 92' lang='lat'>,</span> <span class='ocrx_word' id='word_1_971' title='bbox 1421 2736 1617 2777; x_wconf 66' lang='lat' dir='ltr'><strong>adspeeiabiie</strong></span> <span class='ocrx_word' id='word_1_972' title='bbox 1627 2758 1635 2772; x_wconf 90' lang='lat'>‚</span> <span class='ocrx_word' id='word_1_973' title='bbox 1658 2740 1690 2768; x_wconf 92' lang='lat' dir='ltr'><strong>in</strong></span> <span class='ocrx_word' id='word_1_974' title='bbox 1701 2749 1762 2779; x_wconf 87' lang='lat' dir='ltr'><strong>quo</strong></span> <span class='ocrx_word' id='word_1_975' title='bbox 1774 2743 1879 2771; x_wconf 88' lang='lat' dir='ltr'><strong>omnia</strong></span> <span class='ocrx_word' id='word_1_976' title='bbox 1892 2745 2119 2777; x_wconf 86' lang='lat' dir='ltr'><strong>animaliacon-</strong></span> 
     </span>
     <span class='ocr_line' id='line_1_127' title="bbox 1160 2777 2119 2821; baseline 0.013 -15"><span class='ocrx_word' id='word_1_977' title='bbox 1160 2779 1344 2811; x_wconf 86' lang='lat' dir='ltr'><strong>tinerentur,</strong></span> <span class='ocrx_word' id='word_1_978' title='bbox 1366 2777 1473 2808; x_wconf 77' lang='lat' dir='ltr'><strong>effecit.</strong></span> <span class='ocrx_word' id='word_1_979' title='bbox 1498 2779 1631 2809; x_wconf 66' lang='lat' dir='ltr'><strong>Reeiene</strong></span> <span class='ocrx_word' id='word_1_980' title='bbox 1650 2783 1740 2821; x_wconf 84' lang='lat' dir='ltr'><strong>igitur</strong></span> <span class='ocrx_word' id='word_1_981' title='bbox 1760 2792 1855 2812; x_wconf 89' lang='lat' dir='ltr'><strong>unum</strong></span> <span class='ocrx_word' id='word_1_982' title='bbox 1868 2785 2019 2816; x_wconf 86' lang='lat' dir='ltr'><strong>mundum</strong></span> <span class='ocrx_word' id='word_1_983' title='bbox 2030 2788 2119 2818; x_wconf 84' lang='lat' dir='ltr'><strong>dixe-</strong></span> 
     </span>
     <span class='ocr_line' id='line_1_128' title="bbox 1162 2818 2118 2863; baseline 0.012 -15"><span class='ocrx_word' id='word_1_984' title='bbox 1162 2821 1258 2848; x_wconf 82' lang='lat' dir='ltr'><strong>rimus</strong></span> <span class='ocrx_word' id='word_1_985' title='bbox 1270 2839 1278 2852; x_wconf 89' lang='lat'>‚</span> <span class='ocrx_word' id='word_1_986' title='bbox 1295 2829 1331 2849; x_wconf 89' lang='lat' dir='ltr'><strong>an</strong></span> <span class='ocrx_word' id='word_1_987' title='bbox 1345 2818 1398 2849; x_wconf 88' lang='lat' dir='ltr'><strong>sint</strong></span> <span class='ocrx_word' id='word_1_988' title='bbox 1409 2820 1510 2859; x_wconf 84' lang='lat' dir='ltr'><strong>plures</strong></span> <span class='ocrx_word' id='word_1_989' title='bbox 1520 2840 1528 2853; x_wconf 84' lang='lat'><em>‚</em></span> <span class='ocrx_word' id='word_1_990' title='bbox 1539 2830 1575 2850; x_wconf 88' lang='lat' dir='ltr'><strong>an</strong></span> <span class='ocrx_word' id='word_1_991' title='bbox 1590 2823 1826 2854; x_wconf 81' lang='lat' dir='ltr'><strong>innumerabiles</strong></span> <span class='ocrx_word' id='word_1_992' title='bbox 1837 2846 1845 2858; x_wconf 93' lang='lat'>,</span> <span class='ocrx_word' id='word_1_993' title='bbox 1857 2825 1939 2856; x_wconf 61' lang='lat' dir='ltr'><strong>didiu</strong></span> <span class='ocrx_word' id='word_1_994' title='bbox 1950 2831 2050 2858; x_wconf 87' lang='lat' dir='ltr'><strong>verius</strong></span> <span class='ocrx_word' id='word_1_995' title='bbox 2060 2849 2068 2863; x_wconf 85' lang='lat'>,</span> <span class='ocrx_word' id='word_1_996' title='bbox 2083 2830 2118 2861; x_wconf 73' lang='grc' dir='ltr'><strong>δε</strong></span> 
     </span>
     <span class='ocr_line' id='line_1_129' title="bbox 1163 2861 2114 2910; baseline 0.012 -21"><span class='ocrx_word' id='word_1_997' title='bbox 1163 2862 1283 2890; x_wconf 81' lang='lat' dir='ltr'><strong>melius.</strong></span> <span class='ocrx_word' id='word_1_998' title='bbox 1309 2863 1394 2891; x_wconf 86' lang='lat' dir='ltr'><strong>Unus</strong></span> <span class='ocrx_word' id='word_1_999' title='bbox 1405 2861 1553 2901; x_wconf 55' lang='lat' dir='ltr'><strong>profesto,</strong></span> <span class='ocrx_word' id='word_1_1000' title='bbox 1568 2861 1711 2903; x_wconf 83' lang='lat' dir='ltr'><strong>siquidem</strong></span> <span class='ocrx_word' id='word_1_1001' title='bbox 1722 2864 1816 2895; x_wconf 60' lang='lat' dir='ltr'><strong>faetus</strong></span> <span class='ocrx_word' id='word_1_1002' title='bbox 1826 2865 1869 2896; x_wconf 90' lang='lat' dir='ltr'><strong>est</strong></span> <span class='ocrx_word' id='word_1_1003' title='bbox 1879 2868 1913 2897; x_wconf 90' lang='lat' dir='ltr'><strong>ad</strong></span> <span class='ocrx_word' id='word_1_1004' title='bbox 1924 2871 2114 2910; x_wconf 86' lang='lat' dir='ltr'><strong>exemplum.</strong></span> 
     </span>
     <span class='ocr_line' id='line_1_130' title="bbox 1161 2902 2117 2953; baseline 0.013 -22"><span class='ocrx_word' id='word_1_1005' title='bbox 1161 2902 1242 2942; x_wconf 90' lang='lat' dir='ltr'><strong>quod</strong></span> <span class='ocrx_word' id='word_1_1006' title='bbox 1255 2905 1337 2932; x_wconf 83' lang='lat' dir='ltr'><strong>enirn</strong></span> <span class='ocrx_word' id='word_1_1007' title='bbox 1349 2905 1469 2933; x_wconf 85' lang='lat' dir='ltr'><strong>omneis</strong></span> <span class='ocrx_word' id='word_1_1008' title='bbox 1480 2906 1658 2935; x_wconf 83' lang='lat' dir='ltr'><strong>animanteis</strong></span> <span class='ocrx_word' id='word_1_1009' title='bbox 1669 2916 1720 2935; x_wconf 86' lang='lat' dir='ltr'><strong>eos</strong></span> <span class='ocrx_word' id='word_1_1010' title='bbox 1733 2927 1740 2939; x_wconf 91' lang='lat'>,</span> <span class='ocrx_word' id='word_1_1011' title='bbox 1773 2909 1802 2937; x_wconf 86' lang='lat' dir='ltr'><strong>ui</strong></span> <span class='ocrx_word' id='word_1_1012' title='bbox 1812 2911 1929 2939; x_wconf 90' lang='lat' dir='ltr'><strong>ratione</strong></span> <span class='ocrx_word' id='word_1_1013' title='bbox 1939 2912 2117 2953; x_wconf 86' lang='lat' dir='ltr'><strong>intelligun-</strong></span> 
     </span>
     <span class='ocr_line' id='line_1_131' title="bbox 1162 2917 2118 2986; baseline 0.015 -15"><span class='ocrx_word' id='word_1_1014' title='bbox 1162 2953 1208 2973; x_wconf 84' lang='lat' dir='ltr'><strong>tur</strong></span> <span class='ocrx_word' id='word_1_1015' title='bbox 1221 2964 1229 2977; x_wconf 89' lang='lat'>,</span> <span class='ocrx_word' id='word_1_1016' title='bbox 1248 2943 1460 2983; x_wconf 64' lang='lat' dir='ltr'><strong>compleffitur</strong></span> <span class='ocrx_word' id='word_1_1017' title='bbox 1473 2965 1481 2978; x_wconf 86' lang='lat'>,</span> <span class='ocrx_word' id='word_1_1018' title='bbox 1504 2946 1533 2975; x_wconf 90' lang='lat' dir='ltr'><strong>id</strong></span> <span class='ocrx_word' id='word_1_1019' title='bbox 1554 2956 1615 2976; x_wconf 88' lang='lat' dir='ltr'><strong>non</strong></span> <span class='ocrx_word' id='word_1_1020' title='bbox 1626 2947 1722 2986; x_wconf 83' lang='lat' dir='ltr'><strong>potest</strong></span> <span class='ocrx_word' id='word_1_1021' title='bbox 1732 2917 1788 2978; x_wconf 64' lang='lat' dir='ltr'><strong>elle</strong></span> <span class='ocrx_word' id='word_1_1022' title='bbox 1797 2959 1866 2979; x_wconf 89' lang='lat' dir='ltr'><strong>cum</strong></span> <span class='ocrx_word' id='word_1_1023' title='bbox 1879 2951 1983 2982; x_wconf 88' lang='lat' dir='ltr'><strong>altero.</strong></span> <span class='ocrx_word' id='word_1_1024' title='bbox 2002 2956 2118 2985; x_wconf 76' lang='lat' dir='ltr'><strong>Rursus</strong></span> 
     </span>
     <span class='ocr_line' id='line_1_132' title="bbox 1160 2986 2116 3031; baseline 0.014 -18"><span class='ocrx_word' id='word_1_1025' title='bbox 1160 2987 1245 3015; x_wconf 85' lang='lat' dir='ltr'><strong>enim</strong></span> <span class='ocrx_word' id='word_1_1026' title='bbox 1272 2986 1347 3015; x_wconf 88' lang='lat' dir='ltr'><strong>alius</strong></span> <span class='ocrx_word' id='word_1_1027' title='bbox 1366 2996 1521 3020; x_wconf 82' lang='lat' dir='ltr'><strong>animans,</strong></span> <span class='ocrx_word' id='word_1_1028' title='bbox 1539 2990 1590 3027; x_wconf 88' lang='lat' dir='ltr'><strong>qui</strong></span> <span class='ocrx_word' id='word_1_1029' title='bbox 1614 2999 1682 3018; x_wconf 89' lang='lat' dir='ltr'><strong>eum</strong></span> <span class='ocrx_word' id='word_1_1030' title='bbox 1696 2991 1869 3026; x_wconf 84' lang='lat' dir='ltr'><strong>contineat,</strong></span> <span class='ocrx_word' id='word_1_1031' title='bbox 1892 2991 2047 3024; x_wconf 74' lang='lat' dir='ltr'><strong>fitneccffe</strong></span> <span class='ocrx_word' id='word_1_1032' title='bbox 2063 2996 2116 3031; x_wconf 82' lang='lat' dir='ltr'><strong>est,</strong></span> 
     </span>
     <span class='ocr_line' id='line_1_133' title="bbox 1159 3026 2125 3076; baseline 0.012 -21"><span class='ocrx_word' id='word_1_1033' title='bbox 1159 3028 1244 3066; x_wconf 87' lang='lat' dir='ltr'><strong>cujus</strong></span> <span class='ocrx_word' id='word_1_1034' title='bbox 1262 3036 1356 3067; x_wconf 81' lang='lat' dir='ltr'><strong>partes</strong></span> <span class='ocrx_word' id='word_1_1035' title='bbox 1376 3026 1448 3061; x_wconf 83' lang='lat' dir='ltr'><strong>sint,</strong></span> <span class='ocrx_word' id='word_1_1036' title='bbox 1471 3031 1638 3060; x_wconf 79' lang='lat' dir='ltr'><strong>animantes</strong></span> <span class='ocrx_word' id='word_1_1037' title='bbox 1659 3031 1822 3070; x_wconf 85' lang='lat' dir='ltr'><strong>superiores</strong></span> <span class='ocrx_word' id='word_1_1038' title='bbox 1836 3054 1843 3067; x_wconf 89' lang='lat'><strong><em>,</em></strong></span> <span class='ocrx_word' id='word_1_1039' title='bbox 1863 3036 2034 3076; x_wconf 82' lang='lat' dir='ltr'><strong>coelumque</strong></span> <span class='ocrx_word' id='word_1_1040' title='bbox 2048 3039 2125 3073; x_wconf 71' lang='lat' dir='ltr'><strong>hoc,¹</strong></span> 
     </span>
     <span class='ocr_line' id='line_1_134' title="bbox 1159 3067 2126 3119; baseline 0.01 -20"><span class='ocrx_word' id='word_1_1041' title='bbox 1159 3067 1349 3101; x_wconf 82' lang='lat' dir='ltr'><strong>simulacrum</strong></span> <span class='ocrx_word' id='word_1_1042' title='bbox 1371 3069 1454 3099; x_wconf 86' lang='lat' dir='ltr'><strong>illius</strong></span> <span class='ocrx_word' id='word_1_1043' title='bbox 1474 3071 1576 3101; x_wconf 88' lang='lat' dir='ltr'><strong>ultimi</strong></span> <span class='ocrx_word' id='word_1_1044' title='bbox 1598 3071 1651 3107; x_wconf 84' lang='lat' dir='ltr'><strong>sit,</strong></span> <span class='ocrx_word' id='word_1_1045' title='bbox 1674 3083 1738 3106; x_wconf 86' lang='lat' dir='ltr'><strong>non</strong></span> <span class='ocrx_word' id='word_1_1046' title='bbox 1756 3078 1903 3115; x_wconf 86' lang='lat' dir='ltr'><strong>proximi.</strong></span> <span class='ocrx_word' id='word_1_1047' title='bbox 1928 3080 2067 3119; x_wconf 66' lang='lat' dir='ltr'><strong>Quium</strong></span> <span class='ocrx_word' id='word_1_1048' title='bbox 2080 3089 2126 3112; x_wconf 69' lang='lat' dir='ltr'><strong>no,</strong></span> 
     </span>
     <span class='ocr_line' id='line_1_135' title="bbox 1174 3112 2122 3161; baseline 0.013 -21"><span class='ocrx_word' id='word_1_1049' title='bbox 1174 3112 1176 3115; x_wconf 85' lang='lat'>&#39;</span> <span class='ocrx_word' id='word_1_1050' title='bbox 1370 3114 1576 3144; x_wconf 81' lang='lat' dir='ltr'><strong>Eeeeeeee</strong></span> <span class='ocrx_word' id='word_1_1051' title='bbox 1601 3122 1615 3154; x_wconf 89' lang='lat'>3</span> <span class='ocrx_word' id='word_1_1052' title='bbox 2036 3122 2122 3161; x_wconf 74' lang='lat' dir='ltr'><strong>quid.</strong></span> 
     </span>
    </p>
   </div>
  </div>
 </body>
</html>
