2302 3353
72 1056 124 1101 ,ῃ

77 1967 126 2013 '33

479 164 549 196 nn
581 148 775 194 CLAR.
814 148 1100 195 ORA'ron.

144 232 192 265 sed
211 231 307 263 dicere
324 228 429 260 didicit
445 225 461 259 ὲ
481 225 599 258 dicendi
610 223 756 268 magistris
766 245 775 259 ‚
795 234 960 266 eorumque
970 235 1055 256 more
1068 227 1095 256 se

141 275 283 305 exercuit.
312 270 401 311 de
412 268 432 299 fi
444 271 548 299 omnia
558 268 573 298 a
581 268 768 308 philosophis
779 265 873 296 efl'ent
880 267 1007 306 petenda
1019 277 1024 296 :
1043 270 1097 297 Pe-

141 316 361 356 ripateticorum
370 310 514 341 institutis
524 309 719 340 commodius
730 308 889 349 fingeretur
899 310 1004 337 oratio.
1028 309 1098 348 Qo

143 357 236 397 magis
249 375 258 388 ,
270 362 357 384 tuum
368 372 376 386 ‚
390 355 476 382 Brute
487 371 496 386 ‚
510 351 657 388 iudicium
668 349 762 390 probo
773 369 782 383 2
795 351 847 390 qui
857 358 975 383 eorum,
990 352 999 368 ¹
1014 348 1046 378 id
1055 348 1098 378 est

140 407 180 428 ex
196 405 292 427 vetere
311 394 472 425 Academia
489 392 741 433 philosophorum
751 410 761 425 ‚
790 389 900 421 seGbam
921 391 1035 420 secutus
1055 399 1095 423 es,

139 446 271 479 quorum
290 438 323 466 in
334 434 470 466 doctrina
479 454 488 468 ,
507 443 593 475 atque
604 434 756 473 praeceptis
767 431 926 462 differendi
938 433 1012 462 tatio
1023 441 1099 461 con-

136 480 274 521 jungitur
292 487 364 508 cum
380 477 519 507 suavitate
538 475 658 506 dicendi
670 496 679 508 ‚
701 475 734 505 δε
750 475 836 514 copia
848 484 854 503 :
870 483 1054 514 quamquam
1066 482 1100 502 ea

141 521 203 561 ipsa
217 520 482 559 Peripateticorum
493 538 502 552 ‚
525 517 839 557 Academicorumque
856 515 1045 546 consuetudo
1065 515 1098 543 in

139 564 254 593 ratione
273 560 393 591 dicendi
411 562 476 590 talis
495 559 538 590 est
548 580 557 595 ‚
580 568 614 589 ut
632 569 688 589 nec
709 557 847 598 perficere
857 566 1006 587 oratorem
1014 555 1101 596 poffit

139 603 202 644 ipsa
211 613 262 643 per
272 603 340 636 sese,
352 612 407 632 nec
416 601 476 632 fine
486 612 519 632 ea
527 609 626 631 orator
636 597 693 631 esse
702 598 860 640 perfe8m8.
880 601 1010 632 Nam‚ut
1019 599 1098 629 Stoi-

142 654 247 676 corum
257 643 423 675 adstriffior
433 643 476 674 est
485 643 802 683 oratio,aliquantoque
810 638 1099 680 contraditionquam

140 696 224 717 aures
235 686 339 726 populi
350 687 507 726 requirunt
519 696 524 714 :
536 683 574 714 fic
584 685 706 713 illorum
718 682 887 715 liberion&
897 681 993 714 latior,
1005 679 1098 721 quam

139 727 441 769 patiturconsuetudo
454 726 645 762 iudiciorum,
657 725 690 753 &
698 724 767 753 fori.
797 724 872 765 Qis
883 724 967 752 enim
979 722 1100 752 uberior

140 773 176 800 in
186 769 315 799 dicendo
325 770 448 799 Platone
460 779 466 797 2
476 772 491 787 ³·
501 767 605 806 Jovem
614 765 886 805 ajuntphilosophi‚
904 763 924 793 si
936 763 1038 794 Graece
1051 764 1099 792 10-

140 820 249 852 quatur
258 831 267 845 ,
278 809 316 840 fic
326 811 419 850 loqui.
447 811 522 849 Qs
533 807 691 838 Aristotele
699 804 872 836 nervosior?
890 805 1098 844 Theophrasto

141 854 260 884 dulcior
272 856 281 881 ?
298 849 484 882 Leffitaviffe
501 850 656 880 Platonem
677 847 807 878 studiose
815 867 826 881 ,
850 846 995 878 audivisse
1005 848 1096 877 etiam

143 893 365 925 Demosthenes
375 893 484 923 dicitur
495 901 501 920 :
520 889 736 931 idquepppfit‘et
745 899 782 919 ex
789 899 897 931 genere
907 908 915 923 ,
937 889 969 919 &
978 888 1098 931 grandi-

143 944 200 967 tate
218 935 388 965 verborum.
411 933 486 963 dicit
502 935 594 963 etiam
613 933 645 962 in
654 931 780 973 quadam
791 931 914 971 epistola
923 931 982 961 hoc
991 931 1050 970 ipse
1061 929 1097 960 de

145 977 214 1007 sese.
233 976 288 1006 Sed
298 975 331 1005 δε
343 975 433 1014 hujus
441 976 536 1005 oratio
546 976 579 1004 in
586 973 810 1014 philosophiam
820 971 954 1004 transsata
965 992 973 1005 ‚
985 982 1098 1013 pugna-

143 1021 207 1048 cior
217 1016 262 1055 (ut
270 1018 310 1047 ita
318 1016 428 1056 dicam)
438 1016 573 1050 videtur,
599 1015 765 1044 &illorum
776 1016 808 1044 in
813 1014 926 1054 judicia
936 1034 944 1047 ,
957 1016 1094 1053 pacatior.

145 1061 238 1089 Nunc
246 1058 428 1098 reliquorum
439 1066 592 1087 oratorum
602 1064 711 1089 aetates,
726 1055 747 1085 si
756 1056 862 1096 placet,
875 1056 908 1086 δε
918 1055 1022 1097 gradus
1030 1065 1098 1095 per-

142 1101 308 1140 sequamur.
330 1102 363 1129 N
365 1099 430 1129 obis
440 1098 523 1132 vero,
536 1100 635 1140 inquit
644 1100 770 1131 Atticus,
783 1098 816 1128 ὃς
825 1099 1022 1128 vehementer
1030 1098 1098 1137 qui-

143 1142 213 1173 dem
226 1161 234 1174 ,
254 1150 287 1171 ut
304 1150 359 1181 pro
377 1143 468 1170 Bruto
486 1142 576 1170 etiam
595 1139 801 1179 respondeam.
832 1141 924 1170 Curio
938 1139 997 1169 fuit
1006 1140 1098 1179 igitur

143 1183 276 1223 ejusdem
286 1184 378 1212 aetatis
386 1181 448 1212 fere
459 1202 467 1216 ‚
487 1181 554 1212 sane
565 1181 688 1211 illustris
698 1190 796 1212 orator
805 1201 814 1215 ‚
833 1182 881 1221 cuj
886 1191 918 1211 us
926 1181 964 1212 de
973 1182 1098 1221 ingenio

144 1235 184 1255 ex
194 1224 379 1255 emtionibus
389 1224 452 1263 ejus
461 1223 625 1253 existimari
633 1222 738 1263 potest.
768 1226 845 1254 Sunt
864 1224 948 1253 enim
968 1222 1002 1252 ὃς
1021 1222 1095 1255 aliae,

143 1266 180 1297 &
188 1276 242 1306 pro
251 1269 310 1296 Ser.
320 1266 427 1295 Fulvio
435 1265 466 1294 de
474 1264 573 1301 incestu
584 1284 592 1298 ,
614 1265 726 1294 nobilis
735 1267 839 1295 oratio.
863 1264 962 1295 Nobis
972 1263 1096 1305 quidem

143 1309 253 1348 pueris,
265 1309 406 1337 omnium
417 1306 530 1346 optima
538 1306 711 1346 putabatur,
733 1316 797 1347 quae
807 1316 860 1336 vix
867 1307 931 1346 jam
941 1303 1096 1346 compdret

145 1352 180 1380 in
188 1350 241 1380 hac
250 1349 333 1379 turba
342 1358 495 1378 novorum
504 1349 711 1378 voluminum.
736 1347 874 1379 Praeclare
888 1369 897 1382 ,
914 1349 1015 1389 inquit
1023 1349 1098 1377 Bru-

145 1399 206 1425 tuS,
220 1399 308 1421 teneo
317 1392 368 1431 qui
378 1389 464 1420 istam
474 1390 591 1420 turbam
600 1390 797 1420 voluminum
809 1388 949 1421 effecerit.
981 1393 1020 1420 Et
1028 1398 1094 1431 ego,

145 1434 268 1473 inquam
279 1451 288 1465 ‚
300 1432 435 1471 intelligo
445 1452 453 1465 ,
466 1433 553 1461 Bmte
565 1452 574 1465 ,
586 1442 676 1472 quem
687 1432 774 1462 dicas.
795 1431 875 1462 certe
886 1433 970 1462 enim
981 1431 1013 1461 δε
1022 1431 1098 1461 boni

143 1473 255 1514 aliquid
262 1473 415 1504 attulimus
422 1474 575 1512 juventuti
585 1493 594 1507 ‚
606 1472 849 1514 magnificentius
858 1494 868 1507 ,
891 1473 982 1514 quam
991 1472 1096 1505 fuerat,

144 1524 238 1556 genus
247 1513 377 1548 dicendi,
389 1515 422 1545 δε
430 1517 563 1544 ornatius
574 1526 580 1544 :
596 1515 630 1545 ὃς
639 1517 802 1545 nocuimus
811 1514 942 1547 fortasse,
953 1513 1035 1556 quod
1046 1524 1098 1544 ve-

145 1565 222 1587 teres
230 1558 377 1586 orationes
387 1556 453 1597 post
461 1555 594 1590 nostru,
617 1566 682 1586 non
694 1556 710 1587 a
719 1567 768 1587 me
777 1557 902 1597 quidem
913 1556 1003 1596 (meis
1012 1557 1097 1586 enim

145 1598 213 1628 illas
232 1599 392 1638 antepono)
413 1598 461 1628 sed
475 1597 492 1627 a
501 1599 649 1639 plerisque
657 1599 716 1640 legi
726 1599 793 1628 sunt
803 1597 907 1628 defitae.
935 1601 1096 1630 Enumera,

146 1640 248 1680 inquit
258 1660 267 1672 ‚
285 1649 335 1669 me
344 1641 377 1669 in
383 1639 542 1680 plerisque.
570 1650 753 1681 quamquam
762 1640 853 1670 video
864 1640 941 1669 mihi
952 1640 1047 1669 multa
1056 1640 1100 1669 le-

145 1680 243 1723 genda
247 1681 310 1720 jam
319 1681 347 1711 t'e
356 1680 485 1715 auGtore,
497 1691 562 1722 quae
572 1690 658 1712 antea
666 1682 910 1712 contemnebam.
922 1683 1014 1722 Atqui
1025 1682 1098 1715 haec,

146 1725 271 1763 inquam
281 1742 290 1756 ‚
311 1722 343 1752 de
352 1721 452 1759 incestu
461 1723 575 1753 laudata
583 1725 678 1754 oratio
689 1744 696 1758 ,
707 1723 831 1764 puerilis
841 1722 883 1753 est
892 1723 965 1753 locis
976 1723 1081 1752 multis
1094 1732 1100 1751 :

147 1764 186 1794 de
194 1774 306 1798 amore,
317 1764 354 1795 de
363 1767 521 1795 tormentis
532 1785 540 1798 ‚
561 1765 597 1795 de
606 1775 726 1795 rumore
737 1786 746 1799 ,
760 1766 819 1795 loci
828 1765 894 1795 sane
904 1766 1009 1795 inanes
1021 1775 1027 1793 :
1048 1774 1101 1793 ve·-

147 1814 319 1837 rumtamen
334 1806 473 1836 nondum
490 1808 567 1837 tritis
584 1806 757 1837 nostrorum
776 1808 941 1837 hominum
967 1805 1098 1839 auribus,

147 1856 205 1877 nec
213 1847 326 1877 erudita
333 1849 461 1882 civitate,
473 1848 652 1878 tolerabiles.
673 1847 792 1888 Scripsit
800 1850 890 1878 etiam
899 1849 955 1878 alia
965 1848 1101 1878 nonnul-

145 1888 192 1923 la,
215 1889 455 1923 &multadixit,
476 1889 660 1924 &illustria‚
679 1890 755 1920 &in
765 1900 894 1920 numero
903 1898 1101 1929 patronorum

148 1929 225 1960 fuit:
244 1938 277 1959 ut
287 1940 358 1959 eum
368 1932 460 1960 mirer
469 1950 478 1964 ‚
495 1929 568 1960 cum
579 1931 612 1961 δε
620 1933 682 1962 vita
690 1930 930 1971 suppeditavisset
939 1951 947 1964 ,
960 1931 993 1960 &
1004 1931 1102 1970 splen-

150 1970 206 2001 dor
214 1971 243 2000 ei
253 1980 317 2000 non
325 1970 464 2000 defuisset
472 1991 481 2004 ,
503 1974 573 2001 Cos.
594 1982 658 2002 non
676 1972 774 2002 suiss'e.
816 1972 874 2002 Sed
883 1982 951 2002 ecce
961 1973 994 2001 in
1004 1973 1103 2002 mani-

150 2012 207 2044 bus
215 2013 263 2041 vir
271 2031 280 2045 ‚
291 2012 324 2041 δε
333 2011 566 2051 piaestantiffimo
574 2014 699 2053 ingenio
707 2033 716 2047 ,
741 2014 773 2043 &
784 2012 917 2054 flagranti
929 2012 1028 2042 studio
1039 2033 1047 2046 ‚
1069 2012 1102 2042 &

149 2052 257 2084 doetus
267 2052 283 2083 a
290 2062 394 2093 puero,
404 2054 598 2084 C Gracchus.
610 2055 686 2084 Noli
696 2056 781 2084 enim
790 2063 1097 2095 putare,quemquam,

148 2097 249 2127 Brute,
259 2094 428 2133 pleniorem
439 2095 472 2124 &
481 2095 652 2125 uberiorem
661 2095 696 2125 ad
707 2095 870 2125 dicendum
879 2094 975 2125 fuiss‘e.
991 2098 1030 2125 Et
1037 2095 1100 2129 ille,

149 2137 199 2166 Sic
206 2135 335 2175 prorsus,
346 2137 456 2176 inquit,
466 2135 610 2166 existimo
621 2148 629 2170 3
641 2145 726 2177 atque
738 2136 829 2166 istum
840 2137 877 2166 de
887 2137 1099 2176 superioribuS,

148 2176 234 2217 paene
245 2177 343 2207 solum
353 2177 430 2217 lego.
452 2175 556 2206 Immo
566 2177 665 2217 plane,
676 2181 810 2218 inquam,
822 2180 909 2208 Brute
920 2198 929 2211 ,
941 2178 1019 2218 legas
1029 2187 1100 2207 cen-

148 2219 209 2249 seo.
241 2221 398 2248 Damnum
408 2219 491 2248 enim
503 2238 511 2252 ‚
531 2219 613 2248 illius
624 2221 789 2249 immaturo
797 2221 920 2249 interitu
930 2229 975 2249 res
985 2222 1099 2249 Roma—

150 2269 197 2290 nae
207 2279 216 2294 ,
235 2261 407 2300 Latinaeque
425 2260 529 2289 litterae
544 2259 689 2290 fecerunt.
713 2263 839 2290 Utinam
857 2271 922 2291 non
942 2269 1002 2292 tarn
1016 2260 1098 2290 fratri

147 2303 299 2342 pietatem,
311 2300 399 2342 quam
405 2301 504 2342 patria:
514 2322 521 2334 ,
534 2301 667 2341 praestare
675 2301 826 2332 voluiffet.
848 2312 938 2345 quam
948 2303 1001 2332 ille
1010 2302 1096 2332 facile

148 2343 201 2373 tali
210 2344 332 2384 ingenio
342 2363 351 2376 ,
365 2342 476 2372 diutius
486 2341 632 2373 sivixiss'et
644 2365 652 2377 ,
664 2344 712 2374 vel
722 2352 874 2384 paternam
886 2343 967 2377 efl'et,
978 2344 1026 2374 vel
1036 2345 1098 2373 avi-

150 2392 211 2415 tam
227 2385 352 2428 gloriam
371 2385 570 2425 consequutus
583 2387 589 2414 l
612 2386 791 2426 Eloquentia
808 2385 931 2426 quidem
949 2386 1051 2415 nescio
1060 2395 1097 2415 an

150 2424 295 2456 habuiflet
303 2435 404 2465 parem
414 2428 583 2456 neminem.
605 2428 723 2467 grandis
733 2426 776 2457 est
784 2427 895 2459 verbis,
907 2428 1020 2467 sapiens
1031 2428 1096 2457 sen-

150 2469 250 2498 tentiis
260 2487 268 2502 ,
287 2477 392 2508 genere
409 2475 473 2497 toto
490 2470 586 2508 gravis
600 2479 605 2483 ·
627 2478 734 2499 manus
751 2477 884 2499 extrema
901 2478 967 2498 non
984 2466 1098 2499 accessit

150 2509 289 2548 operibus
299 2509 371 2548 ejus:
381 2509 516 2548 praeclare
527 2510 598 2539 inch
620 2519 664 2540 ata
673 2510 776 2543 multa,
787 2509 914 2550 perfeAEta
924 2520 987 2540 non
997 2509 1095 2549 plane.

150 2550 318 2597 LegenduS.
330 2552 465 2591 inquam,
475 2549 518 2580 est
527 2552 576 2581 hic
584 2560 689 2586 orator,
705 2554 803 2584 Brute,
816 2550 837 2580 s1
847 2553 1003 2592 quisquam
1013 2552 1098 2584 alius,

148 2594 308 2632 juventuti.
329 2602 393 2622 non
406 2594 492 2623 enim
510 2591 611 2623 solum
627 2603 729 2624 acuere
740 2613 749 2629 ‚
772 2593 822 2624 sed
831 2602 922 2625 etiam
932 2593 1008 2624 alere
1017 2595 1102 2635 inge—

1140 143 1757 195 L1B.s1vEBRuws.
2015 159 2109 210 137

1141 227 1229 256 nium
1240 226 1348 266 potest.
1367 226 1450 256 Huic
1459 222 1588 256 succeffit
1599 225 1676 254 aetati
1688 225 1720 253 C.
1734 220 1936 256 Galba,Servii
1946 221 2029 252 illius
2038 223 2105 252 elo-

1141 266 1327 307 quentiffimi
1347 269 1404 297 viri
1424 266 1504 297 filius
1513 287 1522 301 ‚
1547 269 1577 297 P.
1591 265 1677 296 Cmffi
1688 265 1856 305 eloquentis
1869 284 1877 298 ,
1902 264 2104 303 &jurisperiti
2136 272 2139 273 ⁷

1141 318 1242 348 gener.
1272 309 1445 339 Laudabant
1455 310 1536 339 hunc
1543 316 1638 348 patres
1650 306 1741 338 nostri
1752 326 1761 340 ,
1783 305 1923 336 favebant
1934 308 2022 335 etiam
2031 315 2101 345 pro-

1142 352 1298 390 Pterparrr's
1306 350 1468 379 rat-moriam
1477 370 1484 384 ‚
1505 350 1554 380 sed
1564 349 1672 380 cecidit
1680 351 1713 379 in
1724 348 1817 378 cursu.
1853 350 1935 377 Nam
1946 356 2101 388 rogatione

1143 391 1285 423 Manilia,
1301 392 1491 435 Jugurthinae
1506 389 1868 427 coniurationisinvidia2
1892 388 1963 418 cum
1975 386 2030 428 pro
2041 389 2102 419 sese

1142 430 1202 469 ipse
1211 430 1331 461 dixistec
1342 452 1349 465 ‚
1363 432 1515 471 oppress'us
1527 428 1577 463 cst'.
1605 431 1706 463 Exstat
1715 432 1779 471 ejus
1788 433 1935 471 peroratio
1947 450 1954 463 ‚
1975 433 2027 471 qui
2039 440 2103 469 epi-

1142 472 1228 512 logus
1239 472 1364 502 dicitur:
1384 476 1435 513 qui
1447 482 1527 503 tanto
1538 476 1570 504 in
1580 476 1695 504 honore
1707 494 1714 507 ,
1732 475 1830 513 pueris
1841 473 1929 502 nobis
1941 492 1949 505 ,
1970 481 2029 501 *ciat
2041 493 2048 505 ,
2070 480 2102 501 ut

1143 523 1214 543 eum
1225 514 1315 543 etiam
1327 513 1519 544 disceremus.
1539 515 1588 545 hic
1599 535 1606 548 ,
1618 517 1669 556 qui
1680 518 1712 546 in
1722 515 1851 555 collegio
1864 514 2045 544 sacerdotum
2057 514 2102 543 es-

1143 556 1195 588 set,
1210 556 1325 594 primus
1333 554 1400 596 post
1410 558 1544 585 Romam
1554 558 1706 586 conditam
1715 553 1833 596 judicio
1844 556 1965 595 publico
1974 554 2016 585 est
2026 565 2101 585 cor:-

1143 596 1311 626 demnatus.

1143 638 1277 668 multum
1287 638 1338 668 ille
1349 638 1475 678 quidem
1486 657 1494 671 ,
1518 648 1574 667 nec
1584 638 1656 677 ssepe
1667 639 1800 672 dicebat,
1824 639 1872 668 sed
1893 639 1924 668 δε
1937 638 2042 668 Latin-³:
2053 639 2101 668 lo-

1142 679 1274 720 quendo,
1287 680 1383 709 cuivis
1394 688 1453 709 erat
1461 689 1521 718 par,
1535 679 1567 708 ξε
1579 682 1697 708 omneis
1713 681 1768 710 sale
1779 700 1787 712 ,
1802 679 1973 720 facetiisque
1983 681 2101 720 supera-

1143 721 1197 751 bat.
1210 721 1274 760 ejus
1285 721 1398 762 collega
1410 722 1446 750 L.
1461 720 1555 750 Bestia
1567 719 1636 748 bonis
1645 722 1732 749 ι’,ηιιιίς
1741 722 1821 750 orsus
1832 721 2100 759 tribunatummm

1142 765 1171 792 P.
1183 763 1347 803 Popillium
1363 764 1394 792 vi
1412 765 1445 792 C.
1459 763 1585 792 Gracchi
1603 762 1761 800 expulsum
1780 763 1828 792 sua
1847 765 2000 802 rogatione
2014 762 2099 792 resti-

1142 805 1210 843 tuit)
1227 806 1274 834 vir
1293 804 1326 834 δε
1346 814 1427 838 acer,
1450 803 1558 833 &non
1570 802 1746 835 indisertus,
1767 803 1873 833 tristcis
1885 806 1981 833 exitus
1995 804 2098 835 habuit

1141 846 1321 876 consulatus.
1341 849 1431 875 3nam
1441 845 1589 875 invidiosa
1598 845 1661 885 lege
1671 844 1795 874 Manilia
1804 844 1926 884 quaestio
1936 846 2098 875 C Galbam

1140 888 1321 918 sacerdotem
1332 908 1342 920 ‚
1355 888 1387 917 δε
1398 895 1535 928 quattuor
1544 887 1722 916 consulareis
1736 906 1743 918 ,
1756 887 1793 915 L.
1806 885 1932 915 Bestiam
1945 907 1952 919 ‚
1966 889 1997 916 C.
2011 889 2099 916 Cato-

1141 939 1214 959 nem
1225 949 1234 963 ,
1257 932 1304 969 Sp.
1317 929 1464 959 Albinum
1475 949 1483 962 ,
1515 930 1674 968 civemque
1689 925 1959 967 piaestantiffimum
1977 930 2012 957 L.
2026 930 2100 967 Opi-

1142 973 1243 1001 mium
1255 972 1379 1000 Gracchi
1391 968 1630 1003 interfcstorem,
1642 969 1778 1009 ‘apopulo
1788 969 1956 998 absolutum
1969 990 1977 1001 ,
1992 968 2060 998 cum
2075 971 2101 998 is

1142 1022 1244 1043 contra
1252 1013 1357 1052 populi
1368 1012 1500 1042 studium
1513 1009 1633 1041 stetiss'et
1647 1031 1655 1044 ‚
1676 1009 1965 1049 Gracchanijudices
1977 1009 2100 1040 sustule-

1142 1063 1222 1085 runt.
1245 1053 1348 1093 Hujus
1359 1052 1509 1083 diffimilis
1520 1055 1551 1082 in
1561 1053 1712 1082 tribunatu
1724 1071 1732 1086 ,
1752 1052 1921 1092 reliquaque
1931 1053 2019 1080 omni
2029 1053 2100 1085 vita,

1142 1098 1218 1126 civis
1247 1095 1404 1135 improbus
1425 1098 1458 1124 C.
1472 1096 1608 1124 Licinius
1628 1097 1728 1124 Nerva
1752 1103 1817 1123 non
1844 1092 2003 1123 indisertus
2032 1092 2098 1122 suit.

1143 1141 1175 1167 C.
1188 1137 1320 1167 Fimbria
1331 1136 1516 1176 temporibus
1528 1136 1635 1166 iisdem
1646 1135 1707 1165 fere
1718 1155 1725 1169 ‚
1751 1134 1800 1165 sed
1810 1134 1930 1175 longius
1941 1143 2021 1164 aetate
2031 1144 2101 1174 pro-

1118 1184 1120 1190 '
1142 1178 1256 1213 vedius,
1268 1179 1384 1208 habitus
1395 1177 1437 1208 est
1447 1178 1514 1207 san-‘3
1535 1183 1578 1215 (ut
1588 1179 1628 1207 ita
1637 1177 1748 1217 dicam)
1766 1177 1934 1206 luculentus
1944 1184 2096 1215 patronus.

1141 1222 1222 1261 asper
1231 1241 1241 1254 ,
1258 1220 1420 1250 maledicus
1431 1240 1439 1253 ,
1451 1229 1557 1260 genere
1568 1228 1631 1249 toto
1642 1219 1743 1258 paullo
1750 1217 1905 1250 fervidior,
1919 1227 2003 1258 atque
2015 1227 2102 1247 com-

1141 1264 1255 1293 motior
1267 1272 1273 1291 τ
1292 1262 1448 1303 diligentia
1459 1271 1559 1291 tamen
1568 1280 1575 1294 ,
1590 1261 1623 1290 ὃς
1632 1263 1740 1290 virtute
1751 1261 1856 1292 animi,
1868 1269 1951 1299 atque
1962 1261 2032 1292 vita,
2044 1259 2099 1289 bo-

1140 1315 1197 1334 nus
1208 1303 1312 1334 3116101·
1320 1306 1353 1333 in
1362 1304 1472 1333 senatu.
1495 1306 1511 1329 4
1519 1302 1605 1332 Idem
1615 1302 1776 1332 tolerabilis
1786 1310 1928 1341 patronus
1939 1320 1947 1334 ‚
1972 1311 2028 1330 nec
2048 1310 2099 1330 ru—

1140 1346 1187 1377 dis
1198 1347 1301 1385 injure
1312 1346 1414 1378 civili,
1427 1346 1460 1375 ὃς
1469 1355 1539 1374 cum
1549 1346 1657 1374 virtute
1668 1364 1676 1377 ‚
1698 1353 1764 1373 tum
1775 1344 1864 1373 ctiam
1878 1343 1942 1381 ipso
1953 1344 2100 1372 orationis

1140 1399 1246 1430 genere
1265 1387 1340 1417 liber
1352 1397 1358 1416 τ
1378 1387 1462 1426 cujus
1483 1388 1631 1416 orationes
1649 1387 1732 1425 pueri
1747 1385 1916 1426 legebamus
1925 1404 1934 1418 ,
1958 1394 2028 1424 quas
2036 1385 2099 1422 jam

1140 1431 1268 1470 reperire
1278 1430 1331 1459 vix
1340 1428 1505 1468 pofl'umus.
1537 1431 1634 1468 Atque
1644 1429 1733 1457 etiam
1746 1428 1870 1466 ingenio
1881 1446 1889 1459 ,
1911 1426 1943 1455 ἅτ
1962 1426 2100 1455 sermone

1140 1472 1278 1513 eleganti,
1290 1470 1462 1500 valetudine
1472 1469 1669 1500 incommoda
1680 1489 1687 1502 ,
1700 1471 1732 1498 C.
1743 1471 1860 1499 SeXtius
1870 1467 2010 1497 Calvinus
2021 1465 2079 1495 suit
2093 1478 2099 1494 ;

1161 1516 1194 1543 ui
1202 1511 1253 1543 etsi
1263 1511 1335 1542 cum
1345 1512 1518 1542 remiserant
1529 1511 1647 1541 dolores
1657 1510 1768 1550 pedum
1778 1530 1788 1542 ‚
1810 1519 1874 1539 non
1884 1508 1980 1539 deerat
1989 1510 2022 1537 in
2031 1518 2102 1537 cau-

1141 1524 1189 1588 1113,
1199 1564 1300 1585 tamen
1309 1554 1340 1583 id
1351 1564 1415 1584 non
1427 1553 1501 1593 saepe
1510 1552 1645 1582 faciebat.
1677 1554 1778 1592 Itaque
1790 1549 1915 1580 consilio
1923 1551 1986 1589 ejus
1998 1570 2006 1582 ‚
2026 1548 2098 1579 cum

1143 1596 1293 1629 volebant,
1305 1596 1445 1625 homines
1456 1595 1614 1624 utebantur
1626 1604 1631 1622 z
1649 1594 1810 1634 patricinio
1819 1591 1891 1622 cum
1902 1591 2017 1621 licebat.
2046 1592 2102 1620 Iis-

1143 1639 1213 1669 dem
1224 1637 1410 1677 temporibus
1421 1639 1464 1666 M.
1475 1638 1591 1669 Brutus,
1608 1637 1641 1665 in
1651 1645 1711 1676 quo
1725 1639 1737 1663 5
1747 1644 1891 1674 magnum
1900 1632 1974 1666 fuit,
1996 1634 2096 1665 Brute,

1144 1680 1255 1710 dedecus
1259 1680 1354 1720 generi
1364 1677 1449 1714 vestro
1461 1697 1469 1711 ,
1487 1676 1619 1718 quicum
1631 1686 1712 1707 tanto
1722 1678 1849 1706 nomine
1859 1673 1930 1705 esset
1939 1695 1948 1707 ‚
1971 1683 2102 1714 patrem-

1142 1732 1201 1763 que
1210 1742 1218 1755 ,
1231 1723 1383 1761 optimum
1394 1722 1494 1750 virum
1505 1717 1667 1752 habuisset,
1680 1719 1714 1748 δε
1722 1719 1796 1757 juris
1804 1715 2014 1757 peritissimum
2026 1736 2035 1749 ,
2053 1725 2101 1746 ac-

1143 1764 1328 1795 cusationem
1337 1761 1515 1792 faCtitaverit
1526 1781 1534 1795 ,
1547 1769 1580 1791 ut
1590 1760 1716 1791 Athenis
1726 1761 1889 1799 Lycurgus.
1912 1760 1937 1789 is
1948 1756 2101 1798 magistra-

1145 1815 1191 1836 tus
1202 1815 1266 1835 non
1274 1806 1393 1845 petivit,
1407 1803 1455 1833 sed
1463 1801 1523 1833 fuit
1531 1803 1677 1832 accusator
1683 1802 1848 1831 vehemens
1859 1820 1868 1834 ,
1896 1800 1928 1830 &
1940 1797 2098 1831 molestus,

1144 1856 1177 1878 ut
1186 1846 1272 1876 facile
1280 1856 1414 1876 cerneres
1424 1843 1439 1865 ⁶
1448 1844 1577 1875 naturale
1586 1843 1738 1884 quoddam
1749 1842 1845 1882 stirpis
1854 1842 1971 1872 bonum
1989 1840 2102 1880 degene-

1144 1887 1244 1926 raviffi
1258 1889 1335 1918 vitio
1351 1887 1515 1927 depravatae
1530 1886 1704 1916 voiuntatis.
1737 1887 1834 1925 Atque
1847 1883 1955 1913 eodem
1966 1891 2102 1922 tempore

1145 1931 1292 1961 accusator
1301 1929 1337 1959 de
1347 1929 1433 1969 plebe
1443 1930 1478 1958 L.
1491 1927 1661 1957 Caesulenus
1671 1926 1730 1955 fuit
1739 1946 1748 1959 ‚
1760 1935 1852 1967 quem
1863 1935 1918 1966 ego
1927 1924 2028 1954 audivi
2035 1925 2100 1962 J'am

1145 1973 1248 2002 senem
1260 1990 1268 2004 ‚
1283 1969 1354 2000 cum
1365 1970 1401 2000 ab
1411 1972 1446 1999 L.
1459 1969 1589 1999 Sabellio
1599 1973 1613 1996 7
1623 1967 1768 1997 mulctam
1779 1968 1843 2007 lege
1853 1966 1974 2006 Aquilia
1982 1963 2102 2003 dejusti-

1146 2014 1190 2042 ria
1199 2009 1356 2052 petivisset.
1380 2014 1456 2040 Non
1471 2008 1604 2040 feciffem
1614 2009 1750 2038 hominis
1761 2017 1844 2047 paene
1854 2006 1956 2037 infimi
1967 2007 2102 2036 mentio-

1146 2064 1230 2086 nem,
1242 2051 1468 2091 nifijudicarem
1479 2071 1487 2085 ‚
1507 2052 1559 2091 qui
1569 2048 1752 2090 suspiciosius
1763 2059 1811 2079 aut
1820 2047 2009 2079 criminosius
2018 2047 2102 2078 dice-

1145 2104 1188 2125 ret
1197 2115 1205 2128 ,
1217 2092 1360 2124 audivisse
1370 2103 1419 2122 me
1430 2094 1599 2122 neminem.
1643 2091 1761 2121 Doctus
1772 2093 1862 2120 etiarn
1873 2091 1983 2120 Graecis
1992 2091 2032 2119 T.
2045 2088 2099 2118 Al-
2120 2094 2133 2127 3
2143 2093 2165 2126 5

1145 2137 1250 2166 bucius
1262 2155 1270 2168 ‚
1280 2135 1329 2165 vel
1338 2137 1438 2174 potius
1448 2154 1455 2167 ,
1468 2133 1552 2174 paene
1564 2135 1696 2163 Graecus.
1714 2134 1823 2173 loquor
1832 2153 1841 2165 ,
1860 2140 1894 2162 ut
1902 2133 2028 2171 opinor:
2049 2129 2100 2160 sed

1145 2178 1214 2207 licet
1232 2186 1271 2206 ex
1289 2176 1476 2206 orationibus
1492 2175 1633 2214 judicare
1665 2176 1733 2204 Fuit
1751 2183 1849 2204 autem
1861 2173 1989 2204 Athenis
1999 2171 2101 2201 adole-

1144 2219 1226 2249 scens
1235 2238 1243 2250 ,
1256 2217 1404 2257 perfectus
1414 2219 1576 2256 Epicureus
1586 2216 1714 2246 evaserat
1722 2235 1730 2249 ‚
1751 2215 1886 2245 minime
1895 2222 1997 2254 aptum
2006 2213 2042 2243 ad
2053 2213 2101 2243 di-

1142 2260 1273 2290 cendum
1285 2269 1386 2300 genus.
1403 2260 1471 2300 Jam
1482 2258 1662 2299 QCatqus,
1674 2267 1738 2287 non
1750 2259 1873 2297 antiquo
1883 2256 1938 2285 illo
1948 2255 2100 2288 mort—‚sed

1144 2303 1203 2331 hoc
1213 2300 1317 2331 nostro
1327 2298 1392 2339 (nisi
1401 2300 1473 2340 quid
1483 2298 1545 2329 fieri
1554 2298 1649 2338 potest
1657 2297 1829 2347 perfectius)
1845 2298 1987 2327 eruditus.
2017 2297 2100 2326 mul-

1144 2352 1178 2373 tre
1190 2344 1293 2372 littera:
1305 2362 1313 2376 ‚
1326 2342 1443 2372 summa
1452 2351 1515 2371 non
1525 2343 1594 2371 vitae
1605 2341 1706 2370 solum
1719 2361 1727 2374 ‚
1739 2350 1824 2380 atque
1834 2348 1943 2369 naturae
1954 2359 1963 2371 ‚
1975 2337 2024 2368 sed
2034 2348 2100 2368 ora-

1144 2386 1236 2415 tionis
1246 2386 1336 2414 etiam
1345 2385 1471 2414 comitas
1482 2403 1491 2415 ,
1516 2384 1687 2422 incorrupta
1696 2381 1831 2422 quaedam
1842 2382 1943 2410 Latini
1952 2380 2100 2411 sermonis

1142 2427 1293 2466 integritas
1305 2436 1310 2454 :
1331 2435 1394 2466 quae
1413 2425 1537 2465 perspici
1555 2424 1627 2454 cum
1646 2434 1684 2453 ex
1704 2422 1889 2453 orationibus
1907 2422 1970 2458 ejus
1988 2420 2095 2461 potest,

1142 2476 1207 2498 tum
1225 2467 1371 2497 facillime
1382 2476 1420 2496 ex
1430 2476 1467 2496 eo
1479 2465 1557 2495 libro
1569 2485 1578 2498 ,
1600 2475 1690 2505 quem
1698 2465 1730 2493 de
1740 2464 1884 2503 confictum
1894 2483 1903 2496 ,
1924 2463 1956 2492 δε
1964 2462 1999 2492 de
2010 2462 2098 2492 rebus

1142 2509 1230 2550 gestis
1240 2509 1298 2538 suis
1308 2508 1511 2547 conscriptum
1521 2507 1609 2536 molli
1620 2526 1628 2540 ,
1648 2507 1680 2536 ὅς
1693 2507 1915 2545 Xenophonteo
1924 2514 2029 2545 genere
2040 2504 2099 2534 ser-

1146 2552 1258 2583 monis,
1270 2548 1350 2579 misit
1358 2549 1393 2579 ad
1403 2552 1439 2579 A.
1452 2550 1575 2579 Furium
1586 2549 1716 2587 poetam,
1726 2546 1906 2577 familiarem
1917 2547 2004 2576 suum
2016 2556 2022 2574 z
2042 2546 2095 2586 qui

1144 2593 1221 2623 liber
1230 2592 1330 2623 nihilo
1340 2593 1442 2622 notior
1452 2589 1504 2623 est,
1515 2588 1607 2630 quam
1617 2589 1663 2618 illi
1674 2598 1729 2619 tres
1741 2609 1751 2622 ‚
1774 2588 1809 2619 de
1821 2588 1930 2629 quibus
1941 2586 2008 2617 ante
2018 2586 2096 2620 dixi,

2003 2631 2101 2659 Scauri

191 2739 201 2756 1
209 2750 215 2757 .
234 2732 263 2757 td
269 2734 339 2758 eflex
347 2740 427 2758 vetere
434 2733 563 2759 Academia
571 2732 780 2767 Philgsophorum]
796 2731 867 2758 Istud
879 2739 964 2758 totum
975 2731 1025 2758 effe
1036 2732 1102 2758 alie·
1121 2734 1124 2772 f

1175 2738 1204 2764 4.
1224 2732 1284 2756 [ἴση
1294 2732 1419 2755 rost-rabilis
1427 2736 1541 2761 patronus*
1552 2747 1560 2758 ‚
1571 2736 1611 2752 nec
1621 2727 1685 2752 rudis
1697 2746 1705 2758 ‚
1714 2726 1781 2760 tifex]
1800 2725 1936 2752 Asseiitioi·
1945 2724 2040 2759 Pighio
2051 2733 2101 2750 no-

152 2774 215 2792 num
226 2785 235 2798 ‚
253 2776 336 2803 neque
345 2768 411 2794 adeo
421 2768 496 2804 ipsius
507 2769 613 2799 Tullii,
629 2776 749 2795 autumat
760 2768 904 2794 Lambinus
918 2787 925 2800 ‚
937 2768 1041 2799 iniuste.
1061 2768 1103 2793 di-
1121 2781 1122 2786 =
1142 2767 1195 2793 stro
1206 2767 1354 2793 autumanti
1365 2764 1433 2791 illud
1452 2765 1576 2790 tolerabitis
1589 2771 1706 2796 pata-onm-
1717 2781 1726 2794 ,
1744 2761 1927 2789 introductam
1946 2762 1962 2787 εὶ
1980 2761 2101 2795 margine

153 2802 260 2837 stinguit
270 2804 339 2830 enim
353 2812 454 2830 veteres
465 2805 653 2840 Peripateticos
665 2824 674 2837 ,
684 2806 729 2841 qui
739 2804 821 2832 iidem
831 2800 979 2836 Socratici}
990 2806 1005 2830 :i
1016 2804 1103 2835 novis!
1120 2794 1122 2825 1
1143 2802 1294 2838 glotsuiam.

154 2837 302 2874 utsemper.
322 2839 494 2866 Gulielmius.

189 2882 217 2899 ²-
235 2877 318 2914 Jovefn
333 2877 402 2908 ajunt
417 2877 564 2910 Philosophi,
575 2878 601 2910 fi
615 2877 687 2903 Grec}
704 2878 815 2911 loquatur
825 2895 834 2908 ,
847 2877 883 2910 fic
899 2875 986 2910 loqui]
1006 2874 1105 2901 Rivius

154 2907 221 2949 hanc
238 2909 382 2937 lefihonem
400 2911 473 2938 nobis
492 2912 660 2943 exsinuax‘it3
680 2912 785 2939 sednon
796 2911 1015 2938 etiaini1idicavit
1026 2909 1104 2936 unde.

154 2953 244 2980 purior
253 2945 309 2972 sane
319 2946 354 2973 est
365 2955 467 2984 recepta
479 2967 488 2980 ‚
505 2951 587 2981 ssvem
597 2949 634 2982 fic
644 2967 652 2980 ,
671 2955 698 2973 ut
716 2949 786 2980 ajunt
793 2949 921 2981 Philqffiphi
931 2967 939 2979 ‚
952 2949 975 2981 fi
983 2947 1057 2973 Grac&
1074 2949 1107 2972 lo-

155 2987 244 3014 quatur
254 2999 262 3013 ‚
279 2983 350 3016 loqui.
370 2982 455 3018 sicque
465 2983 550 3011 Palat.
563 2993 622 3010 nam
634 2984 778 3018 Cujaciana
787 2984 888 3010 accedit
899 2984 934 3009 Ri
943 2984 1020 3009 vianne
1034 3001 1041 3014 ‚
1061 2982 1107 3008 nisi

155 3015 427 3086 §godigiqcmtrausponat
436 3027 511 3046 voces
525 3039 532 3052 ,
549 3022 669 3055 Jovemfic
679 3027 746 3054 qum
755 3021 884 3054 Philoftphi
893 3038 902 3052 ‚
912 3021 936 3054 fi
944 3019 1017 3045 (ie-,ece
1026 3020 1108 3053 loqua-

208 3069 216 3082 ‚
289 3072 296 3079 .

194 3093 221 3121 3.
240 3091 304 3113 Nam
318 3089 434 3123 invidiofic
451 3092 497 3130 '‘ge.
503 3092 613 3118 Manilia
621 3092 696 3125 quast.
709 3090 775 3125 ὀνκ]
795 3090 939 3118 Lambinus
950 3074 1054 3117 sustulit
1065 3099 1111 3116 vo-

1181 2849 1207 2872 ς.
1222 2839 1390 2871 Magnnmfia‘:
1400 2835 1686 2869 iz';dectasge71c›⁴i·ves71·o.]
1700 2833 1794 2860 Rivius
1806 2833 1844 2860 ait
1853 2832 1954 2859 exstare
1965 2832 1990 2859 in
2003 2831 2101 2858 editio-

1144 2884 1176 2900 ne
1189 2875 1311 2900 Romana
1320 2875 1420 2898 villum.
1442 2873 1498 2898 Pal.
1511 2873 1537 2897 Sc
1550 2871 1642 2904 Cujac.
1653 2869 1797 2906 praeferunt
1809 2889 1817 2900 ‚
1832 2870 2047 2903 ficiaegenmgeneri
2055 2877 2100 2892 vt-

1137 2912 1197 2942 stro.
1218 2909 1287 2946 quod
1299 2908 1362 2945 quid
1374 2909 1417 2935 sibi
1429 2908 1493 2933 velit
1508 2927 1516 2939 ,
1527 2908 1632 2942 ignoro.
1652 2906 1703 2932 scio
1712 2916 1770 2931 onus
1779 2903 1922 2941 aliquando
1934 2902 2102 2940 degeneruss'e

1145 2947 1170 2973 in
1177 2956 1261 2980 genus.
1280 2945 1307 2971 id
1318 2955 1350 2971 an
1363 2945 1417 2970 heic
1429 2944 1514 2969 locuni
1527 2943 1630 2974 habeat,
1643 2942 1757 2968 viderint
1768 2941 1915 2967 otiosiores.

1181 2984 1210 3008 6.
1230 2986 1349 3007 Naturale
1357 2980 1556 3014 ‹prodrsamfliipis
1565 2979 1672 3013 bonum]
1689 2977 1791 3011 Cujacii
1803 2977 1963 3006 chartaceus,
1973 2976 2066 3000 natale.

1182 3026 1209 3051 7.
1229 3019 1348 3044 Muli—'lam
1367 3018 1411 3047 lige
1420 3018 1519 3049 Aquilia
1537 3015 1563 3040 A«
1574 3016 1670 3047 jufh'u'a
1688 3013 1800 3047 [muffet]
1822 3012 1906 3039 Malui
1918 3010 2101 3047 repraeseutnre

1146 3053 1301 3089 scripturam
1312 3051 1432 3077 omnium
1444 3058 1561 3076 veterum
1574 3050 1715 3081 librorum,
1726 3058 1803 3084 quam
1815 3047 1957 3083 supponere
1967 3055 2025 3071 cum
2037 3054 2101 3071 neo-

1148 3090 1237 3116 tericis
1249 3088 1289 3114 vel
1298 3089 1415 3120 injustitia
1426 3105 1433 3118 ,
1452 3086 1493 3112 vel
1503 3088 1594 3118 iniuria
1605 3097 1610 3112 :
1627 3093 1752 3121 tanquam
1762 3086 1880 3120 potuerit
1891 3083 1931 3108 hic
1943 3081 2016 3108 fuiss'c
2028 3080 2060 3106 de
2071 3090 2102 3106 eo

157 3128 214 3146 tem
224 3125 383 3159 quaestio.quae
393 3132 481 3152 tamen
491 3136 518 3152 m
529 3126 586 3152 Pal.
598 3126 625 3152 &
637 3126 729 3162 Cujac.
742 3127 924 3163 retinebatque
934 3127 1044 3157 omnino
1054 3126 1112 3154 Gu-
1149 3133 1244 3160 genere
1255 3124 1391 3149 bominum
1402 3122 1447 3157 qui
1457 3122 1487 3148 ad
1493 3122 1633 3151 versarium
1643 3121 1718 3149 suum
1728 3128 1815 3158 rapuit
1824 3120 1913 3156 injus,
1921 3117 1990 3154 quod
2001 3116 2104 3153 parcius

158 3154 272 3185 lielmius
284 3177 292 3193 ,
303 3159 330 3185 δε
340 3159 464 3196 expressit
473 3162 506 3191 P.
515 3162 663 3190 Manutius.

1151 3160 1257 3197 pcftorc
1268 3159 1351 3189 telum
1360 3157 1506 3195 recepisset.
1669 3192 1687 3221 s
2029 3196 2040 3214 ι
2062 3185 2106 3213 Μ

1357 599 1387 626 Ρ.
1399 598 1500 635 Scipio
1511 616 1518 629 ,
1542 600 1593 637 qui
1604 597 1645 627 est
1656 600 1688 627 in
1697 599 1851 628 consulatu
1861 607 1997 626 mortuus
2006 617 2014 630 ‚
2034 607 2053 626 n
2064 607 2099 626 in
2121 603 2166 635 34
