2337 3400
113 370 135 402 6

144 126 242 172 702
580 102 649 149 M.
720 100 762 146 C
788 115 848 145 on
875 114 905 145 L
934 114 952 144 1
984 114 1002 145 1

148 200 208 221 tem
224 183 482 219 senatizmefficere
494 185 602 224 potuit.
623 180 715 224 Qud
730 179 748 210 si
762 189 844 210 anno
856 180 1006 219 praeterito
1017 179 1109 208 Curio

150 232 298 262 tribunus,
317 228 348 257 &
359 226 460 257 cadem
474 226 553 255 actio
566 224 600 254 de
616 225 780 264 provinciis
795 223 934 251 introivit
945 231 950 250 t
961 218 1052 267 quam
1066 219 1110 266 fa-⁴

150 273 210 303 cile
225 280 305 301 nunc
319 269 351 298 sit
363 270 468 298 omnia
482 267 630 307 impedire
642 286 650 298 ‚
672 265 704 296 δε
715 265 805 306 quam
818 265 875 293 hoc
896 267 905 282 ¹
917 264 1021 292 Caelari
1033 282 1042 295 ‚
1058 271 1112 302 qui

154 313 204 345 sui
213 310 401 349 causaremp.
417 319 480 339 non
492 318 574 339 curet
585 328 592 341 ‚
613 308 747 348 superet,
760 316 824 338 non
836 315 862 335 te
872 304 957 335 fallit.

349 363 562 392 COELIUS
585 361 866 392 C1CERON1‚
889 360 917 389 S.

256 415 283 443 Ο
292 422 312 441 Ν
332 411 449 445 dubito,
460 414 533 452 quin
544 411 689 451 perlatum
700 409 734 441 ad
747 420 775 440 te
785 408 819 440 sit
831 430 839 443 ,
852 411 987 449 Appium
997 408 1013 438 a
1023 406 1118 438 Dola—

257 455 332 484 bella
343 463 428 483 reum
444 453 557 483 'r'atstum
571 463 574 481 :
590 453 656 483 sine
669 456 760 493 quam
776 462 840 481 non
855 461 898 484 ea.
909 461 1000 491 quarn
1012 447 1116 479 existi-

154 506 319 527 maveram.
331 495 451 525 invidia.
478 497 583 535 Neque
595 497 677 525 enim
691 494 778 524 stulte
791 496 915 533 Appius:
926 494 977 533 qui
988 490 1120 521 {imular-

156 547 215 581 que
226 538 385 568 Dolabella
401 535 513 567 accessit
530 536 565 567 ad
586 537 715 567 tribunal
735 557 744 569 ,
768 537 921 566 introierat
943 537 976 564 in
995 534 1112 565 urbem,

158 581 365 620 triumphique
382 578 617 620 postulationem
634 579 787 615 abiecerat.
811 580 825 596 ²
836 580 905 618 Qo
915 575 996 606 &Sto
1007 574 1118 605 retudit

156 622 312 653 sermones
323 642 331 654 ,
352 622 537 661 paratiorque
550 620 630 651 visus
644 620 686 650 est
696 640 704 654 ‚
726 619 816 661 qulam
831 619 992 658 speraverat
1003 617 1118 647 accusa—

157 673 216 694 tor.
240 666 268 694 Is
286 673 368 693 nunc
385 665 416 692 in
436 672 463 692 te
485 664 650 692 maximam
669 663 751 702 spem
772 661 867 691 habet.
891 661 959 690 Scio
976 658 1033 689 tibi
1046 667 1115 688 eum

160 715 226 736 non
237 704 295 735 esse
307 704 390 734 odio.
414 703 505 744 quam
516 705 592 734 velis
601 714 672 734 eum
683 704 814 744 obligare
825 722 832 736 ‚
854 704 885 732 in
898 711 947 731 tua
957 710 1049 731 manu
1058 698 1117 729 est:

160 757 232 777 curn
248 757 310 787 quo
321 745 516 776 simultastibi
527 756 590 776 non
601 744 720 778 fuisset,
740 745 864 775 liberius
883 743 939 773 tibi
956 742 993 772 de
1012 751 1074 771 tota
1090 751 1120 770 re

164 787 244 819 css'et.
272 791 388 818 3Nunc
407 786 427 818 si
445 787 481 818 ad
501 789 584 818 illam
603 788 754 818 summam
773 786 928 816 veritatem
947 785 1118 824 legitimum

158 830 210 871 jus
219 832 369 872 exegeris:
387 829 554 860 cavendum
569 829 624 859 tibi
635 831 690 858 erit
700 848 709 862 ‚
722 838 759 858 ne
769 829 874 868 parum'
883 824 1077 866 simpliciter,
1089 824 1122 853 &

161 872 289 902 candide
299 870 427 912 posuisse
437 873 613 901 inimicitias
623 870 759 900 videaris.
774 871 810 899 In
822 868 896 898 hanc
904 877 1019 908 partem
1028 875 1118 906 porro

161 923 262 944 tutum
281 914 337 944 tibi
358 917 430 947 erit,
452 912 473 943 si
491 913 563 954 quid
580 913 730 945 volueris,
747 909 910 952 gratificari.
934 919 1028 938 nemo
1038 909 1120 938 enim

162 954 380 986 necessitudine
391 975 399 989 ‚
421 955 453 984 δι’
469 955 601 985 amicitia
618 963 645 983 te
664 953 840 983 deterritum
857 951 894 982 ab
910 949 1015 981 officio
1032 950 1120 980 dicet.

160 997 243 1028 Illud
262 998 340 1027 rni'ni
353 998 480 1027 occurrit
490 1017 498 1029 ,
518 995 602 1036 quod
614 998 690 1025 inter
700 994 934 1035 postulationem
947 1013 955 1025 ‚
977 993 1009 1022 &
1020 992 1124 1022 nomi-

163 1041 212 1069 nis
223 1039 408 1070 delationem
422 1059 429 1071 ,
443 1048 519 1067 uxor
529 1041 544 1067 a
556 1037 715 1067 Dolabella
723 1034 857 1067 discessit.
881 1035 962 1077 Qid
974 1035 1051 1064 mihi
1062 1033 1123 1063 dis-

162 1080 273 1111 cedens
291 1080 459 1112 mandaris,
481 1081 632 1112 memini,
650 1078 722 1119 quid
740 1088 795 1119 ego
813 1077 868 1108 tibi
886 1077 1053 1116 scripserim
1066 1096 1074 1108 ,
1094 1083 1123 1104 te

163 1132 228 1153 non
239 1122 364 1152 arbitror
378 1121 519 1151 oblitum.
545 1123 620 1150 Non
631 1120 742 1161 estjam
752 1129 870 1160 tempus
880 1118 964 1158 plura
974 1115 1120 1148 narrandi.

163 1166 272 1194 Unum
286 1162 359 1193 illud
375 1173 500 1193 monere
515 1172 542 1192 te
555 1160 693 1202 poss'um:
713 1160 732 1192 fi
747 1171 792 1192 res
803 1161 858 1192 tibi
868 1170 932 1190 non
942 1158 1121 1198 displicebit,

163 1215 267 1235 tamen
288 1206 346 1235 hoc
364 1213 500 1244 tempore
517 1204 596 1234 nihil
613 1203 650 1235 de
671 1213 722 1234 tua
738 1202 892 1234 voluntate
912 1200 1068 1233 ostendas,
1089 1199 1122 1229 &

164 1246 316 1286 exspecfi'st‘s
329 1267 336 1279 ,
357 1245 616 1287 quemadmodum
633 1255 718 1276 exeat
728 1255 765 1275 ex
775 1246 828 1274 hac
838 1243 930 1274 causa.
953 1247 970 1269 4
983 1243 1122 1281 Denique

166 1288 358 1319 invidiosum
370 1288 425 1318 tibi
436 1286 468 1318 fit
477 1308 486 1321 ‚
508 1286 528 1317 si
539 1289 696 1318 emanarit.
726 1279 820 1318 l'orro
831 1306 839 1320 ‚
851 1283 1026 1325 significatio
1036 1284 1096 1313 ulla
1106 1281 1126 1311 sl

164 1329 376 1362 intercesserit,
390 1330 496 1360 clarius
506 1349 514 1363 ‚
525 1329 616 1370 quam
626 1329 744 1362 deceat,
755 1337 805 1358 aut
813 1327 974 1366 expediat,
985 1325 1042 1356 fiat.
1059 1327 1124 1356 Ne-

167 1381 226 1412 que
236 1371 286 1401 ille
297 1380 390 1402 tacere
400 1381 465 1401 eam
476 1381 539 1401 rem
550 1373 677 1411 poterit,
693 1380 759 1412 quae
769 1369 827 1400 suae
839 1369 900 1408 spei
911 1378 971 1398 tarn
982 1376 1125 1407 opportu-

168 1423 210 1443 na
217 1413 364 1443 acciderit:
373 1423 498 1454 quaeque
508 1414 542 1443 in
551 1414 676 1453 negotio
686 1409 877 1442 conficiendo
887 1419 971 1440 tanto
981 1408 1126 1453 illustrior

166 1455 239 1485 erit:
259 1453 332 1484 cum
350 1455 513 1495 praesertim
533 1456 558 1484 is
575 1453 626 1489 fit,
646 1452 730 1495 quisi
744 1452 948 1493 perniciosum
960 1452 1046 1482 sciret
1056 1449 1125 1483 efle,

169 1494 256 1536 loqui
269 1496 305 1526 de
323 1497 376 1526 hac
394 1506 424 1526 re
436 1516 444 1530 ‚
462 1498 518 1526 vix
529 1505 630 1526 tamen
641 1498 670 1526 se
679 1497 857 1526 contineret.
881 1495 1043 1533 Pompejus
1053 1492 1129 1522 dici-

168 1546 218 1568 tur
237 1537 321 1567 valde
338 1547 392 1577 pro
404 1540 503 1577 Appio
521 1538 652 1568 laborare
664 1558 672 1571 ,
692 1546 726 1567 ut
738 1538 828 1567 etiam
839 1536 1128 1575 putentalterutrum

169 1578 208 1609 de
227 1577 298 1608 filiis
313 1579 350 1609 ad
369 1588 397 1608 te
415 1577 583 1609 missurum.
608 1577 668 1611 Hic
682 1589 738 1608 nos
751 1587 858 1607 omnes
871 1577 1073 1607 absolvimus:
1095 1575 1129 1605 &

167 1620 290 1651 hercule
299 1619 436 1650 confeEhr
445 1625 567 1653 omnia,
584 1620 680 1654 foeda,
698 1618 898 1651 &inhonesta
909 1618 987 1648 sunt.
1012 1618 1129 1647 Consu-

169 1662 214 1692 les
231 1671 330 1692 autem
349 1661 493 1692 habemus
506 1662 623 1692 summa
636 1663 811 1703 diligentia:
832 1660 925 1691 adhuc
939 1659 1130 1690 senatuscon-

169 1704 284 1734 sultum
295 1702 348 1733 nili
360 1702 395 1733 de
404 1702 490 1733 feriis
500 1705 617 1734 Latinis
628 1725 637 1737 ,
649 1705 768 1734 nullum
778 1702 872 1732 facere
883 1710 1053 1742 poruerunt.
1070 1703 1130 1730 Cu-

170 1746 253 1775 rioni
273 1744 377 1775 nostro
398 1745 565 1775 tribunatus
584 1746 758 1787 conglaciat.
781 1744 838 1775 Sed
858 1744 919 1773 dici
938 1753 1001 1773 non
1019 1741 1128 1782 potest,

171 1786 331 1827 quomodo
341 1785 388 1816 hic
402 1787 638 1826 omniajaceant.
662 1786 728 1817 Nisi
738 1797 793 1827 ego
802 1796 873 1816 cum
884 1786 1055 1816 tabernariis
1067 1804 1075 1817 ,
1096 1784 1129 1814 δε

168 1830 296 1868 aquariis
304 1837 467 1867 pugnarem
481 1848 489 1861 ,
509 1837 649 1860 veternus
659 1830 812 1858 civitatem
822 1825 1000 1866 occupafl'ct.
1023 1828 1055 1856 Si
1064 1828 1131 1856 Par—

170 1870 217 1900 thi
228 1879 282 1899 vos
293 1869 370 1899 nihil
381 1868 560 1903 calfaciunt,
583 1873 597 1897 5
606 1880 662 1900 nos
673 1868 720 1899 hic
729 1869 840 1910 frigore
848 1868 1046 1909 frigescimus.
1070 1869 1131 1897 Ta-

171 1920 246 1941 men
259 1931 266 1944 ‚
285 1920 410 1951 quoquo
429 1910 524 1941 modo
542 1909 590 1941 hic
608 1914 712 1941 omnia
726 1911 841 1950 jaceant
853 1929 861 1944 ,
881 1910 981 1950 potuit
995 1907 1054 1938 sine
1066 1911 1132 1939 Par—

170 1952 243 1982 this.
267 1953 392 1982 Bibulus
405 1954 438 1982 in
448 1955 569 1983 Amano
582 1953 684 1983 nescio
701 1952 773 1993 quid
786 1951 1041 1982 cohorticularum
1056 1952 1134 1980 ami-

173 1992 216 2024 sit.
242 1996 310 2024 Hoc
322 1993 359 2025 fic
377 1996 549 2024 nuntiatum
569 1994 623 2025 est.
647 1993 738 2036 Qod
749 1994 805 2024 tibi
817 1991 1005 2034 suprascripsi
1017 2012 1027 2026 ‚
1046 1990 1133 2022 ⁶Cu-

170 2037 292 2066 rionem
303 2035 387 2066 valde
396 2036 517 2077 frigere:
530 2037 593 2074 jam
602 2037 686 2066 calet.
705 2045 776 2066 nam
787 2033 1132 2065 ferventiffimeconcer·

171 2078 262 2117 pitur.
286 2076 448 2107 Leviffime
459 2080 541 2107 enim
554 2095 564 2110 ‚
575 2080 645 2119 quia
654 2078 691 2108 de
703 2076 907 2107 intercalando
918 2086 981 2106 non
993 2076 1136 2106 obtinue-

171 2126 234 2152 rat,
256 2117 456 2159 transfugitad
467 2120 614 2159 populum
636 2139 644 2152 ,
669 2119 702 2149 &
719 2129 773 2159 pro
794 2119 903 2148 Caesare
922 2118 1008 2158 loqui
1027 2118 1135 2157 coepit:

174 2159 331 2201 legemque
344 2162 475 2191 Viariam
486 2180 496 2195 ‚
507 2171 571 2191 non
582 2158 756 2191 diffiniilem
767 2162 895 2201 Agrariae
904 2161 991 2190 Rulli
1002 2179 1011 2194 ,
1029 2160 1061 2190 &
1072 2159 1137 2189 Ali-

213 2300 236 2318 1.
257 2292 341 2325 Caesari
351 2293 444 2326 qm'fim'
454 2293 526 2325 causei
537 2301 609 2326 remp.
620 2303 665 2318 non
675 2293 878 2327 curct‚fitperct.]
891 2293 967 2319 Libri
981 2293 1038 2320 mss’.
1050 2295 1133 2320 Lam-

173 2328 231 2354 ,ki-³.
251 2327 316 2354 hanc
334 2328 476 2354 lectionem
497 2329 594 2355 habeut
613 2328 821 2364 repraesentatam
843 2338 949 2363 quoque
970 2330 995 2355 in
1017 2329 1135 2355 editione

174 2363 302 2390 vriiorii.
321 2364 404 2390 Peck.
415 2365 627 2400 quoquefitperet.
648 2364 762 2399 Vulgata
772 2363 852 2389 lectio
864 2371 919 2390 tota
930 2364 1053 2390 abhorret
1069 2375 1073 2390 :
1087 2367 1136 2390 Cae—

169 2401 226 2433 sari
235 2401 260 2430 (ἶ)
272 2401 301 2425 iis
311 2400 426 2434 qni-fitam
437 2401 532 2433 causam
541 2410 585 2425 non
596 2401 685 2432 reipub.
698 2400 922 2432 curant‚fiaeppetnt,
933 2409 978 2425 non
987 2401 1090 2432 tefala'it.

219 2444 246 2461 2.
274 2443 280 2451 ¹
295 2437 385 2469 tofa-2⁶7⁰
395 2436 629 2469 retuditsermoncs]
653 2435 696 2461 Sic
707 2434 832 2461 vietor-ii.
853 2434 938 2461 nescio
948 2443 1000 2470 quo
1012 2434 1082 2460 malo
1095 2454 1102 2465 ,
1113 2435 1139 2460 in

173 2471 293 2506 ,vulgatis
304 2473 394 2497 retulit.
405 2471 495 2506 paullo
506 2471 560 2507 post
572 2470 657 2507 scripsi
668 2480 699 2497 ex
713 2470 834 2497 Vierorio
845 2481 851 2497 ι
868 2480 919 2496 cum
929 2472 1087 2504 quofimiiltas
1098 2472 1142 2496 :ibi

178 2517 223 2532 non
244 2509 337 2540 fiiifflt.
358 2507 422 2533 licet
431 2506 533 2533 editum
545 2507 575 2533 fit
587 2517 593 2533 z
617 2516 667 2532 cum
677 2516 719 2540 qua
730 2508 864 2541 simultates
870 2508 892 2540 fi
901 2508 945 2532 ribi
953 2516 998 2531 non
1001 2507 1110 2539 fitiffinr.

217 2550 244 2577 3.
265 2544 362 2576 Nuncfi
369 2544 472 2568 additam
484 2544 602 2577 ficmnmm
619 2543 775 2576 veritatem]
796 2544 837 2568 Ita
849 2541 905 2568 mff.
921 2542 984 2568 teste
999 2541 1143 2573 Lambino,

182 2578 288 2612 quidam
302 2598 309 2610 ,
320 2579 357 2605 ita
368 2588 473 2615 quoque
484 2579 584 2606 Peck'zo
595 2585 720 2614 excerpta
731 2597 739 2610 ‚
758 2577 894 2614 editioquc
905 2577 1032 2605 ViEiorii.
1054 2578 1142 2613 Vulgo
1162 2591 1163 2598 κ

195 2621 342 2640 ever-itatem.

177 2614 202 2648 Τ
216 2657 245 2681 4.
263 2653 367 2684 Denique
383 2650 522 2683 invidiosum
532 2652 576 2676 ribi
581 2650 638 2684 fin]
659 2651 701 2677 Ita
711 2649 768 2676 mss'.
778 2650 835 2680 alii,
851 2650 878 2676 8<
890 2650 972 2676 Peck.
991 2650 1019 2676 &
1029 2649 1144 2676 Vistorii

182 2684 277 2712 editio.
299 2686 392 2722 vulgo,
402 2696 429 2711 ne
439 2695 487 2720 qua
496 2687 636 2720 invidiosum
645 2688 724 2721 tibisit
735 2699 742 2712 .·
760 2686 830 2722 quod
842 2686 912 2722 sequi
923 2685 947 2713 se
960 2686 1047 2722 potius
1059 2685 1143 2721 ajebat

187 2721 330 2756 Dionysius
343 2722 496 2748 Lambinus.

224 2765 250 2789 ς.
270 2761 316 2782 Nos
336 2758 372 2783 hic
385 2759 471 2791 frigore
478 2757 649 2792 ftigcftimtm]
671 2757 752 2784 Peck.
770 2767 811 2785 nos
821 2760 884 2785 nihil
892 2760 978 2792 frigore
990 2758 1142 2791 ftiqrfiimm.

186 2792 407 2827 quemadmodum
420 2793 535 2829 superius
546 2803 594 2830 pro
603 2796 715 2827 consumi,
726 2795 864 2827 confiripra.
876 2794 977 2820 Guliel.
988 2803 1035 2830 pro
1039 2795 1145 2828 frigesci-

187 2837 239 2852 mm
249 2828 362 2861 conjecit
372 2831 503 2862 rigescimus
513 2839 564 2856 non
577 2830 645 2856 male
661 2849 668 2861 ,
689 2829 734 2855 uili
747 2831 774 2855 8<
788 2830 819 2855 sic
829 2829 951 2856 nudiores
962 2830 1145 2864 loquerentur.

223 2863 251 2888 6.
269 2866 391 2889 Curionem
407 2866 480 2890 valde
489 2866 604 2899 frig-wa]
625 2866 768 2892 Iutcrserui
790 2866 880 2897 valde,
900 2875 934 2892 ex
953 2865 1067 2892 Vitsroni
1087 2865 1144 2891 edi-

187 2898 262 2925 tione
275 2917 282 2929 ,
301 2899 432 2926 Peckizuio
444 2920 452 2932 ,
468 2901 605 2927 vaticano.
625 2902 699 2928 Sicut
709 2911 742 2927 ex
754 2901 845 2928 iisdem
864 2904 985 2936 Leviffime
1003 2911 1054 2928 non
1070 2902 1145 2927 belli*-

183 2935 252 2973 fim‘?
263 2941 294 2996 qtt
304 2934 394 2970 vulgo.
412 2936 501 2970 paullo
510 2937 565 2973 post
576 2937 737 2964 Gulielmius
750 2937 875 2969 malebat,
886 2940 1004 2973 ἵκηαι-ει
1013 2937 1099 2969 aediles,
1110 2947 1143 2964 ex

187 2978 264 3003 (ωηο
298 2979 354 2996 ura.

224 3013 253 3037 7.
273 3009 354 3032 Poniro
364 3015 398 3031 mc
407 3009 432 3032 in
438 3009 545 3041 gramn]
568 3009 610 3034 Sic
621 3008 719 3036 reftius
734 3009 876 3036 Vaticanus
887 3019 915 3035 :rc
925 3008 1039 3036 viftorii
1052 3008 1145 3035 editio.

190 3041 270 3077 vulgo
281 3051 322 3067 nea
335 3042 391 3067 uius
402 3041 503 3068 editum
515 3043 684 3077 est‚grariam.
706 3044 797 3071 Paullo
807 3046 861 3081 post
873 3045 944 3071 edidi
956 3055 988 3071 cx
1001 3046 1082 3071 Peclc.
1094 3046 1146 3070 Va·
1168 3040 1173 3045 ⁴

184 3084 267 3104 tic-in.
278 3078 391 3103 Victorii
402 3077 518 3104 editione
531 3098 538 3109 ‚
557 3082 714 3114 ‘equitatuique
729 3084 828 3113 opinione·
845 3083 884 3106 lm
895 3085 932 3107 ita
945 3083 1027 3114 facere
1045 3082 1146 3114 expedit.

185 3113 280 3140 omissb
291 3113 338 3139 illo
349 3121 370 3139 te
379 3113 450 3150 quod
462 3123 512 3141 non
526 3113 590 3140 bene
601 3122 660 3141 ante
670 3118 709 3141 huc
719 3117 884 3143 constiterat.

221 3148 249 3177 8.
267 3152 505 3177 Panthei-ascum
523 3160 557 3177 mc
566 3160 611 3177 non
628 3152 745 3186 habena]
767 3154 807 3181 lta
818 3152 992 3181 Vitstorius&
1012 3152 1096 3180 Peck.
1117 3158 1147 3179 ut
1165 3141 1171 3184 l

1071 98 1677 150 Epis-rotmanis

1151 179 1328 208 mentariarn
1340 197 1349 211 1
1369 188 1439 220 quas
1456 180 1659 214 iubetaedileis
1672 182 1792 216 metiri,
1804 179 1935 222 jactavit.
1960 180 2019 212 hoc
2027 190 2108 213 non-

1150 220 1225 250 dum
1237 218 1362 254 fecerat,
1374 221 1445 251 cum
1455 225 1584 261 priorem
1594 234 1706 264 partem
1717 224 1850 265 epistolae
1862 221 1966 264 scripsi.
1989 224 2109 254 Amabo

1153 271 1181 292 te
1193 282 1200 296 ‚
1213 261 1233 291 si
1243 261 1317 303 quid
1329 282 1337 295 ‚
1351 262 1432 303 quod
1443 272 1518 304 opus
1528 263 1628 299 fuerit,
1644 269 1742 307 Appio
1751 266 1840 298 facies
1853 286 1861 300 ‚
1872 266 2002 307 7ponito
2014 276 2061 296 me
2074 267 2108 296 in

1153 306 1253 344 gratia.
1284 305 1331 334 De
1349 304 1509 335 Dolabella
1526 307 1675 348 integrum
1695 308 1750 339 tibi
1770 309 1898 339 reserves
1908 328 1916 342 ,
1938 307 2053 337 suadeo.
2078 307 2112 337 &

1156 348 1226 376 huic
1240 346 1281 375 rei
1294 365 1302 378 ,
1322 344 1360 375 de
1378 355 1435 386 qua
1453 346 1581 387 loquor,
1601 349 1634 378 &
1652 349 1790 390 dignitati
1807 359 1882 384 tuae,
1903 348 2112 389 aequitatisque

1155 389 1294 427 opinioni
1306 388 1364 416 hoc
1373 389 1412 417 ita
1421 386 1515 418 facere
1524 388 1654 430 expedit.
1689 394 1791 432 Turpe
1800 392 1856 423 tibi
1866 394 1922 422 erit
1932 388 1947 412 8
1954 391 2112 432 pantheras

1156 432 1271 460 Graecas
1282 438 1332 459 me
1343 438 1406 459 non
1417 429 1529 459 habere.

1352 477 1566 507 COELIUS
1594 479 1868 514 CICERONI,
1891 482 1918 510 S.

1259 522 1290 552 U
1300 529 1320 550 Α
1331 531 1358 551 Μ
1367 520 1427 551 cito
1439 530 1469 552 tu
1482 521 1569 554 istinc
1580 524 1719 555 decedere
1729 528 1827 566 cupias
1837 545 1845 560 ‚
1857 526 1956 555 nescio
1968 535 1973 552 t
1985 535 2041 567 ego
2048 526 2115 566 quie

1254 563 1325 593 dem
1336 573 1372 593 eo
1384 566 1477 604 magis
1487 585 1494 597 .
1507 575 1567 605 quo
1579 565 1675 596 adhuc
1685 566 1804 597 felicius
1815 577 1879 596 rem
1888 564 2003 607 gessisti.
2028 570 2115 597 Dum

1159 604 1226 634 istic
1239 606 1296 635 eris
1306 624 1316 638 ‚
1334 604 1370 635 de
1382 605 1453 635 belli
1465 608 1590 637 Parthici
1601 608 1733 647 periculo
1743 608 1897 638 cruciabor
1906 628 1915 642 ,
1937 618 1975 637 ne
1985 609 2065 638 hunc
2075 611 2118 638 ri-

1161 647 1227 676 sum
1238 656 1342 676 meum
1358 650 1373 674 9
1384 656 1480 677 metus
1491 648 1584 689 aliqui
1593 649 1754 688 perturbet.
1779 651 1933 680 Breviores
1944 649 1994 679 has
2004 650 2114 680 litteras

1159 690 1327 728 properanti
1338 688 1568 728 publicanorum
1579 690 1732 722 tabellario
1744 690 1842 722 subito
1852 690 1921 721 dedi
1934 701 1939 720 1
1950 699 2002 720 tuo
2012 691 2120 721 liberto

1160 730 1297 770 pluribus
1314 730 1412 760 verbis
1433 731 1549 771 scriptas
1568 731 1663 772 pridie
1677 732 1826 763 dederam.
1850 735 1911 763 Res
1920 741 2018 762 autem
2032 741 2119 763 novae

1162 772 1253 801 null-x
1265 772 1332 801 sane
1343 771 1514 802 acciderunt
1525 793 1533 807 ‚
1557 772 1611 804 nis]
1628 775 1689 804 haec
1702 776 1748 804 vis
1763 775 1821 805 tibi
1839 774 1925 804 scribi
1939 794 1947 807 ,
1966 784 2030 814 quae
2039 774 2120 804 certe

1161 815 1217 843 vis.
1241 812 1421 843 Cornificius
1433 814 1604 845 adolescens
1616 815 1761 846 Orestillae
1775 815 1868 847 filiam
1886 814 1939 845 fibi
1951 815 2119 856 despondit.

1164 854 1265 886 Paulla
1279 855 1395 885 Valeria
1406 876 1414 889 ,
1436 857 1519 887 soror
1528 858 1656 891 Triarii,
1676 858 1842 888 divortium
1860 856 1919 887 sme
1936 858 2019 887 causa
2031 877 2039 890 ‚
2058 866 2120 898 quo

1162 896 1211 926 die
1222 898 1267 927 vir
1277 896 1293 926 ὲ
1304 899 1459 936 provincia
1468 908 1611 929 venturus
1621 908 1690 934 erat,
1702 899 1781 930 fecit.
1804 902 1943 939 Nuptura
1952 898 1994 929 est
2005 900 2123 928 D.Bru·

1164 947 1205 968 to.
1226 939 1366 969 nondum
1376 940 1526 970 retulerat.
1550 941 1646 972 Multa
1655 944 1687 972 in
1697 942 1756 971 hoc
1765 951 1872 983 genere
1882 940 2082 973 incredibilia,
2094 948 2123 969 te

1166 980 1303 1014 absente,
1322 981 1502 1012 acciderunt.
1523 984 1643 1012 Servius
1655 984 1755 1013 Ocella
1768 984 1885 1013 nemini
1901 978 2080 1021 persuasisset
2093 981 2122 1012 se

1165 1022 1322 1051 moechum
1343 1020 1400 1051 effe
1410 1042 1419 1056 ‚
1441 1021 1496 1053 nisi
1507 1024 1606 1054 triduo
1617 1024 1661 1054 bis
1672 1025 1872 1064 deprehensus
1883 1023 1963 1054 esset.
1987 1026 2120 1063 Qiaeres.

1165 1063 1238 1092 ubi?
1259 1063 1309 1092 ubi
1322 1063 1443 1093 hercule
1460 1074 1515 1106 ego
1537 1066 1669 1096 minime
1680 1066 1800 1096 vellem.
1825 1066 1964 1106 relinquo
1974 1063 2120 1105 tibiquod

1164 1104 1200 1133 ab
1216 1104 1283 1133 aliis
1299 1114 1418 1144 quaeras.
1441 1108 1633 1146 nequeenim
1644 1107 1779 1147 displicet
1791 1108 1867 1137 mihi
1878 1127 1886 1140 ,
1906 1110 2119 1146 imperatorem

1162 1144 1294 1187 singulos
1302 1148 1468 1185 percontari
1479 1167 1486 1180 ‚
1499 1157 1570 1177 curn
1583 1158 1641 1188 qua
1652 1146 1686 1178 sit
1695 1148 1787 1189 aliqui
1798 1148 2008 1188 deprehensus.

1338 1193 1382 1220 M.
1397 1194 1568 1223 COELIUS
1591 1195 1635 1223 M.
1646 1196 1856 1227 CICERONI,
1879 1196 1906 1224 S.
1921 1195 1950 1223 D

1242 1240 1271 1267 T
1280 1248 1292 1268 s
1304 1247 1315 1267 1
1334 1237 1370 1268 de
1381 1239 1483 1279 repub.
1494 1249 1559 1279 quae
1569 1239 1624 1270 tibi
1634 1240 1759 1271 scribam
1771 1259 1779 1272 ‚
1792 1241 1902 1270 habeo:
1918 1249 2019 1270 tamen
2033 1239 2123 1273 nihil,

1243 1289 1303 1320 quo
1317 1283 1410 1321 magis
1432 1281 1603 1322 gavisurum
1622 1290 1650 1312 te
1669 1290 1772 1322 putem
1790 1302 1799 1315 ‚
1820 1281 1914 1312 habeo
1925 1301 1933 1315 ,
1955 1281 2044 1323 quam
2056 1283 2124 1311 hoc.

1170 1323 1288 1351 ¹0Scito
1299 1341 1307 1355 ‚
1324 1324 1357 1351 C.
1367 1323 1583 1362 Sempronium
1593 1322 1724 1357 Rufum,
1736 1323 1854 1354 Rufum
1866 1324 1946 1357 mel,
1965 1333 1996 1353 ac
2006 1323 2127 1354 delicias

1166 1371 1238 1395 tuas,
1260 1366 1284 1382 ¹¹
1296 1363 1481 1394 calumniam
1493 1367 1633 1395 maximo
1645 1365 1749 1405 plausu
1766 1363 1863 1395 tulisse
1875 1375 1881 1395 τ
1900 1368 2007 1405 quaeris
2019 1363 2076 1406 quai
2088 1367 2123 1395 in

1166 1404 1250 1434 causa
1262 1407 1272 1433 ?
1283 1406 1326 1434 M.
1338 1408 1490 1436 Tuccium
1501 1427 1510 1440 ‚
1529 1406 1726 1437 accusatorem
1738 1407 1824 1437 suum
1835 1406 1901 1447 post
1911 1406 1998 1437 ludos
2010 1409 2128 1437 Roma-

1170 1455 1226 1475 nos
1237 1466 1245 1479 ‚
1257 1456 1342 1477 reum
1353 1447 1415 1488 lege
1426 1448 1522 1479 Plotia
1531 1448 1567 1478 de
1577 1450 1609 1478 vi
1618 1448 1690 1479 fecit
1700 1468 1708 1483 ‚
1722 1449 1780 1479 hoc
1790 1447 1915 1486 consilio
1925 1468 1933 1482 ,
1947 1447 2030 1489 quod
2041 1448 2127 1479 vide-

1169 1487 1218 1518 bat
1229 1508 1237 1521 ‚
1249 1487 1269 1517 fi
1280 1489 1531 1520 extraordinarius
1541 1500 1608 1520 reus
1618 1501 1713 1520 nemo
1722 1489 1879 1521 acceffiffet
1888 1511 1897 1525 ‚
1918 1489 1969 1520 fibi
1980 1491 2037 1521 hoc
2045 1499 2127 1520 anno

1170 1530 1285 1560 causam
1306 1529 1365 1560 esse
1378 1530 1549 1562 dicendam.
1573 1532 1712 1562 Dubium
1724 1532 1814 1572 porro
1825 1533 1870 1562 illi
1881 1542 1945 1562 non
1954 1541 2014 1562 erat
2028 1551 2037 1566 ‚
2054 1531 2129 1572 quid

1169 1571 1306 1602 futurum
1326 1570 1405 1602 ess'et.
1429 1575 1560 1603 Nemini
1579 1575 1637 1603 hoc
1655 1573 1768 1604 deferre
1782 1574 1997 1604 munusculum
2010 1574 2128 1607 maluit,

1171 1623 1260 1654 quam
1282 1614 1335 1643 suo
1352 1615 1519 1645 accusatori.
1543 1617 1644 1655 Itaque
1655 1613 1715 1645 fine
1725 1616 1789 1645 ullo
1799 1615 1998 1654 subscriptore
2008 1614 2129 1645 descen-

1172 1658 1235 1688 dit,
1259 1655 1291 1685 &
1302 1658 1450 1686 Tuccium
1470 1666 1555 1686 reum
1570 1655 1651 1687 fecit.
1676 1660 1716 1687 At
1733 1667 1787 1699 ego
1798 1676 1806 1690 ‚
1826 1654 2002 1696 simulatque
2014 1655 2128 1689 audivi,

1173 1700 1328 1727 invocatus
1343 1697 1378 1728 ad
1394 1698 1528 1728 subsellia
1542 1700 1583 1728 rei
1600 1708 1739 1728 occurro:
1760 1699 1847 1739 surgo
1858 1718 1867 1732 ,
1885 1708 1983 1738 neque
2001 1697 2129 1728 verbum

1173 1739 1209 1769 de
1223 1749 1253 1768 re
1267 1738 1356 1769 facio.
1380 1742 1497 1769 Torum
1509 1742 1724 1780 Sempronium
1734 1741 1826 1781 usque
1837 1739 1874 1770 eb
1883 1749 1989 1780 perago
2000 1758 2008 1773 ‚
2029 1748 2061 1769 ut
2069 1742 2131 1769 Ve-

1174 1781 1301 1811 storium
1320 1790 1443 1821 quoque
1463 1784 1653 1821 interponam
1666 1801 1674 1815 ,
1696 1782 1729 1811 δε
1748 1782 1832 1811 illam
1850 1780 1982 1811 fabulam
2000 1789 2130 1814 narrem,

1173 1821 1432 1863 quemadmodum
1443 1822 1497 1852 tibi
1507 1832 1561 1861 pro
1573 1821 1724 1853 beneficio
1733 1822 1867 1857 dederit,
1888 1822 1909 1852 fi
1923 1821 1996 1863 quid
2010 1821 2134 1862 injuriis

1175 1865 1234 1894 suis
1244 1861 1329 1896 effer,
1342 1873 1374 1893 ut
1384 1863 1537 1894 Vestorius
1547 1873 1706 1894 teneretur.
1722 1867 1794 1895 Haec
1803 1874 1923 1905 quoque
1933 1873 2040 1905 magna
2049 1873 2132 1894 nunc
2157 1862 2160 1865 ’

1175 1905 1443 1936 contentiosorum
1455 1915 1544 1937 tenet.
1568 1908 1612 1936 M.
1622 1907 1764 1937 Servilius
1775 1927 1784 1940 ,
1796 1905 1952 1948 postquam
1963 1926 1972 1939 ,
1994 1914 2136 1945 utcoepe-

1177 1956 1219 1978 rat
1229 1967 1238 1981 ,
1250 1948 1395 1977 omnibus
1406 1949 1438 1977 in
1449 1947 1536 1978 rebus
1546 1948 1673 1978 turbarat
1685 1968 1694 1982 ,
1707 1952 1735 1968 ¹²
1745 1958 1782 1978 ne
1794 1968 1803 1982 ‚
1814 1948 1897 1989 quod
1910 1957 1972 1978 non
1981 1947 2141 1981 venderet,

1178 1991 1344 2031 quoiquam
1355 1990 1510 2030 reliquerat
1521 2000 1527 2018 t
1547 1992 1741 2032 maximeque
1751 1990 1839 2020 nobis
1851 1990 1974 2020 traditus
1984 1998 2043 2020 erat
2052 1991 2134 2020 invi-

1176 2033 1249 2062 diae:
1263 2034 1272 2049 ¹
1279 2035 1291 2058 ³
1302 2041 1399 2071 neque
1408 2030 1708 2071 Laterensis‚praet0re
1717 2031 1885 2072 postulante
1894 2031 2136 2064 Pausania‚nobis

1178 2075 1311 2114 patronis
1322 2093 1330 2107 ,
1344 2082 1406 2112 (ζα-ο
1420 2083 1462 2103 ΕΑ
1475 2083 1624 2103 pecuum
1634 2083 1858 2104 pnnvemssm*
1869 2093 1877 2107 ,
1888 2075 2015 2113 recipere
2025 2073 2134 2103 voluit.

1181 2114 1273 2156 Qod
1284 2110 1393 2149 Pilius,
1415 2114 1592 2145 necessarius
1601 2116 1693 2145 Attici
1704 2114 1797 2146 nostri
1810 2136 1819 2148 ‚
1837 2115 1874 2145 de
1884 2113 2053 2154 repetundis
2063 2123 2134 2143 eum

1179 2155 1358 2198 postulavit:
1378 2166 1486 2198 magna
1499 2156 1585 2187 illico
1601 2156 1681 2188 fama
1692 2157 1833 2188 surrexit:
1853 2156 1932 2187 &de
1944 2155 2138 2226 damrfiatione

2032 2206 2141 2227 erven-

1180 2303 1286 2328 quoque
1296 2292 1442 2320 Lambinus
1454 2293 1479 2320 iu
1492 2292 1558 2320 hanc
1566 2291 1679 2318 disceffit
1688 2291 1857 2319 sententiam.
1878 2290 1962 2326 vulgo
1977 2309 1985 2323 ‚
1997 2293 2138 2317 Panthera-

1182 2339 1234 2354 rum
1247 2339 1334 2362 greges.
1869 2360 1872 2363 γ

1216 2372 1245 2398 9.
1265 2367 1365 2391 rfflwm-
1374 2365 1451 2397 aliqui
1462 2363 1610 2397 perturbet]
1630 2363 1721 2389 Securi
1739 2361 1825 2388 sumus
1845 2371 1906 2388 cum
1918 2361 2050 2388 Lambino
2060 2371 2138 2389 :rccu-

1180 2399 1335 2425 ratiffinium
1356 2400 1386 2425 Ρ.
1398 2399 1547 2425 Viam-ium
1561 2408 1568 2429 3
1592 2400 1624 2425 eo
1636 2399 1719 2434 magis
1733 2417 1740 2430 ‚
1760 2397 1831 2434 quod
1851 2398 1884 2424 fic
1903 2398 1999 2424 liabent
2018 2398 2149 2425 Vaticani.

1180 2442 1316 2470 excerpta.
1337 2434 1394 2476 Qi
1405 2445 1456 2461 non
1472 2434 1666 2461 intellexerunt
1685 2434 1718 2461 fic
1736 2436 1813 2468 aliqui
1821 2436 1862 2468 qui
1880 2443 1927 2469 pro
1945 2434 2032 2468 aliquis
2042 2435 2093 2468 quis
2110 2434 2138 2460 in

1183 2480 1210 2496 v.
1222 2479 1250 2495 c.
1265 2470 1402 2511 perscribi,
1410 2473 1550 2503 perturbent
1559 2480 1593 2497 ex
1606 2472 1728 2504 perturbet
1741 2469 1840 2496 scilicet
1851 2469 2038 2496 emendarunt.
2059 2469 2139 2503 Pejo-

1184 2506 1275 2533 resilii
1288 2526 1295 2537 ‚
1310 2504 1354 2542 <sui
1366 2508 1452 2541 aliquis
1463 2506 1619 2542 suppositum
1632 2513 1748 2532 iverunt.
1770 2506 1843 2532 Sicut
1854 2506 1880 2532 in
1890 2505 1960 2532 fine:
1983 2508 2042 2532 Cum
2050 2507 2141 2541 quafit

1184 2544 1261 2577 aliqui
1270 2543 1421 2576 deprehenfin
1430 2552 1463 2569 ex
1474 2542 1595 2569 ViStorio
1605 2543 1632 2568 S<
1644 2542 1784 2573 Vaticano,
1796 2552 1846 2568 non
1859 2543 1956 2575 aliquis.

1224 2586 1255 2603 ιο
1262 2598 1267 2604 .
1288 2581 1348 2604 scito
1360 2581 1388 2604 C.
1397 2581 1565 2611 Semproniitm‚
1576 2579 1674 2611 Rufum,
1684 2579 1771 2611 Rufum
1781 2580 1827 2602 mvl
1833 2587 1861 2603 ac
1871 2577 1966 2603 delicias
1975 2576 2056 2610 tuas]
2078 2575 2142 2603 Ele-

1185 2613 1334 2649 gantiffime
1346 2623 1379 2640 ex
1400 2624 1427 2640 v.
1439 2624 1466 2640 c.
1489 2615 1595 2650 repetiit
1606 2614 1636 2639 τὶν
1647 2615 1734 2647 Rufum
1745 2612 1831 2640 ViElzor
1840 2614 1892 2645 ius,
1902 2622 1961 2640 curn
1972 2622 2025 2648 quo
2035 2613 2141 2639 Vatica-

1185 2660 1232 2677 nus
1243 2649 1318 2682 facit,
1330 2649 1482 2686 secutusque
1493 2651 1564 2677 estin
1576 2650 1619 2677 sua
1630 2649 1749 2676 editione
1760 2649 1855 2676 Lamb.
1866 2656 1896 2675 ut
1908 2648 2049 2676 Catullus:

1205 2688 1260 2712 Coeli
1269 2688 1357 2712 Lesbia
1366 2689 1456 2718 nistra,
1465 2688 1552 2712 Lesbia
1561 2688 1613 2718 illa,
1632 2687 1676 2712 lna
1684 2687 1784 2717 Lesbia,
1796 2685 1867 2719 qua‘m
1876 2686 1984 2710 Catullus
1994 2691 2077 2715 imam,
2090 2684 2141 2714 &c-

1225 2731 1233 2748 ι
1243 2731 1264 2748 1.
1280 2724 1430 2748 Calumniam
1439 2725 1541 2748 maximo
1545 2722 1630 2755 plaustr
1641 2722 1724 2754 tuliffe.
1734 2723 1815 2756 φανὰ
1825 2721 1874 2756 qud
1882 2723 1908 2745 in
1917 2719 2013 2753 causta]
2035 2720 2075 2745 Ut
2085 2719 2143 2745 edi·
2153 2721 2155 2723 ’

1185 2757 1225 2784 dit
1236 2757 1384 2789 vietor-ius,
1395 2758 1434 2785 ita
1443 2757 1566 2793 sequutus
1581 2758 1617 2784 est
1628 2757 1771 2783 Lambinus
1784 2776 1792 2787 ‚
1803 2760 1817 2782 ὲ
1828 2754 1922 2791 quibus
1937 2763 2021 2790 neque
2032 2764 2078 2782 nos
2088 2754 2143 2781 dis-

1185 2794 1313 2820 cedimus.
1335 2794 1453 2820 vaticani
1463 2801 1550 2820 tamen
1562 2800 1702 2829 excerpta:
1724 2791 1797 2824 tuliffb
1807 2791 1889 2826 queris
1897 2799 1945 2825 qux
1953 2792 1979 2816 in
1989 2791 2069 2824 musii.
2083 2791 2143 2818 vul-

1184 2840 1219 2866 go
1231 2841 1236 2856 :
1259 2831 1345 2862 tuli-Ji,
1355 2830 1442 2864 quodi!
1453 2832 1479 2855 In
1490 2830 1570 2862 cas-(fa.

1225 2875 1265 2892 ι’..
1275 2867 1390 2901 Ἷνζςμῃιοά
1398 2875 1442 2891 mn
1452 2865 1701 2898 venderet,q.·.¹oiqnam
1711 2865 1849 2896 reliquerat,
1861 2863 2005 2896 maximeque
2014 2863 2076 2888 nobis
2086 2869 2143 2889 tra-

1186 2903 1252 2928 ditm
1261 2909 1314 2928 crat
1322 2901 1443 2935 invdia]
1465 2901 1506 2927 Ita
1518 2900 1585 2926 hunc
1596 2900 1684 2925 locum
1694 2898 1832 2924 emendari
1844 2906 1878 2924 ex
1890 2897 1989 2923 Peckio
1999 2899 2144 2934 excerptis,

1185 2939 1212 2963 δε
1224 2937 1340 2964 editione
1351 2936 1476 2964 Vistorii.
1498 2935 1673 2970 Vulgabatur,
1683 2943 1724 2959 nec
1735 2953 1742 2965 ‚
1753 2934 1814 2967 quod
1822 2943 1866 2959 non
1877 2934 1987 2958 venderet
1999 2953 2007 2965 ‚
2017 2937 2144 2967 quicquam

1187 2976 1329 3007 reliqueras·
1352 2975 1459 2998 nmxlma
1467 2972 1530 2997 nabis
1541 2972 1647 2997 traditus
1657 2977 1710 2995 erat
1718 2970 1822 2995 invidia.
1843 2969 1996 3000 Vaticanus,
2009 2970 2036 2995 δε
2051 2969 2146 2996 Ψίξῒσ-

1188 3009 1255 3035 riani
1267 3028 1275 3040 ‚
1294 3012 1404 3042 cuiquam
1416 3018 1422 3032 .-
1439 3006 1481 3033 sed
1491 3006 1553 3042 quia
1562 3007 1588 3032 in
1602 3005 1701 3032 Peckio
1711 3006 1843 3041 excerptis
1858 3012 1914 3031 erat
1924 3015 1966 3039 quo
1974 3006 2144 3040 lnqnam‚cui-

1191 3048 1227 3071 vis
1239 3045 1356 3080 proclive
1367 3051 1424 3070 erat
1434 3043 1521 3069 facere
1535 3046 1659 3077 quoiquam

1230 3089 1271 3115 ¹3·
1292 3083 1370 3114 Neque
1387 3080 1520 3112 Laterensi]
1528 3085 1621 3111 praerore
1628 3080 1758 3111 postulante
1765 3076 1916 3111 Pausania]
1939 3076 1982 3102 Sic
2000 3075 2146 3103 Vi5lorius.

1189 3116 1301 3151 amplius
1315 3113 1642 3148 Peck.La1ei·:nfi>praetorc.
1664 3113 1755 3149 vulgo.
1777 3113 1911 3149 Lattrcnfis
1918 3115 2150 3147 p7·.ctor‚pe>stulanre

1191 3152 1327 3185 Pmsam'a.
2147 3159 2150 3163 ·

2089 3184 2153 3209 ιδ(

1171 3217 1222 3243 ²&
2053 3216 2057 3219 .
