2297 3389
82 1734 100 1768 8
121 1733 194 1765 state
204 1746 214 1769 3
236 1735 363 1776 quadam
374 1738 487 1766 ratione
497 1739 608 1777 eripere
617 1744 754 1766 conatur.

321 136 585 193 OR‘A‘Tl'o‘
619 154 691 189 DE
728 143 896 190 LEGE
934 140 1551 202 Ac-RanrA'Jcor-M‘RA
1587 141 1890 194 RuerM'.‘

134 228 262 261 initium
273 237 372 260 rerum
382 249 391 263 ,
412 238 446 259 ac
455 228 555 270 legum
567 227 686 258 suarum
695 226 768 256 hinc
777 225 898 257 duxerit
907 246 915 261 ,
927 235 961 258 ut
969 228 1100 268 populus

135 274 296 304 Romanus
309 270 449 312 ficffragio
454 271 628 310 privaretur.
652 270 741 298 toties
750 269 865 310 legibus
876 271 1006 309 Agrariis
1017 279 1101 299 cura-

134 323 216 345 tores
225 312 380 344 constituti
390 313 459 342 sunt
468 332 476 346 ,
498 312 651 342 triumviri
663 331 672 345 ‚
689 312 902 352 quinqueviri,
918 310 1099 340 decemviri:

135 366 237 397 quaero
246 355 262 386 a
272 354 409 396 populari
421 354 543 384 tribuno
553 353 684 394 plebejo,
695 351 863 393 ecquando,
879 350 934 382 nifi
943 361 996 391 per
1005 361 1101 382 xxxv

135 397 230 428 tribus
238 398 327 428 creati
336 394 401 426 sint.
427 397 550 426 Etenim
562 394 634 426 curn
657 397 680 423 0
689 395 729 424 Μ
737 396 769 433 N
777 396 804 423 E
809 394 832 423 S
853 396 876 423 P
884 397 908 422 0
918 394 974 422 TE
983 393 1003 423 S
1015 395 1100 423 1121-

135 439 222 470 TES
232 458 240 472 ‚
265 439 407 478 imperia,
433 439 601 468 curationes
619 436 656 468 ab
673 436 814 467 universo
828 436 943 476 populo
954 438 1098 466 Romano

133 479 283 523 proficisci
300 481 447 510 convenit
459 500 468 513 ,
487 488 552 510 tum
564 490 611 510 eas
620 477 759 520 profefiffi
770 478 906 508 maxime
916 498 925 511 ,
943 487 1009 518 quae
1023 487 1098 508 con—

133 522 299 553 stituuntur
308 521 343 552 ad
353 522 457 562 populi
467 521 601 552 frustum
612 523 744 562 aliquem
755 541 763 555 ,
778 521 811 551 &
820 520 1022 551 commodum
1032 531 1042 554 3
1063 521 1096 549 in

132 573 195 606 quo
214 564 247 594 δι’,
263 562 392 594 univerfi
405 563 554 605 deligant,
574 573 665 605 quem
679 563 795 603 populo
804 565 948 593 Romano
959 561 1096 592 maxime

130 606 342 637 consulturum
351 614 459 645 putent
468 626 476 640 ‚
499 605 533 636 &
551 606 755 646 unusquisque
774 603 874 634 studio
883 624 892 638 ‚
911 604 944 634 &
955 602 1094 645 suffragio

131 648 187 679 suo
196 648 277 678 viam
288 645 342 678 fibi
352 647 388 678 ad
408 646 592 678 beneficium
613 646 837 687 impetrandum
856 647 977 676 munire
995 643 1092 685 poffit.

131 691 204 720 Hoc
212 689 335 719 tribuno
344 689 440 730 plebis
450 688 640 730 potissimum
649 690 735 719 venit
742 690 776 718 in
785 696 933 721 mentem,
942 687 1092 727 populum

129 733 309 762 Romanum
321 732 497 762 universum
508 734 623 772 privare
632 729 704 761 suffr
740 731 787 764 iis,
801 739 906 769 paucas
919 729 1093 762 tribus‚non

131 782 210 804 certa
217 773 396 804 conditione
401 774 413 814 j
418 776 489 808 uris,
501 773 637 813 sedfhrtis
645 740 772 810 ὂεηεῗείο
784 791 792 805 ,
803 769 929 801 fortuito
940 791 948 804 ,
960 770 995 800 ad
1006 771 1091 801 usur-

128 815 260 856 pandam
272 815 439 846 libertatem
449 825 563 846 vocare.
581 818 590 834 ¹
602 817 622 843 I
628 816 686 845 TE
694 814 750 846 M,
770 814 880 854 inquit,
894 815 920 842 E
929 815 952 841 O
962 815 994 841 D
1004 815 1028 842 E
1036 813 1091 842 M-

130 857 236 898 QUE
257 857 326 887 Mo
335 860 367 886 D
376 861 399 886 O
410 878 419 890 ‚
443 858 535 897 capite
544 856 635 886 altero
646 875 655 888 ,
680 858 732 885 Ur
752 864 912 885 corvin-us
931 857 1090 885 Poterim-

132 909 184 929 εις
205 908 358 929 ΜΑΧιΜι.
391 901 442 929 Ne
451 899 510 929 hoc
521 897 644 939 quidem
655 896 734 927 vidit
743 917 751 931 ,
763 898 892 936 majores
902 896 1020 927 nostros
1029 906 1089 926 tam

126 939 216 971 fuiffe
224 941 392 982 populareis
401 960 409 975 ,
422 949 466 973 ut,
477 939 559 981 quod
569 949 622 980 per
630 939 780 980 populum
788 940 880 969 creari
889 937 931 968 fas
941 948 1007 969 non
1016 948 1088 971 erat.

125 991 247 1024 propter
255 983 435 1023 religionem
445 982 606 1015 sacrorum,
621 992 656 1011 in
667 991 704 1012 eo
715 990 816 1012 tamen
827 1001 835 1015 ,
850 989 971 1021 propter
980 981 1090 1020 ampli—

127 1024 266 1055 tudinem
284 1024 437 1054 sacerdotii
449 1024 602 1055 voluerint
617 1024 732 1064 populo
741 1024 907 1063 supplicari.
930 1032 1017 1064 atque
1030 1024 1089 1053 hoc

125 1065 208 1096 idem
219 1065 255 1095 de
265 1067 369 1096 ceteris
379 1065 551 1096 sacerdotiis
562 1068 617 1096 Cn.
629 1067 788 1096 Domitius
797 1085 806 1099 ,
828 1065 965 1095 tribunus
978 1064 1087 1105 plebis,

123 1105 371 1142 virclariffimus‚
393 1107 477 1138 tulit:
497 1106 581 1149 quod
597 1108 728 1148 populus
742 1117 794 1148 per
803 1107 985 1148 religionem
996 1107 1089 1137 sacer-

125 1148 208 1180 dotia
218 1149 358 1180 mandare
368 1159 433 1180 non
442 1158 574 1190 poterat,
592 1158 626 1180 ut
643 1151 748 1180 minor
765 1159 830 1189 pars
848 1149 956 1189 populi
966 1158 1089 1178 vocare-

127 1199 192 1221 tur:
212 1191 249 1221 ab
265 1201 299 1221 ea
316 1200 396 1231 parte
408 1189 646 1232 quieffetfae‘tus
656 1211 665 1226 ,
687 1193 712 1221 is
726 1191 882 1232 acollegio
890 1199 1085 1230 cooptaretur.

123 1232 246 1267 Videte,
256 1234 329 1274 quid
341 1232 454 1263 intersit
462 1235 541 1263 inter
549 1236 604 1263 Cn.
616 1233 969 1267 Domitium,tribunum
979 1232 1086 1272 plebis,

124 1275 287 1305 hominem
305 1273 547 1309 nobiliffimum,
570 1275 643 1306 &R
660 1275 787 1307 Rullum
799 1295 808 1308 ‚
828 1276 880 1316 qui
890 1276 1016 1304 tentavit
1027 1294 1035 1308 ,
1055 1283 1090 1305 ut

124 1318 236 1357 opinor
247 1337 256 1350 ,
268 1318 443 1357 patientiam
456 1316 583 1347 vestram
593 1337 602 1350 ,
624 1316 697 1347 curn
708 1317 736 1347 se
746 1317 885 1347 nobilem
896 1314 954 1346 effe
965 1316 1087 1346 diceret.

125 1360 284 1389 Domitius
295 1379 303 1392 ,
324 1358 406 1399 quod
424 1368 477 1397 per
487 1360 681 1389 caeremonias
692 1358 798 1399 populi
809 1357 873 1388 fieri
883 1368 948 1388 non
960 1367 1085 1398 poterat,

121 1400 232 1429 ratione
240 1399 383 1430 assecutus
393 1399 436 1430 est
446 1420 455 1434 ‚
476 1409 509 1430 ut
517 1399 548 1430 id
560 1420 568 1434 ,
589 1400 687 1442 quoad
700 1398 796 1440 pofi'et
805 1421 814 1433 ,
835 1399 933 1441 quoad
948 1400 991 1429 fas
1005 1398 1085 1433 esset,

123 1441 223 1483 quoad
242 1443 362 1475 liceret,
385 1445 399 1460 ²
411 1442 516 1482 populi
527 1442 561 1472 ad
572 1444 680 1482 parteis
690 1443 785 1472 daret:
805 1443 873 1476 hic,
891 1441 974 1482 quod
984 1441 1089 1482 populi

121 1485 280 1524 proprium
297 1484 412 1524 semper
428 1483 504 1518 fuit,
526 1483 608 1525 quod
619 1494 712 1515 nemo
722 1485 882 1514 imminuit
893 1504 902 1518 ‚
922 1493 1016 1513 nemo
1027 1486 1089 1513 im-

123 1527 253 1555 mutavit
261 1545 270 1559 ,
284 1527 359 1566 quin
368 1527 391 1555 ii
402 1546 410 1560 ,
431 1527 483 1567 qui
494 1526 608 1566 populo
618 1535 702 1566 agros
711 1524 806 1556 efl‘ent
816 1524 985 1563 affignaturi
997 1546 1005 1558 ,
1019 1525 1088 1556 ante

122 1569 293 1608 acciperent
309 1568 324 1597 a
339 1568 455 1608 populo
469 1567 651 1598 beneficium
661 1588 670 1602 ,
689 1568 781 1609 quam
794 1567 914 1598 darent:
940 1567 972 1597 id
986 1576 1087 1598 toturn

122 1611 237 1650 eripere
249 1609 338 1639 vobis
349 1630 358 1643 ,
383 1619 469 1651 atque
488 1610 504 1640 ὲ
525 1610 667 1640 manibus
689 1619 867 1651 extorquere
886 1618 1010 1640 conatus
1033 1608 1086 1639 est.

121 1652 191 1685 Ille,
205 1651 287 1692 quod
297 1651 359 1681 dari
369 1653 483 1693 populo
493 1653 582 1682 nullo
593 1651 689 1682 modo
699 1661 927 1692 poterat,tamen
937 1651 1086 1692 quodam-

124 1693 220 1723 modo
230 1693 327 1724 dedit:
347 1694 413 1728 hic,
438 1697 450 1721 ³
462 1694 544 1735 quod
555 1694 648 1724 adimi
660 1694 748 1724 nullo
755 1693 842 1734 pa&o
852 1702 986 1734 poterat,
1001 1703 1088 1733 pote-

794 1738 914 1778 Qaeret
923 1735 1085 1776 quispiam,

121 1777 244 1807 intanta
254 1778 380 1816 injuria,
402 1787 541 1819 tantaque
552 1778 742 1819 impudentia
758 1775 978 1819 quidspestarit.
1011 1780 1086 1808 Non

121 1817 219 1849 defuit
228 1816 388 1850 confilium
401 1830 406 1848 :
429 1819 502 1850 fides
516 1831 582 1862 erga
591 1820 712 1861 plebem
723 1822 910 1854 Romanam,
920 1821 1043 1860 aequitas
1053 1821 1086 1849 in

117 1869 194 1894 vos,
213 1860 441 1902 libertatemque
458 1861 586 1893 vestram
597 1882 606 1896 ,
629 1863 825 1893 vehementer
846 1861 955 1892 defuit.
994 1861 1086 1903 Jubet

120 1904 218 1937 enim,
228 1904 352 1933 comitia
362 1903 541 1934 decemviris
554 1904 660 1934 habere
669 1903 804 1934 creandis
818 1913 888 1933 eum
899 1924 907 1936 ,
920 1904 973 1944 qui
982 1903 1083 1944 legem

119 1945 233 1975 tulerit.
257 1946 326 1974 Hoc
337 1944 433 1975 dicam
448 1944 567 1985 planius
579 1956 586 1974 ·.
604 1945 695 1987 Jubet
702 1946 812 1975 Rullus
824 1966 833 1979 ,
848 1947 946 1975 horno
955 1954 1021 1975 non
1029 1955 1083 1975 cu-

119 1986 209 2026 pidus
219 2006 226 2019 ,
238 1996 336 2027 neque
344 1995 495 2027 appetens,
507 1987 613 2017 habere
623 1989 749 2017 comitia
759 1987 900 2017 Rullum.
928 1986 1081 2017 Nondum

116 2028 316 2069 reprehendo.
337 2028 515 2068 videofeciffi
523 2028 604 2057 alios.
627 2028 702 2059 illud
715 2048 723 2062 ‚
736 2028 818 2069 quod
829 2038 921 2058 nemo
931 2027 1004 2058 fecit
1015 2047 1024 2062 ‚
1045 2028 1083 2058 de

120 2072 240 2100 minore
250 2078 330 2110 parte
339 2072 455 2110 populi,
467 2070 528 2111 quo
538 2072 694 2110 pertineat,
705 2072 813 2100 videte.
840 2069 972 2100 Habebit
983 2070 1083 2100 comi-

119 2114 177 2142 tia:
200 2113 282 2142 volet
297 2118 350 2142 'eos
367 2116 556 2145 renuntiare,
577 2112 687 2153 quibus
705 2113 784 2153 regia
802 2111 929 2152 potestas
947 2112 1002 2142 hac
1018 2112 1084 2152 lege

121 2155 270 2194 quaeritur.
284 2154 425 2184 universo
433 2155 548 2194 populo
558 2164 656 2195 neque
666 2154 728 2193 ipse
737 2155 916 2187 committit,
928 2163 1026 2194 neque
1035 2154 1083 2183 illi

117 2195 228 2226 horum
244 2194 441 2226 confiliorum
459 2195 596 2226 au&ores
613 2197 767 2225 committi
780 2194 860 2225 reete
872 2204 977 2236 putant
987 2193 1079 2236 pofi'e.

114 2239 265 2268 Sortietur
275 2237 368 2267 tribus
377 2236 459 2267 idem
475 2237 596 2268 Rullus.
621 2238 718 2267 homo
728 2236 804 2267 felix
815 2237 930 2270 educet,
947 2247 1018 2278 quas
1028 2246 1083 2266 vo-

115 2279 168 2312 let,
179 2279 283 2309 tribus.
307 2288 384 2320 quos
395 2289 509 2309 novem
521 2278 614 2309 tribus
626 2279 814 2309 decemviros
823 2278 950 2308 fecerint
964 2299 972 2311 ,
985 2279 1021 2309 ab
1030 2289 1083 2308 eo-

118 2320 190 2352 dem
197 2321 293 2352 Rullo
304 2319 418 2352 edu&ae
432 2331 438 2351 z
457 2322 514 2352 hos
524 2323 667 2353 omnium
677 2330 778 2352 rerum
790 2321 903 2361 (utjam
913 2320 1082 2361 ostendam)

156 2443 166 2460 x
174 2455 180 2461 .
199 2438 256 2460 Item
268 2454 276 2466 ,
286 2437 365 2469 inquit
376 2454 384 2466 ,
394 2435 509 2469 eodemque
519 2435 581 2460 modo
592 2454 600 2467 ‚
611 2437 686 2467 capite
695 2437 768 2460 altero
780 2453 788 2466 ‚
799 2442 825 2460 ut
836 2434 958 2468 comitia]
977 2435 1080 2461 Laure-

116 2469 203 2497 danus
213 2471 286 2505 ejicit
298 2490 306 2501 ‚
325 2471 442 2505 eodemque
450 2472 511 2497 modo
522 2490 531 2504 ,
548 2478 579 2497 ut
589 2470 731 2506 gloffema:
755 2470 826 2506 quod
837 2480 889 2496 non
907 2470 1011 2497 videtur
1023 2472 1082 2498 Gu-

119 2506 224 2533 lielmio
235 2516 243 2537 ;
265 2506 307 2533 sed
318 2506 431 2533 libenter
442 2506 537 2543 legerit
550 2526 558 2539 ‚
577 2510 635 2533 lxm
647 2525 655 2538 ,
673 2510 752 2541 inquit
763 2525 771 2538 ‚
783 2510 859 2539 capite
867 2508 941 2532 altero
951 2527 958 2539 ,
968 2507 1086 2542 eod-‚mque

120 2543 182 2568 modo
194 2562 201 2573 ,
213 2550 240 2567 nt
253 2544 357 2568 comitiis.
380 2543 428 2569 stat
439 2544 518 2569 etiam
529 2552 578 2580 pro
587 2543 696 2578 vulgata
707 2544 852 2568 Puteanus.
873 2543 996 2578 quoniam
1007 2544 1034 2570 in
1045 2544 1084 2570 le-

117 2578 196 2613 gibus
206 2578 350 2605 scribundis
361 2579 445 2606 multa
454 2579 582 2614 ejusmodi
591 2578 624 2606 ad
634 2578 852 2615 lignificationem
863 2578 905 2605 vel
915 2579 1063 2615 pleniorem
1075 2599 1084 2612 ‚
1106 2604 1107 2610 ,

120 2615 162 2640 vel
173 2616 302 2651 aptiorem
314 2615 493 2643 inveniantur.

157 2660 186 2677 ι.
206 2654 289 2683 ‘Populi
299 2651 419 2684 adpartes
428 2651 522 2687 darm]
542 2652 607 2679 Sana
617 2649 788 2686 meojudicio
797 2649 880 2676 lefrio
893 2669 900 2682 ,
911 2650 1081 2687 explicatque

120 2686 214 2713 aufi‘tor
233 2687 321 2713 statim
331 2687 397 2723 post.
417 2686 460 2714 sed
471 2695 559 2715 tamen
569 2688 743 2714 Lauredanus
760 2694 846 2714 mutat
860 2689 952 2720 populo.
973 2688 1079 2714 Guliel-

118 2724 189 2750 mius
201 2723 319 2750 rescribit
331 2743 338 2755 ,
346 2724 423 2757 parsuli
432 2725 552 2757 adparm
562 2726 678 2751 traheret.

154 2767 169 2795 3
177 2780 183 2786 .
202 2760 269 2793 Qod
277 2760 352 2786 adimi
360 2761 495 2793 nullopaffo
505 2768 599 2793 poterat
610 2780 618 2792 ‚
632 2761 742 2794 potestate
754 2778 762 2791 ,
781 2760 886 2793 quadam
895 2762 985 2785 ratione
994 2763 1080 2794 eripere

117 2797 242 2830 conatum]
265 2795 344 2822 Haud
354 2795 431 2822 aliter
443 2796 511 2822 Pau.
521 2797 614 2823 nostri.
633 2798 755 2823 Muretus
772 2804 859 2822 tamen
871 2805 922 2822 non
934 2795 1076 2823 admodum

115 2830 222 2858 dubitat
233 2831 301 2858 libro
311 2841 338 2858 ν.
348 2833 451 2858 Variar.
462 2832 541 2858 Le&.
551 2842 607 2869 cap.
622 2842 647 2864 ς.
667 2833 729 2868 quin
743 2831 886 2867 legendum
901 2832 931 2858 sit
942 2852 950 2864 ‚
964 2840 1059 2866 sotera!
1071 2853 1078 2865 ‚

112 2871 213 2900 potest-ne
230 2869 335 2903 quadam
353 2876 404 2895 rat.
422 2869 464 2895 cui
475 2879 527 2896 non
537 2868 648 2896 affensus
659 2868 712 2896 fuit
723 2868 885 2896 Gulielmius
898 2888 906 2901 ‚
925 2878 1010 2905 neque
1029 2879 1078 2906 ego

117 2902 183 2930 adeo
192 2904 315 2931 accedere
325 2904 436 2941 possum.

155 2947 183 2972 4.
202 2941 259 2972 Qis
269 2944 377 2975 majorem
381 2949 476 2974 partem
484 2941 841 2976 popullsiffagiisprobibuit.]
862 2941 905 2968 Re
925 2940 979 2968 osui
990 2941 1057 2968 istud
1069 2962 1079 2974 ,

120 2974 159 3009 abj
164 2974 359 3017 eStogrivniq
377 2977 448 3014 quod
458 2978 572 3005 alterurn
582 2979 691 3007 restaret
700 2979 727 3006 in
737 2977 806 3005 Pau.
817 2978 844 3004 in
855 2979 891 3004 Er
907 2978 966 3005 urd.
977 2979 1004 3005 &
1015 2978 1077 3005 edd.

118 3019 272 3047 antiquatis,

161 3057 187 3080 5.
205 3052 265 3083 ‘Korn
273 3051 349 3082 vohis,
358 3061 419 3078 omn.
429 3051 459 3083 (ἐν
466 3050 630 3086 arbitr-aren]
641 3051 731 3078 Placet
741 3051 822 3079 lectio
832 3050 891 3078 Pal.
902 3050 953 3078 sec.
964 3052 1078 3077 arbitror.

121 3083 283 3111 Gulielmius
294 3086 385 3112 mallet
397 3107 405 3119 ,
414 3097 443 3113 ne
451 3089 516 3113 vobis
528 3107 536 3119 ‚
547 3095 591 3113 aut
599 3089 682 3114 nedum
691 3089 767 3115 vobis.

156 3120 185 3146 6.
204 3123 301 3146 Primus
308 3123 404 3149 iri-mlix
411 3127 437 3149 in
442 3125 611 3158 prtfiriprione
619 3125 671 3158 legia
680 3125 792 3158 concffu·
801 3125 861 3159 effi]
881 3124 949 3151 Pali.
959 3125 1038 3161 prim.
1049 3124 1077 3150 δε

122 3164 189 3182 vett.
200 3156 260 3182 edd.
271 3157 299 3187 ὠ
307 3160 333 3182 in
339 3159 431 3191 puscr.
450 3159 522 3194 quod
533 3161 610 3187 restat
621 3161 686 3188 item
697 3161 723 3187 in
735 3161 793 3187 Pal.
803 3160 853 3187 sec.
873 3161 1002 3196 habetque
1012 3169 1079 3196 prz-

117 3199 191 3220 ζει-ω
203 3212 211 3225 ,
225 3196 321 3226 primus
336 3196 363 3219 in
372 3195 448 3221 indice
458 3206 465 3221 :
481 3194 537 3223 fere
548 3195 619 3232 quod
636 3196 797 3233 postremum
809 3198 888 3225 etia-m
902 3206 935 3224 ex
948 3196 1080 3233 Turingi-
1095 3203 1098 3218 ¹
1120 3195 1205 3232 magis
1215 3204 1267 3232 prze
1278 3194 1302 3222 sc
1314 3194 1436 3231 ferrefinae
1447 3197 1590 3237 acceptavlex
1603 3214 1610 3226 ,
1622 3196 1768 3230 quamfivc.

1105 2537 1109 2591 l

2008 148 2109 214 379'

1147 228 1291 259 dominos
1301 227 1490 259 habebimus.
1512 237 1598 270 atque
1609 229 1652 264 ii,
1665 237 1698 260 ut
1705 230 1791 271 grati,
1805 238 1838 259 ac
1847 237 1977 258 memores
1987 227 2111 269 beneficii

1148 269 1205 300 ess'e
1214 271 1383 305 videantur,
1393 271 1507 312 aliquid
1520 272 1549 302 se
1558 281 1674 302 novem
1685 271 1819 302 tribuum
1830 272 1912 301 notis
1927 271 2110 301 hominibus

1147 311 1255 341 debere
1272 311 1499 344 confitebuntur
1513 324 1518 343 :
1538 314 1662 355 reliquis
1676 311 1748 343 verb
1758 313 1829 346 sex,
1854 312 1887 343 &
1900 323 1945 343 xx
1959 313 2108 347 tribubus,

1147 354 1225 382 nihil
1235 356 1309 388 erit,
1330 355 1411 395 quod
1422 365 1486 385 non
1495 365 1602 396 putent
1610 354 1693 396 posse
1703 356 1756 386 suo
1763 355 1831 395 jure
1837 354 1992 397 denegare.
2021 357 2110 403 Qos

1148 394 1268 424 tandem
1277 397 1366 436 igitur
1376 396 1566 427 decemviros
1575 399 1666 429 creari
1679 397 1764 428 vult?
1778 400 1814 428 Se
1827 398 1973 438 primum.
2001 399 2063 439 Qi
2071 397 2112 426 li-

1144 443 1191 465 cet
1203 438 1213 464 ?
1234 436 1313 477 leges
1324 439 1407 467 enim
1417 439 1485 469 sunt
1494 448 1608 469 veteres
1620 460 1629 473 ,
1645 449 1741 480 neque
1749 449 1790 470 eae
1801 439 1969 470 consulares
1979 458 1988 472 ,
2002 436 2023 468 fi
2034 437 2110 480 quid

1145 476 1283 507 interess'e
1293 479 1351 508 hoc
1359 478 1546 510 arbitramini
1556 500 1565 515 ‚
1590 481 1638 511 sed
1652 482 1817 512 tribunitiae
1828 501 1836 515 ‚
1854 481 1943 511 vobis
1956 501 1964 514 ,
1985 481 2111 521 majori-

1145 518 1258 560 busque
1268 519 1374 550 vestris
1389 521 1586 551 vehementer
1596 531 1683 563 gratae
1695 543 1703 556 ‚
1720 532 1807 564 atque
1814 524 1826 563 j
1831 522 1966 553 ucundae.
1989 524 2110 553 Licinia

1144 560 1187 590 est
1198 562 1258 595 lex,
1270 570 1356 602 atque
1365 561 1454 592 altera
1464 563 1594 593 AEbutia:
1606 573 1672 604 quse
1685 574 1749 594 non
1761 563 1855 594 modb
1870 567 1932 594 EU
1943 565 1999 598 M,
2014 564 2082 604 Q
2091 566 2113 594 t

1145 604 1208 631 Tv
1217 605 1242 632 L
1253 606 1278 633 E
1288 607 1314 633 R
1323 606 1341 634 I
1349 604 1389 637 T,
1403 602 1440 632 de
1450 603 1548 644 aliqua
1557 607 1723 639 curatione,
1737 616 1770 636 ac
1778 605 1920 646 potestate
1932 627 1940 640 ,
1955 606 2004 636 sed
2015 609 2110 636 etiam

1142 645 1269 684 collegas
1283 646 1358 685 eJ'us‚
1372 654 1514 687 cognatos
1525 665 1533 679 ‚
1547 644 1663 676 affineis
1673 649 1785 687 excipit
1794 668 1801 681 ,
1824 658 1862 678 ne
1872 650 1914 678 eis
1925 658 1957 678 ea
1966 647 2108 689 potestas,

1142 689 1293 716 curatiove
1305 687 1472 717 mandetur.
1496 688 1619 718 Etenim
1634 707 1642 720 ‚
1653 687 1672 717 fi
1683 691 1796 728 populo
1806 691 1939 720 consulis
1954 701 1959 719 :
1981 699 2108 720 remove

1140 728 1193 758 tea
1217 729 1350 768 uspicione
1359 730 1481 768 alicujus
1492 729 1537 758 tui
1546 730 1678 759 commodt
1691 741 1703 756 ··
1722 730 1767 760 fac
1777 729 1880 765 fidem,
1895 741 1922 761 te
1935 732 2033 766 nihil,
2048 729 2106 762 nist

1139 772 1244 810 populi
1254 771 1416 801 utilitatem
1427 791 1436 805 ‚
1453 771 1486 801 δε
1500 770 1636 801 fructum
1649 781 1778 812 quaerere
1791 783 1796 801 ;
1815 772 1875 802 sine
1888 773 1922 803 ad
1935 774 2008 804 alios
2017 783 2104 815 potc-

1140 811 1255 846 ssatem,
1271 812 1306 842 ad
1317 822 1345 842 te
1358 814 1480 854 gratiam
1491 811 1632 843 beneficii
1643 815 1686 843 tui
1698 815 1863 853 pervenire.
1887 825 1956 845 narn
1969 817 2027 846 hoc
2035 818 2107 856 qui-

1140 853 1210 884 dem
1222 856 1275 884 vix
1286 854 1328 885 est
1339 855 1426 885 liberi
1436 855 1552 895 populi,
1565 857 1620 885 vix
1629 854 1799 885 vestrorum
1809 859 2029 891 animorum,ac
2040 867 2107 888 ma-

1134 894 1327 936 gnificentiae.
1360 898 1436 937 Qis
1450 897 1546 944 legem
1562 896 1656 927 tulit?
1677 897 1801 928 Rullus.
1833 900 1936 937 4Q1is
1953 900 2099 938 majorem
2118 913 2141 944 9

1133 946 1247 978 partem
1266 938 1372 978 populi
1390 937 1536 979 suffragiis
1555 940 1685 979 privavit
1702 941 1713 969 ?
1733 939 1854 969 Rullus.
1882 942 1957 981 Qis
1966 942 2101 970 comitiis

1135 979 1254 1019 praefuit
1266 983 1276 1009 ?
1287 980 1408 1011 Rullus.
1432 983 1508 1022 Qis
1519 981 1613 1010 tribus
1625 1001 1633 1014 ‚
1648 991 1719 1022 quas
1731 981 1849 1015 voluit,
1860 983 1998 1015 vocavit,
2013 983 2104 1012 nullo

1134 1021 1257 1052 custode
1270 1023 1389 1052 sortitus
1402 1025 1412 1051 ?
1431 1024 1507 1062 Qis
1518 1022 1717 1057 decemviros,
1735 1033 1811 1064 quos
1824 1024 1930 1057 voluit,
1943 1026 2103 1054 renuncia-

1135 1066 1200 1094 vit?
1211 1064 1296 1094 Idem
1308 1064 1428 1095 Rullus.
1453 1067 1552 1106 Qm
1562 1066 1730 1105 principem
1740 1067 1948 1096 renuntiavit?
1961 1066 2103 1095 Rullum.

1135 1108 1208 1139 Vix,
1220 1106 1496 1146 mehercule‚servu
1511 1108 1570 1136 hoc
1580 1117 1650 1137 eum
1661 1108 1731 1141 suis,
1745 1111 1758 1134 5
1768 1117 1831 1137 non
1840 1107 1940 1141 vobis,
1956 1109 2102 1137 omnium

1131 1148 1264 1189 gentium
1276 1149 1392 1178 dominu
1406 1148 1599 1187 probaturum
1617 1148 1778 1179 arbitrarer.
1813 1151 1943 1189 oprimae
1954 1149 2031 1190 leges
2043 1151 2098 1179 itri-

1136 1199 1184 1221 tur
1193 1191 1246 1221 hac
1257 1191 1320 1232 lege
1331 1189 1392 1220 sine
1403 1190 1464 1220 ulla
1473 1192 1652 1231 exceptione
1663 1190 1817 1221 tollentur.
1855 1191 1941 1221 Idem
1960 1191 2033 1233 legis
2047 1175 2101 1221 libi

1136 1233 1187 1263 sua
1196 1232 1260 1273 lege
1273 1234 1460 1263 curationem
1471 1241 1551 1272 petet
1566 1244 1571 1261 z
1594 1232 1677 1262 idem
1688 1253 1696 1267 ,
1709 1234 1822 1273 majore
1834 1242 1913 1274 parte
1923 1234 2030 1273 populi
2040 1233 2103 1264 suf-

1138 1274 1239 1315 fragiis
1250 1274 1371 1314 spoliata
1381 1294 1389 1308 ,
1401 1276 1525 1304 comitia
1535 1274 1670 1305 habebit:
1692 1285 1769 1315 quos
1780 1276 1860 1305 volet
1870 1295 1878 1309 ‚
1890 1284 1975 1316 atque
1987 1277 2020 1305 in
2030 1275 2103 1314 iisse

1135 1317 1226 1358 ipficm
1240 1315 1413 1346 renuntiabit
1423 1327 1435 1343 .-
1459 1316 1492 1346 &
1503 1316 1645 1347 videlicet
1659 1318 1787 1358 collegas
1796 1317 1864 1347 suos
1875 1338 1882 1350 ,
1907 1317 2102 1357 adscriptores

1138 1360 1212 1399 legis
1223 1360 1351 1401 Agrariae
1363 1368 1427 1388 non
1439 1358 1626 1398 repudiabit,
1649 1357 1664 1388 a
1677 1359 1787 1399 quibus
1806 1361 1834 1388 ei
1857 1360 1941 1389 locus
1959 1356 2104 1399 ⁶primuz

1138 1400 1264 1431 invidiae
1275 1403 1308 1431 in
1320 1400 1543 1441 praescriptione
1552 1401 1625 1442 legis
1635 1399 1791 1431 concess'us
1804 1400 1847 1431 est
1863 1412 1868 1430 :
1885 1403 1975 1431 ceteri
1984 1399 2103 1431 fruCtus

1139 1444 1283 1472 omnium
1293 1452 1393 1472 rerum
1403 1461 1411 1475 ,
1425 1443 1521 1483 quiin
1531 1443 1579 1483 spe
1589 1443 1663 1483 legis
1672 1443 1760 1483 'nujus
1772 1441 1860 1483 positi
1868 1443 1946 1477 sunt,
1958 1452 2103 1473 commu-

1133 1486 1167 1514 ni
1182 1487 1322 1515 cautione
1333 1504 1341 1518 ,
1362 1493 1449 1525 atque
1466 1489 1478 1512 7
1491 1494 1573 1525 :equa
1586 1483 1639 1514 fibi
1651 1493 1730 1524 parte
1741 1486 1920 1515 retinentur.
1952 1487 1992 1514 At
2001 1483 2105 1515 videte

1138 1527 1273 1556 hominis
1284 1526 1473 1568 diligentiam
1485 1546 1494 1560 ,
1507 1525 1527 1556 fi
1538 1535 1586 1557 aut
1595 1528 1725 1557 Rullum
1736 1525 1873 1568 cogit-affe
1883 1546 1891 1560 ‚
1915 1525 1994 1557 autfi
2006 1526 2103 1557 Rullo

1136 1567 1265 1608 potuisse
1283 1570 1317 1598 in
1333 1577 1471 1598 mentem
1490 1570 1594 1598 venire
1602 1568 1800 1599 arbitramini.
1824 1569 1975 1599 Viderunt
1983 1570 2005 1599 ii
2019 1588 2027 1601 ,
2047 1570 2102 1610 qui.

1136 1612 1200 1640 haec
1210 1610 1465 1644 machinabantur,
1477 1608 1498 1640 sl
1510 1610 1597 1640 vobis
1608 1620 1646 1640 ex
1656 1612 1745 1640 omni
1754 1610 1870 1651 populo
1881 1610 2034 1653 deligendi
2045 1619 2101 1650 po-

1137 1651 1221 1683 testas
1233 1651 1305 1682 effer
1314 1652 1378 1682 data
1390 1672 1398 1685 ‚
1409 1662 1594 1693 quaecunque
1603 1662 1648 1682 res
1658 1651 1730 1681 effet
1739 1672 1747 1686 ,
1767 1654 1800 1682 in
1810 1662 1867 1693 qua
1873 1652 1944 1691 fides
1953 1672 1961 1686 ‚
1982 1653 2101 1693 integri-

1134 1702 1179 1724 tas
1191 1715 1199 1728 ,
1213 1694 1307 1723 virtm
1319 1714 1327 1728 ,
1338 1692 1498 1723 austeritas
1506 1701 1672 1735 quereretur
1681 1714 1689 1727 .
1700 1703 1754 1724 vos
1764 1704 1831 1724 eam
1841 1692 1902 1725 fine
1912 1694 2103 1725 dubitatione

1134 1736 1170 1767 ad
1191 1739 1249 1766 Cn.
1261 1737 1443 1776 Pompeium
1465 1737 1633 1776 principem
1652 1735 1810 1766 delaturos.
1842 1738 1965 1767 Etenim
1975 1756 1984 1770 ,
2006 1746 2099 1777 quem

1134 1788 1232 1808 unum
1246 1788 1284 1808 ex
1296 1777 1415 1808 cunetis
1428 1776 1608 1819 delegissetis
1619 1798 1628 1812 ‚
1647 1787 1679 1808 ut
1697 1787 1770 1808 eum
1787 1777 1933 1808 omnibus
1953 1779 2098 1808 omnium

1131 1822 1270 1862 gentium
1281 1820 1369 1850 bellis
1377 1829 1461 1854 terra,
1476 1820 1508 1850 &
1518 1821 1593 1850 mari
1602 1821 1814 1860 praeponeretis
1828 1831 1833 1849 :
1847 1820 1925 1851 certe
1935 1819 2104 1851 indecem-

1132 1864 1204 1892 viris
1212 1861 1359 1893 faciendis
1373 1881 1381 1895 ,
1408 1860 1467 1892 five
1476 1860 1549 1892 fides
1560 1862 1717 1891 haberetur
1729 1882 1737 1895 ,
1759 1860 1817 1892 sive
1828 1863 1927 1892 honos
1939 1873 1944 1891 :
1968 1862 2002 1892 &
2010 1872 2099 1893 com*

1133 1906 1215 1934 mitti
1232 1906 1304 1934 huic
1319 1903 1439 1944 optime
1449 1923 1457 1937 ,
1477 1904 1511 1934 &
1521 1905 1621 1934 ornari
1634 1902 1884 1943 huncjustiffime
1893 1901 1974 1943 posse
1984 1904 2099 1934 intelli-

1132 1946 1249 1986 gebant.
1275 1948 1378 1986 Itaque
1395 1946 1537 1986 excipitur
1550 1945 1604 1975 hac
1613 1945 1677 1985 lege
1687 1965 1696 1978 ,
1720 1955 1785 1975 non
1796 1945 1994 1976 adolescentia
2003 1966 2012 1979 ,
2032 1955 2098 1977 noa

1133 1989 1308 2029 legitimum
1319 1987 1589 2026 impedimentum.
1604 1996 1668 2016 non
1678 1986 1804 2028 potestas
1814 2007 1822 2020 ‚
1838 1996 1902 2017 non
1913 1986 2101 2028 magistratus

1132 2030 1224 2063 ullus,
1238 2029 1304 2059 aliis
1315 2030 1457 2070 negotii&
1470 2039 1502 2058 ac
1512 2028 1629 2068 legibus
1639 2028 1819 2068 impeditus,
1834 2024 1849 2048 ⁸
1859 2038 1923 2059 non
1933 2038 1999 2058 reus
2010 2028 2100 2058 den,-

1130 2080 1198 2111 que,
1210 2080 1271 2112 quo
1283 2070 1392 2101 minus
1403 2069 1558 2100 decemvir
1569 2068 1634 2100 fieri
1643 2068 1738 2110 poffit.
1754 2070 1934 2101 Praesentem
1944 2080 2015 2100 eum
2027 2081 2098 2111 pro—

1132 2112 1209 2142 fiteri
1221 2112 1309 2153 jubet
1317 2132 1326 2145 ,
1339 2112 1422 2153 quod
1431 2112 1515 2142 nulla
1524 2112 1621 2142 aliain
1629 2112 1692 2154 lege
1706 2122 1851 2153 umquam
1861 2111 1919 2142 fuit
1928 2133 1936 2147 ,
1957 2123 1995 2142 ne
2006 2114 2039 2142 in
2047 2114 2097 2142 his

1131 2154 1256 2195 quidem
1277 2153 1498 2195 magistratibus
1508 2173 1516 2188 ,
1536 2163 1667 2194 quorum
1676 2163 1772 2195 certus
1780 2154 1856 2184 ordo
1866 2154 1918 2185 est.
1951 2154 2099 2185 Timebat

1131 2198 1214 2226 enim
1224 2217 1233 2230 ,
1248 2197 1411 2236 Pompeius
1422 2206 1460 2225 ne
1471 2194 1492 2224 fi
1501 2194 1620 2229 adesset,
1634 2195 1704 2226 ferri
1714 2206 1777 2226 non
1786 2194 1900 2236 poss'et:
1923 2205 1973 2227 aut
1983 2216 1991 2230 ,
2003 2206 2041 2226 ne
2053 2217 2061 2230 ,
2073 2195 2095 2226 fi

1128 2247 1243 2278 accepta
1260 2238 1311 2268 lex
1330 2236 1421 2271 effer,
1441 2237 1532 2267 illum
1542 2235 1595 2268 sibi
1604 2238 1753 2280 collegam
1763 2238 1966 2269 adscriberetis
1977 2259 1986 2272 ,
2006 2237 2095 2274 custo-

1127 2279 1189 2308 dem
1200 2301 1208 2312 ,
1219 2290 1250 2310 ac
1259 2279 1416 2310 vindicem
1428 2279 1638 2319 cupiditatum.
1678 2278 1737 2310 Hic
1749 2300 1757 2315 ,
1779 2281 1927 2321 quoniam
1938 2281 2028 2310 video
2039 2290 2093 2311 vos

1129 2323 1266 2352 hominis
1277 2321 1429 2364 dignitate,
1443 2321 1475 2352 &
1485 2322 1673 2353 contumelia
1682 2322 1755 2364 legis
1766 2321 1823 2353 effe
1835 2330 2011 2353 commotos
2025 2333 2030 2352 :
2045 2333 2092 2353 re-

1969 2365 2093 2395 novabo

1128 2435 1163 2460 cis
1187 2434 1265 2461 codd.
1286 2434 1417 2461 suffridus
1436 2435 1510 2461 Petri
1523 2454 1530 2465 ‚
1551 2434 1592 2461 cui
1615 2434 1643 2460 id
1661 2433 1844 2470 perplacebat5
1864 2442 1914 2459 non
1934 2433 2012 2459 ctizun
2033 2434 2093 2459 Liu-

1128 2470 1242 2497 lielmio.
1263 2479 1314 2507 ego
1324 2471 1429 2502 haereo;
1449 2479 1479 2497 ac
1489 2478 1565 2497 nuto.
1587 2470 1695 2506 fereque
1715 2469 1865 2507 propendeo
1875 2469 1901 2495 iii
1912 2478 2016 2504 partein
2028 2469 2092 2496 Suf-

1128 2507 1192 2534 fridi
1204 2507 1266 2533 mei.

1164 2552 1192 2578 7.
1213 2546 1313 2579 ‹AEqsm
1323 2544 1369 2577 fibi
1382 2551 1454 2577 parte
1472 2543 1628 2577 retinemur]
1650 2542 1718 2569 Pall.
1732 2542 1808 2569 ambo
1819 2542 1848 2568 ὃς
1860 2541 1953 2568 vetusti
1964 2541 2014 2568 cufi
2024 2550 2091 2576 ‚equa

1126 2582 1148 2605 ei
1163 2588 1244 2613 parre.
1263 2580 1330 2607 adeo
1341 2588 1368 2606 ut
1380 2590 1430 2606 nou
1446 2580 1601 2606 abhorream
1613 2589 1627 2605 a
1639 2578 1779 2605 Guliclinii
1798 2578 1969 2613 coiijcc'taiieo
1981 2598 1988 2611 ‚
2007 2587 2088 2613 ‹equa-

1127 2617 1170 2642 bili
1183 2624 1263 2649 pane.

1164 2651 1191 2679 8.
1211 2656 1271 2688 Qu
1290 2661 1345 2678 rem·
1363 2652 1485 2686 denique]
1506 2651 1641 2686 Negativa
1651 2650 1686 2677 est
1699 2651 1713 2676 a
1724 2649 1899 2681 Laured21m5
1921 2660 1953 2677 ne
1963 2657 2086 2686 putemus

1126 2687 1198 2715 forte
1211 2689 1341 2724 originem
1353 2688 1446 2714 debere
1457 2688 1533 2713 alicui
1544 2687 1627 2713 codici
1639 2687 1738 2713 calamo
1748 2694 1867 2713 exarato.
1882 2690 1955 2713 certe
1967 2687 2024 2712 l'al.
2036 2686 2087 2713 stc.

1125 2725 1183 2750 heic
1193 2725 1270 2751 habet
1282 2734 1289 2754 -2
1302 2726 1424 2757 imperinm
1434 2735 1440 2748 ς
1451 2734 1504 2749 iem
1513 2724 1620 2757 lemque,
1631 2734 1673 2757 3⁷ch
1684 2726 1762 2748 minus
1772 2723 2029 2757 derenrnirfics‘tpqffit,
2040 2733 2087 2748 mu

1123 2764 1239 2793 excipitur
1250 2772 1256 2785 :
1275 2763 1319 2786 Cn.
1328 2762 1449 2793 ‘Pompejttr
1458 2767 1573 2792 exctynur
1584 2779 1591 2790 ,
1602 2769 1629 2784 ne
1640 2769 1690 2784 cum
1698 2763 1730 2784 Ῥ.
1740 2761 1804 2784 Rullo
1814 2778 1822 2790 ,
1833 2766 1896 2784 lacco
1906 2760 1930 2784 dc
1941 2760 2032 2790 [τῃ-νέα,
2043 2760 2084 2784 de·

1123 2799 1350 2831 cemvirfierifoffit.
1366 2798 1497 2829 prdem-tem
1507 2799 1567 2820 enim
1580 2798 1687 2829 profimi
1697 2797 1766 2829 jubet
1777 2806 1782 2819 .·
1800 2795 1860 2830 quod
1869 2796 1934 2820 nulla
1942 2798 1968 2820 in
1977 2796 2021 2827 lige
2030 2805 2085 2819 um-

1123 2842 1195 2867 quam
1206 2835 1258 2867 fuit
1269 2852 1277 2865 ‚
1295 2843 1323 2858 ne
1332 2836 1357 2858 in
1368 2833 1401 2858 ι’ςὶι
1413 2833 1502 2866 qnidam
1514 2834 1687 2864 inizggslratibm
1697 2841 1794 2866 quorum
1812 2838 1889 2856 cerm,-
1907 2831 1958 2856 ordo
1976 2833 2019 2857 eff.
2031 2833 2086 2864 fite

1123 2876 1220 2902 accepta
1228 2872 1265 2895 lex
1274 2870 1325 2902 cffit
1337 2888 1344 2899 ,
1355 2870 1465 2902 illumfibi
1477 2869 1578 2900 etQ-gam
1588 2868 1747 2901 adscriberetis
1758 2868 1866 2900 custodem
1877 2876 1905 2892 at
1914 2867 2031 2892 falmiam
2040 2877 2083 2892 cu-

1109 2906 1260 2938 vsiditatum.
1279 2909 1335 2931 Istic
1342 2905 1514 2939 qusniam,&c.
1533 2904 1561 2929 δί
1575 2913 1636 2930 vero
1647 2904 1796 2930 ultimailla
1805 2903 2010 2935 claustri-affluam
2025 2903 2085 2929 viii-

1122 2948 1165 2968 tar
1183 2943 1210 2968 in
1221 2942 1341 2968 Palatino
1360 2941 1444 2976 primo
1457 2960 1465 2971 ,
1484 2941 1510 2966 in
1526 2939 1688 2967 editionibus
1699 2941 1806 2967 Venetis
1827 2939 1911 2966 tribus
1924 2959 1933 2970 ,
1951 2948 2081 2965 annorum

1121 2987 1216 3015 nempe
1234 2986 1426 3004 ccccnxxiii.
1446 2986 1658 3004 ccccmzxxux.
1677 2985 1706 3003 :ic
1725 2985 1885 3003 ccccxcuz.
1908 2976 1979 3001 illius
1999 2975 2080 3001 nostri

1123 3015 1223 3050 vulgati
1237 3026 1242 3041 ;
1254 3016 1355 3039 ’Πτηεὲαι
1366 3017 1424 3038 enim
1433 3014 1554 3046 Pompcjur
1566 3032 1574 3044 ,
1585 3015 1639 3046 nesi
1646 3014 1809 3047 aquct,s2›-ri
1819 3022 1862 3037 mn
1868 3013 1937 3045 Jaeff'ct
1948 3022 1954 3036 :
1963 3019 2006 3036 aut
2015 3013 2079 3044 nesi,

1119 3051 1146 3077 in
1158 3051 1260 3078 scriptis
1272 3051 1325 3076 iliis
1336 3058 1381 3075 aut
1392 3049 1469 3076 editis
1483 3068 1491 3081 ,
1510 3049 1569 3076 iola
1579 3049 1651 3075 nulla
1666 3059 1713 3076 iaec
1725 3049 1873 3084 vestigium.
1893 3049 1921 3073 8<
1934 3057 1996 3074 vero
2006 3048 2080 3083 prior·

1120 3096 1177 3123 pars
1197 3080 1274 3120 liujus
1293 3085 1416 3112 lectionis
1434 3087 1441 3112 i
1464 3085 1554 3112 siffima
1571 3085 1607 3112 est
1618 3086 1756 3112 Ciceronis
1770 3105 1776 3116 ,
1787 3094 1866 3120 atque
1876 3083 2040 3110 admittenda
2051 3083 2077 3109 iu

1119 3130 1287 3149 contextam.
1306 3122 1433 3158 posterior
1455 3121 1540 3158 {eliaba
1552 3120 1621 3148 forte
1633 3132 1682 3148 una
1693 3122 1827 3157 alteraque
1840 3121 1928 3147 luxata
1939 3120 1986 3151 est,
1997 3128 2076 3154 quam

1119 3158 1270 3186 emendabit
1281 3158 1347 3184 ordo
1359 3159 1487 3185 Criticus.
1507 3168 1603 3185 moneo
1622 3159 1729 3185 interim
1751 3159 1806 3184 Pal.
1825 3154 2053 3185 ill-timi'ccundum
2068 3173 2077 3185 ‚

1517 3233 1540 3259 Β
1551 3241 1565 3257 o
1575 3231 1591 3258 b
1613 3240 1628 3257 ²
1929 3237 1951 3254 ι.
1972 3227 2078 3252 [lomim
