2337 3400
212 138 306 185 552
624 118 691 167 Μ.
778 116 1142 164 Turum

212 199 247 226 in
265 206 336 226 meo
348 194 476 225 inimico
497 192 704 223 crudelitatem
721 189 922 231 expromisisti
936 201 1017 222 ruam
1029 212 1038 226 ‚
1061 190 1179 222 laudare

213 248 278 269 non
295 236 413 277 posl'um
429 254 437 268 ‚
458 235 540 265 irasci
550 234 630 264 certe
650 244 714 263 non
727 234 832 263 debeo.
858 237 888 264 Ρ.
902 234 1003 263 Clodii
1022 243 1178 274 praeturam

213 290 280 310 non
291 279 349 308 sine
366 279 506 306 maximo
518 286 617 306 rerum
630 285 777 305 novarum
799 279 808 294 ¹
822 284 903 305 metu
915 278 1064 316 proponi,
1084 276 1117 306 &
1131 276 1181 305 so-

214 322 310 352 lutam
320 319 384 348 fore
399 318 544 348 videbatis
558 339 565 352 ‚
580 316 635 348 nisi
645 315 715 347 ess'et
725 319 749 347 is
758 317 863 347 consul
874 337 883 352 ,
927 319 957 347 ui
969 327 1034 347 earn
1044 317 1175 350 auderet,

215 360 368 403 possetque
386 359 601 402 constringere.
625 370 696 390 eum
717 360 870 389 Milonem
890 358 948 389 es'e
965 370 1036 389 curn
1061 360 1179 390 sentiret

215 403 370 433 universus
384 403 512 442 populus
526 405 620 432 Rom.
641 403 709 442 quis
729 401 878 431 dubitaret
898 399 1036 443 suffragio
1057 402 1132 436 suo,
1152 402 1181 432 se

218 455 302 476 metu
315 464 322 478 ‚
343 445 476 484 periculo
488 454 584 484 remp.
598 445 742 474 liberare?
764 446 777 461 2
793 446 831 473 At
851 453 932 477 non,
962 444 1114 474 P-Clodio
1133 454 1182 474 re-

217 496 316 520 moto,
330 485 440 516 usitatis
448 485 511 526 jam
523 487 609 516 rebus
620 484 797 515 enitendum
813 485 855 515 est
866 486 980 515 Miloni
991 506 1000 519 ,
1021 495 1053 515 ut
1067 495 1182 516 tueatur

217 529 395 570 dignitatem
416 528 508 558 suam.
532 526 686 569 singularis
705 528 756 556 illa
771 528 841 557 huic
854 529 906 557 uni
926 527 1062 558 concess'a
1074 528 1180 569 gloria,

218 581 284 612 quae
293 570 430 612 quotidie
439 569 597 612 augebatur
605 569 777 611 frangendis
787 568 940 600 furoribus
950 570 1182 609 Clodianis‚jam

222 622 322 643 morte
341 612 442 643 Clodii
461 611 580 642 cecidit.
604 614 666 641 Vos
684 611 781 651 adepti
801 611 888 646 estis,
909 622 947 641 ne
970 622 1061 652 quem
1082 614 1182 642 civem

220 657 395 685 metueretis
410 665 416 683 ;
446 655 495 684 hic
522 654 750 683 exercitationem
774 654 890 683 uirtutis
900 673 908 687 ‚
940 653 1182 694 suffragationem

218 697 388 727 consulatus
401 717 408 728 ‚
420 695 538 726 fontem
547 706 726 736 peremncm
737 696 840 735 gloriae
852 697 908 726 suae
918 696 1057 735 perdidit.
1081 698 1183 736 Itaque

219 739 351 768 Milonis
360 738 530 769 consulatus
543 757 551 772 ,
565 739 637 779 qui,
650 739 722 767 vivo
735 738 844 767 Clodio
856 758 863 771 ‚
876 736 1043 767 labefatfftari
1055 747 1118 766 non
1126 747 1184 777 po-

220 789 302 812 terat=
320 789 444 810 mortuo
454 780 586 820 denique
597 782 702 809 tentari
715 789 828 819 coeptus
840 779 890 809 est.
913 789 976 808 non
988 778 1082 808 modo
1094 780 1184 820 igitur

221 823 301 853 nihil
315 821 434 862 prodest
444 842 453 856 ,
477 821 525 852 sed
537 821 623 862 obest
633 824 723 851 etiam
747 825 778 851 P.
792 821 892 851 Clodii
904 831 985 850 mors
996 822 1120 850 Miloni.
1143 824 1184 850 At

214 865 315 894 maluit
326 864 430 894 odium
442 885 450 899 ,
463 863 535 894 fecit
546 865 634 894 iratus
644 884 653 897 ,
669 863 741 893 fecit
751 865 906 896 inimicus,
921 866 932 890 3
944 862 1001 892 fuit
1010 863 1089 892 ultor
1101 863 1184 903 inju-

220 908 270 937 ria:
283 927 290 939 ,
311 908 436 946 punitor
457 905 571 936 doloris
583 906 635 936 sui.
660 904 759 946 Qud,
776 903 796 934 si
810 906 889 938 haec,
911 915 975 935 non
989 904 1058 935 dico
1071 905 1184 943 majora

217 949 341 979 fuerunt
352 951 384 979 in
396 948 523 981 Clodio,
542 948 633 988 quam
647 948 680 976 in
692 947 812 976 Milone
822 967 830 981 ‚
852 947 900 977 sed
917 949 950 976 in
968 947 1024 976 illo
1037 949 1182 980 maxima,

219 991 306 1021 nulla
325 992 358 1021 in
378 992 457 1020 hoc?
487 991 560 1030 quid
580 989 672 1019 vultis
691 989 823 1028 amplius
839 992 850 1018 ἓ
881 988 954 1030 quid
971 991 1056 1018 enim
1076 987 1184 1019 odiss'et

223 1032 369 1063 Clodium
390 1032 486 1065 Milo,
506 1031 644 1072 figerem,
667 1040 700 1059 ac
712 1031 865 1060 materiam
879 1032 935 1071 sue
948 1031 1058 1071 gloria,
1080 1039 1184 1071 praeter

220 1076 280 1105 hoc
290 1076 379 1105 civile
391 1074 497 1104 odium
512 1093 520 1106 ‚
531 1083 592 1114 quo
605 1082 713 1102 omnes
723 1073 880 1112 improbos
893 1073 1038 1103 odimus?
1062 1073 1116 1102 Ille
1126 1081 1186 1101 erat

222 1127 255 1147 ut
265 1115 381 1149 odisset,
392 1113 529 1156 primum
542 1114 732 1144 defensorem
747 1115 848 1144 salutis
858 1125 951 1149 rneae;
970 1114 1080 1145 deinde
1090 1124 1182 1143 vexa-

223 1168 317 1189 torem
339 1157 447 1188 furoris
458 1177 467 1191 ,
492 1157 681 1187 domitorem
694 1166 849 1187 armorum
864 1158 1007 1190 suorum3
1027 1154 1180 1196 postremo

220 1202 311 1230 etiam
322 1200 521 1230 accusatorem
532 1199 629 1231 suum.
652 1208 720 1228 reus
731 1200 814 1228 enim
830 1200 958 1228 Milonis
970 1218 978 1232 ,
999 1199 1062 1239 lege
1074 1197 1179 1230 Plotia,

217 1242 277 1272 suit
289 1242 412 1272 Clodius
423 1261 431 1274 ‚
452 1240 551 1282 quoad
561 1243 647 1271 vixit.
670 1242 740 1281 Qo
759 1240 879 1271 tandem
889 1243 994 1270 animo
1004 1241 1063 1269 hoc
1082 1248 1182 1279 tyran-

222 1294 297 1314 num
309 1282 407 1317 tulisse
417 1283 536 1313 creditis
550 1287 718 1324 ?quantum
729 1281 836 1314 odium
846 1281 939 1315 illius,
950 1286 967 1309 4
977 1282 1019 1315 &‚
1033 1283 1067 1311 in
1078 1281 1182 1310 homi-

160 1335 202 1367 x4
223 1337 261 1357 ne
271 1325 395 1366 injusto,
407 1325 498 1366 quarn
509 1327 600 1355 etiam
616 1324 750 1362 justum?
772 1325 940 1365 Reliquum
952 1323 994 1354 est
1004 1344 1012 1357 ‚
1024 1333 1058 1353 ut
1067 1324 1131 1363 jam
1143 1323 1180 1352 il-

221 1369 287 1400 lum
302 1365 517 1408 naturaipsius,
542 1366 787 1407 consuetudoque
798 1366 955 1396 defendat:
980 1367 1061 1396 hunc
1079 1374 1178 1395 autern

216 1411 285 1441 ‹haec
304 1410 408 1441 eadem
427 1418 601 1450 coarguant:
621 1409 707 1442 ,nihil
722 1418 774 1448 per
791 1410 857 1439 vim
876 1418 1022 1449 umquam
1041 1407 1178 1441 Clodius,

220 1453 329 1483 onmia
342 1462 393 1492 per
406 1454 471 1484 vim
483 1452 570 1483 Milo.
596 1450 677 1492 Qud
688 1461 769 1492 ergo,
779 1450 916 1490 judices?
938 1461 1007 1480 curn
1018 1451 1181 1480 moerenti-

222 1495 278 1525 bus
291 1495 388 1528 vobis,
401 1494 472 1523 urbe
485 1492 777 1532 cessi,5judiciumne
786 1492 898 1522 timui?
909 1502 972 1522 non
988 1493 1098 1525 servos,
1116 1501 1181 1521 non

220 1547 302 1567 arma
313 1557 321 1569 ,
338 1546 402 1566 non
411 1537 477 1566 vim
491 1539 502 1565 ἓ
525 1533 811 1577 (Επῑυίίῖἒῑᾶὲἰωτ
825 1535 908 1564 causa
921 1533 1095 1564 restituendi
1107 1534 1179 1567 mei,

223 1577 278 1609 nisi
289 1581 316 1608 ei
334 1576 435 1610 fuisset
453 1576 561 1616 injusta
570 1576 733 1616 ejiciendi?
755 1578 849 1606 Diem
861 1578 957 1610 milii,
969 1576 1058 1606 credo
1069 1596 1078 1610 ‚
1094 1576 1182 1606 dixe-

222 1630 265 1651 rat
277 1631 282 1650 z
295 1619 423 1650 multam
436 1621 589 1660 irrogarat:
602 1617 757 1648 astionem
765 1618 982 1658 perduellionis
996 1618 1162 1648 intenderat
1174 1627 1180 1646 2

223 1663 256 1693 δε
268 1663 346 1691 mihi
359 1682 366 1696 ,
386 1660 498 1697 judices
512 1681 520 1694 ‚
542 1659 599 1690 6in
607 1660 690 1690 causa
703 1670 750 1690 aut
761 1659 854 1691 vestra
869 1661 947 1692 mala
958 1681 966 1694 ,
982 1669 1030 1691 aut
1043 1670 1109 1690 mea
1127 1669 1182 1690 nec

222 1702 440 1745 praeclariffima
451 1722 459 1736 ,
474 1704 564 1732 etiam
576 1701 722 1740 judicium
735 1702 904 1733 timendum
915 1702 984 1733 fuit.
1006 1706 1180 1735 Servorum,

223 1747 259 1777 &
270 1748 423 1786 egentium
434 1746 564 1778 civium.
574 1745 606 1774 Sc
616 1743 867 1778 facinorosorum,
881 1747 969 1776 armis
981 1755 1066 1775 meos
1075 1746 1180 1778 civeis,

223 1790 302 1820 meis
311 1785 459 1820 consiliis,
472 1787 670 1826 periculisque
681 1787 809 1816 servatos
819 1807 827 1820 ‚
843 1797 896 1827 pro
908 1797 958 1816 me
968 1787 1061 1826 objici
1081 1786 1179 1816 nolui.

222 1830 297 1861 Vidi
310 1831 391 1860 enim
405 1849 413 1862 ,
425 1829 487 1858 vidi
498 1829 578 1858 bunc
587 1829 685 1868 ipsum
696 1830 756 1873 Q.
770 1827 965 1859 Hortensium
978 1849 986 1862 ,
999 1829 1106 1858 lumen
1117 1847 1126 1861 ‚
1148 1828 1181 1857 &

221 1880 439 1902 ornamentum
457 1880 530 1910 reip.
550 1869 635 1909 paene
655 1871 784 1900 internci
805 1871 957 1901 servorum
978 1880 1089 1903 manu,
1108 1879 1179 1900 cum

224 1915 303 1944 milii
312 1911 419 1943 adcss'et
431 1923 437 1941 :
461 1913 559 1953 quain
570 1911 654 1942 turba
664 1914 696 1941 C.
710 1912 878 1946 Vibienus„
892 1913 1024 1946 senator,
1042 1915 1089 1942 vir
1101 1912 1180 1951 opti—

223 1965 292 1986 mus
305 1976 312 1990 ,
330 1965 400 1985 cum
420 1956 559 1984 boccum
574 1952 729 1988 effetum,
749 1955 789 1984 ita
805 1954 849 1984 est
865 1955 1023 1989 multatus,
1044 1956 1178 1984 utvitam

220 1998 362 2028 amiserit.
385 1999 486 2037 ltaque
496 1995 617 2037 quando
627 1996 711 2025 illius
724 1995 824 2036 postea
835 1995 888 2027 sica
897 1997 959 2030 illa,
970 2006 1062 2037 quam
1073 1995 1088 2026 a
1102 1997 1180 2025 Cati-

223 2040 286 2070 lina
299 2048 459 2079 acceperat,
470 2038 647 2079 conquievit
660 2042 671 2067 ?
696 2039 768 2068 Haec
782 2040 925 2069 intentata
935 2040 1023 2069 nobis
1035 2037 1076 2070 est
1089 2048 1093 2066 :
1110 2039 1180 2067 huic

223 2092 280 2121 ego
290 2091 344 2112 vos
355 2081 448 2119 objici
456 2090 511 2121 pro
522 2090 572 2110 me
586 2090 650 2110 non
659 2080 726 2110 sum
735 2079 848 2120 passus:
871 2082 933 2111 haec
944 2080 1078 2111 insidiata
1087 2083 1180 2110 Pom-

223 2124 294 2164 pejo
305 2123 364 2153 est:
379 2128 392 2151 7
403 2124 466 2153 haec
475 2121 560 2153 istam
571 2123 711 2162 Appiam,
724 2132 963 2154 monumentum
975 2123 1019 2153 sui
1030 2124 1179 2155 nominis,

224 2176 298 2196 nece
317 2167 424 2205 Papirii
441 2166 622 2195 cruentavit:
645 2159 748 2198 3haec,
770 2166 833 2195 haec
853 2164 956 2196 eadem
976 2165 1068 2206 longo
1088 2167 1181 2194 intet-

223 2207 304 2239 vallo
315 2207 456 2237 conversa
474 2206 572 2236 rursus
583 2205 625 2236 est
638 2207 670 2236 in
682 2216 751 2238 me:
774 2217 870 2247 nuper
879 2207 1004 2248 quidem
1016 2227 1024 2241 ,
1045 2215 1078 2237 ut
1088 2206 1179 2239 scitis,

225 2259 277 2279 me
289 2249 324 2279 ad
334 2251 443 2289 regiam
455 2247 540 2287 paene
559 2247 702 2279 confecit.
725 2248 807 2289 Qid
818 2247 914 2279 simile
926 2249 1074 2281 Milonis?
1096 2249 1181 2288 cujus

225 2292 272 2322 vis
284 2296 388 2321 omnis
404 2291 466 2320 haec
477 2290 592 2329 semper
606 2289 681 2323 fuit,
704 2301 743 2320 ne
753 2293 783 2320 P.
796 2290 939 2324 Clodius,
959 2290 1031 2321 cum
1051 2292 1084 2320 in
1100 2290 1182 2329 judi·
1200 2291 1207 2304 ⁴

225 2335 310 2363 cium
331 2332 441 2361 detrahi
459 2341 522 2361 non
531 2330 643 2371 posset,
663 2332 695 2360 vi
708 2329 876 2371 oppressam
893 2333 1048 2362 civitatem
1058 2339 1182 2361 teneret.

225 2385 317 2415 quem
332 2371 529 2404 siinterficcre
547 2371 706 2406 voluisset,
729 2381 848 2413 quantae
865 2375 981 2413 quoties
1001 2371 1181 2404 occasiones,

224 2416 317 2457 ,quam
329 2417 471 2455 praeclarae
486 2414 629 2444 fuerunt?
652 2417 792 2445 Potuitne
804 2434 812 2447 ‚
826 2413 898 2444 cuin
907 2415 1036 2444 domum
1049 2434 1056 2447 ‚
1070 2423 1101 2443 ac
1111 2413 1182 2443 deos

227 2468 346 2499 penates
362 2458 428 2488 suos
440 2477 448 2491 ‚
469 2457 523 2486 illo
535 2466 725 2496 oppugnante
735 2476 744 2490 ,
761 2455 932 2487 defenderet
942 2456 1008 2494 jure
1023 2456 1052 2486 se
1062 2456 1183 2485 ulcisci?

227 2503 378 2541 potuitne,
393 2502 458 2530 cive
470 2501 598 2541 egregio,
613 2500 644 2528 &
655 2497 909 2532 virosortiffimo,
933 2500 963 2528 P.
975 2501 1077 2529 Sextio
1089 2517 1097 2532 ,
1118 2497 1182 2528 col-
1201 2511 1205 2531 i

1222 117 1773 167 Cicnnoims

1206 194 1208 216 ἰ
1224 191 1287 232 lega
1298 190 1368 224 suo,
1381 191 1557 221 vulnerato?
1578 194 1727 232 potuitne,
1741 196 1778 233 Q.
1790 191 1943 227 Fabricio,
1960 191 2028 224 viro
2047 193 2179 235 optimo,

1204 261 1206 275 :
1223 233 1297 264 cum
1314 232 1350 263 de
1367 231 1465 276 reditu
1490 242 1560 263 meo
1571 234 1669 276 legem
1680 235 1787 270 ferret,
1806 236 1912 276 pulso,
1932 236 2130 268 crudeliffima
2149 241 2183 270 in

1224 276 1293 306 foro
1302 273 1381 305 cazde
1390 273 1486 304 faeta?
1507 278 1645 314 potuitne
1656 295 1664 311 ,
1686 279 1719 307 L.
1733 280 1847 308 Caecilii
1857 297 1866 311 ,
1877 276 2027 317 justiffimi
2038 297 2046 313 ,
2060 278 2184 309 fortiffi-

1226 320 1329 358 mique
1339 318 1485 356 praetoris,
1496 325 1662 357 oppugnata
1672 318 1766 350 domo
1779 323 1789 349 ἓ
1811 322 1950 361 potuitne
1963 321 2018 350 illo
2029 321 2078 350 die
2090 340 2099 355 ‚
2110 332 2185 352 cum

1226 359 1270 390 est
1290 361 1345 389 lata
1361 359 1410 387 lex
1428 357 1464 388 de
1484 361 1556 387 me?
1577 358 1648 389 curn
1667 362 1759 391 totius
1777 364 1869 393 Italiae
1888 363 2070 396 concursus,
2089 372 2183 403 quem

1228 411 1294 431 mea
1310 400 1384 430 salus
1393 401 1569 433 concitarat,
1580 399 1650 431 faffi
1660 402 1740 432 illius
1748 404 1877 444 gloriam
1892 404 1989 434 libens
2005 404 2185 445 agnoviffit:

1229 453 1271 477 ut,
1289 444 1379 472 etiam
1391 440 1410 470 si
1422 442 1452 472 id
1464 442 1542 471 Milo
1552 440 1681 477 fecisset,
1695 445 1802 475 cuneta
1810 447 1914 476 civitas
1923 455 1988 476 eam
1999 447 2118 476 laudem
2130 456 2186 487 pro

1230 486 1278 515 sua
1294 483 1479 514 vindicaret?
1501 486 1616 524 9Atqui
1632 494 1692 515 erat
1716 486 1746 516 id
1767 487 1913 527 temporis
1931 487 2127 523 clarissimus,
2150 489 2184 520 &

1230 525 1410 557 foi-tissimus
1427 525 1552 559 consul,
1571 527 1718 557 inimicus
1729 529 1836 558 Clodio
1848 548 1856 561 ,
1876 531 1907 558 P.
1919 530 2085 563 Lentulus,
2105 532 2186 562 ultor

1231 569 1348 599 sceleris
1367 568 1451 597 illius
1464 587 1473 601 ,
1492 577 1696 608 propugnator
1715 570 1829 600 senatus
1841 589 1849 603 ‚
1870 570 2119 602 defensorvestrae
2131 583 2188 603 vo-

1231 611 1363 644 luntatis,
1373 619 1517 649 patronus
1527 610 1609 639 illius
1619 610 1733 650 publici
1742 612 1915 644 consensuS‚
1928 611 2078 642 restitutor
2087 614 2187 644 salutis

1231 663 1307 682 meae
1320 663 1324 681 :
1348 652 1460 691 septem
1473 660 1623 691 praetores,
1637 651 1708 681 ost-o
1719 654 1832 683 tribuni
1842 653 1950 693 plebis,
1962 654 2044 684 illius
2054 655 2188 686 adversa-

1230 697 1279 727 rii,
1291 693 1460 724 defensores
1472 696 1548 723 mei:
1572 696 1629 724 Cn.
1640 696 1803 734 Pompejus
1813 694 1934 729 aanor,
1956 695 1988 726 δε
1998 696 2061 726 dux
2070 700 2131 727 mei
2142 707 2189 728 re-

1232 737 1323 770 ditus,
1335 736 1417 765 illius
1428 734 1538 765 hostis:
1563 736 1650 776 cujus
1662 736 1838 767 sententiam
1851 737 1966 767 senatus
1984 740 2086 768 omnis
2098 739 2133 769 de
2143 739 2188 770 sa-

1232 778 1291 808 lute
1303 788 1370 807 mea
1379 775 1589 817 gravrffimam‚
1602 777 1634 807 &
1645 777 1859 809 ornatissimam
1870 779 1986 809 secutus
1996 779 2055 810 est:
2071 782 2122 821 qui
2131 791 2189 821 po-

1229 820 1338 860 pulum
1352 822 1446 850 Rom.
1465 820 1637 850 cohortatus
1654 819 1712 850 est:
1735 823 1787 862 qui
1800 841 1808 855 ‚
1826 820 1898 852 curn
1916 821 1952 851 de
1972 832 2022 851 me
2032 821 2185 854 decretum

1231 864 1338 901 Capua:
1351 860 1480 891 fecisset:
1504 862 1564 901 ipse
1579 861 1696 892 cunetae
1710 864 1801 893 Itali-a:
1811 864 1961 903 cupienti,
1974 864 2080 903 &ejus
2094 863 2187 896 fidem

1230 904 1406 943 imploranti
1416 903 1543 944 ‚signum
1555 903 1633 933 dedit
1642 924 1649 937 ‚
1662 913 1695 934 ut
1711 904 1746 934 ad
1761 915 1811 934 me
1824 904 2039 935 restituendum
2052 907 2186 937 Romam

1229 955 1451 975 concurrerent.
1475 946 1582 976 omnia
1600 955 1665 976 tum
1684 946 1814 988 denique
1833 949 1866 977 in
1877 947 1967 977 illum
1984 947 2053 978 odia
2070 950 2186 979 civium

1226 987 1368 1018 ardebant
1377 987 1524 1017 desiderio
1534 989 1605 1017 mei:
1614 998 1705 1029 quem
1717 991 1770 1029 qui
1781 999 1845 1019 turn
1859 987 2065 1024 interemisset,
2074 1000 2137 1020 non
2149 990 2186 1021 de

1230 1030 1409 1069 impunitate
1420 1030 1495 1068 ejus,
1506 1029 1555 1059 sed
1571 1029 1607 1059 de
1617 1031 1732 1071 premiis
1741 1033 1924 1071 cogitaretur.
1938 1034 2057 1062 Tamen
2068 1032 2096 1062 se
2107 1032 2188 1062 Milo

1229 1072 1382 1100 continuit
1393 1091 1402 1101 .
1419 1071 1452 1100 &
1469 1074 1499 1102 P.
1511 1071 1656 1101 Clodium
1673 1072 1708 1102 ad
1724 1073 1874 1111 judicium
1884 1073 1929 1103 bis
1940 1085 1951 1107 t
1969 1073 2005 1103 ad
2017 1074 2081 1103 vim
2094 1084 2187 1104 num-

1228 1121 1320 1152 quam
1339 1113 1467 1142 vocavit.
1504 1112 1586 1153 Qid
1601 1116 1612 1142 ?
1634 1115 1750 1153 privato
1761 1115 1880 1144 Milone
1893 1135 1900 1148 ‚
1921 1115 1955 1145 &
1973 1124 2024 1145 reo
2037 1115 2073 1145 ad
2087 1125 2188 1156 popu-

1229 1155 1295 1183 lum
1308 1173 1316 1187 ‚
1337 1154 1487 1183 accusante
1494 1157 1525 1184 P.
1541 1154 1649 1185 Clodio
1661 1175 1669 1188 ,
1681 1154 1795 1185 cumin
1805 1159 1859 1186 Cn.
1870 1157 2052 1196 Pompejum
2060 1167 2114 1196 pro
2123 1160 2187 1188 Mi-

1229 1196 1301 1225 lone
1312 1194 1465 1225 dicentem
1476 1196 1607 1235 impetus
1617 1194 1712 1226 fatssffls
1723 1196 1782 1227 est:
1798 1207 1863 1237 qua:
1874 1208 1939 1227 turn
1953 1207 2017 1227 non
2027 1197 2123 1228 modo
2133 1209 2188 1228 oc-

1227 1235 1317 1270 cafio,
1330 1236 1377 1266 sed
1390 1237 1483 1267 etiam
1492 1238 1576 1268 causa
1589 1237 1673 1267 illius
1683 1239 1876 1278 opprimendi
1885 1238 1967 1269 fuit?
1991 1241 2096 1280 Nuper
2112 1239 2186 1270 vero

1227 1278 1300 1310 cum
1319 1281 1363 1308 Μ.
1377 1281 1528 1309 Antonius
1541 1279 1691 1309 summam
1711 1281 1792 1319 spem
1811 1281 1911 1311 salutis
1933 1281 2021 1311 b'onis
2041 1282 2187 1312 omnibus

1228 1319 1386 1354 attulisset,
1408 1320 1671 1362 graviflimamque
1690 1321 1862 1353 adolescens
1881 1321 2087 1353 nobilissimus
2110 1326 2184 1364 reip.

1226 1372 1340 1403 partem
1357 1361 1520 1393 fortissime
1541 1361 1707 1403 suscepiss‘et
1718 1384 1727 1397 ,
1748 1374 1833 1406 atque
1844 1365 1928 1395 illam
1939 1365 2070 1396 belluam
2080 1365 2189 1405 judicii

1228 1406 1340 1447 laqueos
1357 1405 1581 1439 declinantem,
1597 1406 1662 1445 jam
1686 1408 1831 1437 irretitam
1852 1415 1966 1437 teneret
1984 1417 1990 1436 :
2018 1408 2071 1448 qui
2089 1408 2186 1441 locus,

1226 1447 1309 1488 quod
1320 1457 1440 1487 tempus
1454 1447 1528 1477 illud
1541 1468 1550 1481 ,
1570 1447 1614 1478 dii
1626 1450 1815 1479 immortales
1827 1469 1835 1482 ,
1847 1448 1925 1479 fuit?
1946 1448 2016 1479 curn
2030 1450 2120 1479 seille
2136 1449 2188 1480 fu-

1226 1492 1311 1531 giens
1321 1490 1354 1519 in
1365 1489 1507 1519 scalarum
1518 1490 1653 1520 tenebras
1664 1488 1831 1524 abdidisset,
1846 1500 1989 1532 magnum
2001 1491 2115 1521 Miloni
2125 1490 2187 1522 fuit

1227 1529 1376 1561 conficere
1401 1532 1485 1561 illam
1501 1530 1616 1572 pestem
1633 1533 1716 1569 nulla
1734 1533 1783 1563 sua
1800 1533 1914 1564 invidia
1926 1553 1934 1567 ‚
1959 1535 2087 1563 Antonii
2111 1532 2185 1563 verb

1228 1576 1363 1603 maxima
1375 1573 1488 1614 gloria?
1511 1574 1615 1612 Quid?
1636 1576 1772 1604 comitiis
1791 1576 1824 1604 in
1842 1584 1949 1615 campo
1961 1576 2080 1616 quoties
2096 1583 2185 1614 pote-

1223 1615 1284 1646 ·stas
1297 1615 1376 1646 suit?
1399 1617 1428 1634 ¹0
1437 1615 1509 1646 cum
1520 1615 1571 1645 ille
1585 1617 1616 1645 vi
1627 1618 1659 1645 in
1671 1616 1756 1656 saepta
1769 1614 1895 1646 irruisset
1904 1636 1913 1650 ,
1932 1617 2046 1657 gladios
2059 1616 2185 1647 distrin-

1223 1657 1338 1699 gendos
1349 1678 1357 1692 ,
1376 1657 1488 1698 lapides
1503 1657 1656 1697 jaciendos
1673 1655 1812 1692 curasset,
1835 1658 1945 1688 deinde
1962 1658 2080 1692 subito,
2097 1658 2184 1688 vultu

1228 1700 1356 1730 Milonis
1366 1702 1548 1740 perterritus,
1559 1699 1671 1739 fugeret
1680 1700 1715 1730 ad
1726 1700 1878 1734 Tiberim,
1889 1710 1954 1734 vos,
1966 1700 1998 1730 &
2009 1709 2117 1730 omnes
2126 1700 2184 1729 bo-

1225 1743 1258 1772 ni
1278 1741 1506 1776 votafaceretis‚
1525 1750 1558 1771 ut
1567 1742 1681 1771 Miloni
1692 1743 1735 1771 uti
1755 1743 1864 1772 virtute
1873 1740 2059 1772 sualiberet?
2080 1744 2182 1783 Qem
2203 1745 2250 1780 χᾶ

1226 1785 1317 1824 igitur
1325 1783 1645 1823 cumaemniumgraria
1654 1783 1754 1813 noluit
1767 1794 1772 1812 :
1788 1784 1866 1813 hune
1877 1784 1974 1813 voluit
1983 1793 2055 1813 curn
2064 1783 2185 1824 aliquo-

1224 1835 1292 1855 rum
1305 1826 1443 1866 querela?
1454 1835 1545 1866 quem
1553 1827 1631 1864 jure,
1641 1835 1734 1865 quem
1742 1825 1821 1860 loco,
1833 1835 1923 1866 quem
1934 1834 2080 1866 ternpore,
2091 1835 2185 1866 quem

1228 1867 1357 1907 impune
1368 1877 1432 1897 non
1443 1866 1485 1897 est
1499 1867 1598 1897 ausus:
1625 1868 1705 1897 hunc
1718 1869 1845 1905 injuria,
1862 1869 1970 1908 iniquo
1980 1868 2049 1897 loco
2059 1886 2069 1901 ,
2083 1868 2186 1898 alieno

1225 1919 1373 1950 ternpore,
1383 1909 1517 1949 periculo
1525 1910 1630 1949 capitis
1643 1929 1652 1944 ,
1665 1919 1728 1939 non
1739 1909 1888 1940 dubitavit
1897 1909 2051 1939 occidere?
2063 1909 2188 1949 praeser-

1224 1954 1281 1982 tim
1291 1972 1300 1985 ‚
1313 1951 1428 1991 judices
1438 1972 1446 1985 ‚
1466 1950 1537 1984 cum
1550 1953 1676 1982 honoris
1685 1950 2027 1992 ampliss'irnicontentio
2037 1971 2046 1985 ‚
2068 1951 2101 1981 δε
2117 1950 2184 1981 dies

1221 1992 1566 2024 comitiorum-subesset
1581 2005 1586 2023 :
1618 2003 1679 2035 quo
1696 1994 1820 2035 quidem
1840 2003 1975 2034 tempore
1992 1992 2065 2032 (scio
2083 1994 2180 2027 enim,

1223 2037 1314 2077 quam
1325 2036 1428 2065 timida
1432 2036 1473 2077 fit
1482 2035 1614 2070 ambitio,
1626 2045 1804 2078 quantaque,
1818 2036 1850 2066 ὃς
1860 2046 1950 2077 quam
1962 2035 2088 2066 sollicita
2097 2036 2184 2075 cupi-

1225 2080 1299 2108 ditas
1316 2079 1501 2119 consulatus)
1522 2089 1627 2109 omnia
1644 2088 1709 2108 non
1727 2076 1822 2109 modo
1839 2098 1847 2111 ,
1865 2088 1931 2119 quae
1939 2077 2114 2118 reprehendi
2131 2086 2184 2118 pa-

1224 2121 1297 2154 lam,
1309 2120 1358 2151 sed
1367 2121 1457 2150 etiam
1467 2131 1532 2162 quae
1543 2120 1666 2151 obscure
1675 2123 1798 2162 cogitari
1808 2119 1939 2160 poffunt,
1957 2122 2118 2150 timemus:
2130 2128 2183 2148 ru-

1226 2172 1344 2192 morem
1355 2182 1363 2196 ,
1384 2162 1517 2194 fabulam
1544 2162 1647 2193 fi&am
1664 2183 1672 2196 ‚
1700 2163 1804 2193 falsam
1823 2162 2075 2202 perhorrescimus
2095 2172 2101 2190 z
2132 2169 2184 2190 ora

1226 2214 1382 2237 omnium,
1393 2213 1480 2246 atque
1490 2206 1598 2235 oculos
1608 2207 1771 2235 intuemur.
1794 2205 1873 2234 nihil
1882 2205 1966 2234 enim
1977 2203 2019 2233 est
2031 2211 2091 2232 tam
2101 2202 2184 2232 mol-

1223 2247 1328 2281 le‚tam
1340 2255 1489 2280 tenerum,
1499 2256 1560 2276 tam
1571 2255 1620 2277 aut
1629 2245 1742 2286 fragile,
1755 2255 1805 2277 aut
1818 2244 2059 2285 flexibile‚qu?im
2070 2244 2184 2274 volun-

1226 2298 1267 2319 tas
1278 2298 1344 2330 erga
1354 2298 1421 2322 nos⁹
1434 2289 1591 2329 sensusque
1607 2289 1724 2318 civium
1736 2298 1742 2317 :
1752 2289 1803 2328 qui
1814 2296 1880 2316 non
1890 2285 1985 2316 modo
1996 2285 2183 2325 improbitati

1224 2328 1388 2360 irascuntur
1398 2330 1631 2359 candidatorum
1643 2349 1651 2363 ,
1669 2329 1717 2359 scd
1731 2338 1822 2359 etiam
1834 2331 1858 2347 ¹¹
1874 2329 1906 2358 in
1916 2327 1995 2358 rees‘ce
2013 2327 2098 2358 faffls
2109 2328 2184 2367 saepe

1224 2370 1393 2401 fastidiunt.
1417 2373 1507 2400 Hunc
1516 2371 1599 2400 diem
1617 2373 1708 2412 igitur
1719 2372 1817 2410 campi
1838 2370 1982 2410 speratum
1991 2390 2003 2403 .,
2021 2377 2116 2411 atque}
2130 2379 2185 2399 ex-

1228 2421 1364 2452 optatum
1376 2410 1427 2442 sibi
1437 2422 1611 2452 proponens
1620 2413 1710 2446 Milo,
1722 2421 1853 2442 cruentis
1870 2412 2009 2441 manibus
2019 2411 2112 2442 scelus
2122 2431 2130 2445 ‚
2150 2411 2184 2441 &

1227 2454 1343 2484 facinus
1354 2458 1382 2474 ¹2
1393 2464 1451 2494 prae
1462 2455 1490 2484 se
1500 2453 1597 2484 ferens
1610 2475 1618 2488 ‚
1631 2455 1664 2485 ὃς
1674 2453 1834 2487 confitens,
1846 2453 1881 2484 ad
1892 2454 1943 2483 illa
1951 2452 2071 2495 augusta
2080 2462 2186 2483 centu-

1226 2497 1338 2527 riarum
1348 2497 1478 2537 auspicia
1488 2497 1646 2529 veniebat?
1666 2497 1757 2537 quam
1772 2497 1829 2527 hoc
1838 2505 1904 2526 non
1913 2495 2056 2526 credibile
2065 2498 2098 2525 in
2108 2496 2187 2525 hoc?

2096 2546 2188 2578 quam

272 2603 280 2618 1
291 2613 295 2618 .
316 2598 384 2619 Mttu
392 2596 487 2626 proponi
500 2611 506 2623 ‚
526 2592 714 2625 &stillatamforc
723 2592 841 2617 videbatis
856 2611 863 2623 ,
881 2593 981 2626 mfitſjbt
990 2592 1010 2616 ἐς
1019 2591 1120 2623 Confid,
1139 2591 1190 2621 &aa
1211 2610 1213 2614 ,

231 2637 271 2654 cun
281 2630 406 2662 rringtrin]
432 2628 547 2655 Exbibui
558 2628 702 2653 lefitionem
715 2627 769 2653 insl'
785 2627 927 2659 libroruin,
940 2634 1096 2662 tantumque
1107 2627 1192 2652 inter-

229 2664 303 2700 posui
316 2665 438 2692 mundato
448 2662 914 2696 Giilieliii'ii‚&.11;imilludfizlinam
925 2663 1020 2689 eratin
1030 2664 1053 2688 U
1063 2662 1191 2694 verdensig.
1210 2673 1213 2699 5

224 2699 317 2735 'licque
337 2700 478 2736 legendnm
499 2699 588 2726 suadet
607 2699 715 2735 sequens
737 2701 803 2733 consti
810 2703 896 2733 ingere.
925 2699 1040 2734 Vulgata
1059 2698 1172 2726 habebat
1183 2719 1191 2731 ,
1210 2712 1212 2719 v

231 2743 292 2761 mcii:
299 2740 393 2770 proponi
406 2739 501 2770 solitam
511 2738 562 2769 effi,
574 2737 624 2767 &a
636 2738 785 2770 constingerc.

268 2782 285 2797 2
293 2793 298 2797 .
318 2776 350 2798 At
359 2777 454 2805 xon‚¹P.
465 2774 540 2798 Clodio
551 2779 631 2797 rumore
644 2791 651 2804 ‚
663 2773 811 2806 usitatisjam
821 2773 891 2797 rebus
899 2772 1031 2797 enitendum
1043 2791 1051 2803 ,
1061 2772 1130 2806 ὠωε]
1152 2772 1195 2798 Sic

236 2807 346 2834 Erfurd.
366 2810 428 2835 &U
437 2808 657 2844 verd.exltatque
669 2807 735 2834 illud
755 2808 887 2833 enitendum
898 2827 905 2839 ‚
926 2808 1005 2834 etiam
1025 2808 1051 2834 iii
1064 2807 1132 2834 Pall.
1152 2817 1194 2834 re-

232 2852 307 2880 ceptu
318 2844 396 2870 lectio
408 2845 519 2871 habt-ba:
528 2851 614 2870 niormo
628 2864 636 2876 ,
647 2845 710 2870 iterii
722 2845 879 2869 obnitendum.
899 2844 967 2870 male
989 2844 1119 2879 pervertit
1138 2844 1195 2869 heic

230 2879 386 2906 sententiani
400 2881 554 2907 Lambinus.
574 2890 622 2907 nec
631 2880 694 2916 quid
705 2880 819 2916 prose-cit
830 2879 965 2906 ViEtorius
977 2880 1023 2906 lib.
1037 2889 1100 2906 xxx.
1114 2889 1136 2907 c.
1152 2880 1193 2907 18.

270 2925 283 2952 3
292 2937 297 2942 .
319 2920 373 2942 fiiis
383 2919 443 2941 ultor
453 2918 569 2949 iyiffiirisrfl
591 2917 632 2942 Sic
642 2926 732 2942 ornnes
747 2916 953 2949 l';ill.1ionfcclt‚
969 2923 997 2942 ut
1010 2915 1103 2951 vulgo.

269 2959 297 2985 4.
318 2955 349 2977 Et
359 2956 383 2978 in
394 2954 480 2979 limine
497 2955 578 2986 injusto
588 2953 659 2986 quiim
677 2956 747 2978 etiam
760 2953 850 2984 justum
861 2953 894 2985 ἓ]
916 2953 1024 2978 Securaus
1037 2950 1091 2978 suin
1105 2953 1133 2977 Ρ.
1145 2953 1192 2978 Vi-

232 2986 349 3014 &orium
362 2988 474 3014 libenter
485 2988 626 3014 admodum
640 3008 647 3019 ‚
667 2990 728 3015 cirin
742 2987 894 3015 vidi'ss'eiiiei
905 2987 993 3014 fuvere
1004 2988 1088 3014 Pal-it.
1100 2988 1192 3014 secun-

231 3023 309 3056 dum,
321 3032 456 3060 quartum,
467 3024 593 3059 aliosque.
614 3034 673 3051 nain
684 3025 742 3051 alia:
753 3023 814 3050 edd.
828 3024 917 3060 inepti:
928 3024 1079 3058 adjecerant
1091 3026 1193 3058 ‚justum

230 3061 292 3094 eſj'u?
314 3060 353 3086 vel
367 3079 374 3092 ‚
386 3062 474 3094 justum
487 3061 567 3092 filiifl-

268 3105 293 3129 5.
312 3097 465 3130 Judicmmm·
474 3099 553 3128 timul,
563 3095 629 3128 dyc]
641 3096 728 3122 Locus
740 3095 873 3132 suppletus
885 3096 920 3123 est
931 3106 965 3123 ex
977 3097 1092 3133 Turi-ng.
1102 3096 1194 3122 Uver-
1209 3110 1211 3124 a

225 3131 300 3160 dens.
311 3133 338 3158 &
351 3132 429 3158 Fabr.
440 3131 554 3167 indeque
565 3131 656 3158 habuit
669 3131 824 3163 Lambinus,
836 3133 899 3160 licet
910 3140 1004 3159 taceat.

1233 2590 1300 2616 initis
1313 2599 1322 2620 ;
1342 2594 1367 2616 in
1375 2591 1449 2624 causa
1457 2598 1502 2616 aut
1512 2591 1592 2622 inula,
1606 2598 1652 2617 aut
1663 2600 1722 2618 mea
1733 2609 1741 2622 ,
1753 2599 1804 2616 non
1816 2590 1842 2614 S<
1854 2589 2056 2626 praeclarislinia,
2065 2589 2092 2614 ὅτ
2105 2589 2189 2616 vestra

1234 2626 1361 2659 judicium
1377 2626 1525 2653 timendum
1537 2626 1600 2653 fuit.

1269 2671 1284 2697 7
1291 2682 1296 2689 .
1316 2667 1367 2688 ΗΜ
1375 2665 1443 2695 Istam
1451 2666 1566 2696 Appiam,
1576 2669 1758 2694 monumentum,
1768 2662 1835 2695 (IJ-c.]
1858 2660 1951 2692 Abieei
1961 2664 2040 2692 vlam,
2053 2659 2124 2697 quod
2134 2669 2187 2687 non

1233 2700 1349 2726 exstaret
1359 2700 1385 2725 in
1397 2699 1465 2725 Pali.
1474 2699 1501 2726 in
1513 2701 1594 2725 cii-ut.
1606 2700 1661 2726 imi)
1674 2708 1706 2726 ne
1717 2698 1824 2734 quidem
1835 2698 1861 2724 iii
1873 2697 1938 2724 olim
1948 2696 2089 2733 impr-essis.
2108 2696 2188 2723 nimis

1210 2728 1213 2764 l,
1233 2745 1312 2772 quani
1323 2735 1486 2771 exprimitur
1495 2744 1540 2771 per
1550 2737 1628 2768 istam.

1270 2772 1297 2797 8.
1317 2774 1426 2803 Haecdmc
1434 2772 1512 2797 eadem
1521 2773 1581 2804 longo
1589 2774 1724 2803 irttemallo,
1735 2770 1803 2804 fisa]
1825 2770 1866 2796 Sic
1876 2768 1987 2796 Erfurd.
1999 2767 2091 2795 vocula
2099 2767 2189 2804 getni-

1212 2834 1213 2837 ,
1231 2815 1304 2839 nata,
1316 2807 1392 2834 valde
1402 2808 1549 2842 eleganter.

1268 2852 1285 2879 9
1293 2864 1298 2869 .
1318 2847 1410 2879 §Atqui
1417 2850 1469 2869 erat
1477 2845 1504 2870 id
1515 2844 1619 2876 temporis
1629 2845 1766 2877 clarifflmus
1777 2862 1785 2874 ‚
1795 2842 1862 2875 ὡς]
1884 2840 1986 2867 Bafilic.
1997 2841 2024 2866 8<
2034 2839 2188 2866 Uverdieu-

1211 2882 1214 2895 ¹
1235 2881 1265 2906 fis
1277 2890 1284 2910 3
1306 2884 1354 2908 <At
1371 2880 1433 2915 quod
1446 2887 1500 2906 erat
1517 2887 1607 2913 tempus
1618 2884 1627 2905 ἒ
1645 2881 1794 2912 clariffimm.
1811 2878 1853 2903 cui
1863 2876 1988 2904 alludunt
2006 2877 2086 2903 etiam
2105 2875 2188 2912 aliqui

1211 2917 1212 2922 ¹
1235 2916 1303 2942 Pall.
1314 2917 1339 2942 in
1352 2916 1459 2952 qulbus,
1469 2920 1517 2943 <At
1526 2918 1566 2949 qui
1574 2922 1626 2940 cra!
1637 2923 1735 2948 tempus.

1210 2937 1212 2974 l
1272 2955 1375 2979 10.Cum
1385 2954 1420 2977 ille
1429 2955 1458 2978 vi
1466 2952 1569 2985 insaepta
1579 2951 1708 2985 irruiffltsj
1723 2950 1800 2976 Abest
1811 2951 1825 2975 :i
1838 2948 1894 2974 mss'.
1905 2951 1945 2980 vi,
1955 2950 1983 2974 St
1995 2948 2096 2975 vai-iant
2106 2947 2187 2974 iidem

1210 2977 1212 2991 1
1232 2987 1259 3014 in
1273 2988 1352 3014 verbo
1362 2988 1476 3022 irruistis.
1487 2996 1568 3024 quare
1578 2986 1740 3013 Gulielmius
1752 2986 1817 3022 legit
1826 2995 1886 3012 cuin
1896 2985 1974 3011 basil.
1985 2985 2034 3010 ci‘am
2043 2987 2079 3010 ille
2087 2985 2190 3018 insaepta

1230 3026 1363 3058 irrupiffin.

1209 3061 1211 3084 ἰ
1273 3070 1281 3086 i
1291 3063 1343 3087 1.In
1354 3061 1413 3085 rem
1420 3058 1713 3093 faffissaepefafi'idinnt]
1727 3059 1767 3084 lta
1778 3067 1831 3084 uno
1841 3066 1886 3084 ore
1898 3056 1965 3083 Pali.
1975 3057 2003 3083 ἃ
2016 3057 2031 3083 ξι
2042 3054 2190 3083 Gulielniio

1209 3085 1211 3104 Ι
1233 3096 1332 3122 excuss.
1345 3106 1395 3123 non
1413 3105 1442 3122 ut
1453 3097 1547 3130 vulgo,
1560 3096 1819 3127 rec‘Yt‘thasaepeftrst.

1208 3128 1211 3174 Ι
1272 3133 1484 3165 12.Praefiferens
1494 3132 1523 3162 (17-
1532 3131 1666 3166 confitens]
1680 3127 1974 3166 Colori.confi1.¹cns:qiiotl
1987 3127 2119 3155 :irridebat
2130 3127 2189 3153 Gu-

263 3169 292 3196 6.
310 3171 340 3195 ln
349 3169 420 3203 taust:
429 3170 510 3202 vestra
521 3188 530 3202 ‚
548 3167 615 3202 Cra]
644 3168 741 3195 Melius
762 3168 834 3196 foi-te
853 3168 957 3197 Urerd.
977 3168 1067 3206 inquit
1086 3167 1210 3204 Culter-3
1232 3167 1465 3204 lielmtonfidebant
1476 3168 1547 3196 cuim
1556 3165 1691 3196 candidati
1701 3166 1764 3193 dum
1777 3162 2183 3203 auspiciuiii-peiugeretnugur.'

2093 3209 2116 3227 ι,
2127 3200 2189 3233 Qin

2329 2480 2337 2714 ᾗ

2323 3232 2337 3400 m——x-„t
2332 3199 2333 3202 „
