2337 3400
177 124 272 186 566
563 117 1066 169 M.Tut.L11

174 213 232 235 tarn
245 203 391 234 demens?
415 201 450 231 dc
464 200 580 230 tuisne?
602 197 714 230 tametfi
725 201 776 239 qui
792 201 885 238 magis
898 199 1027 230 summi,
1042 200 1131 239 quam

171 246 281 287 quibus
301 255 332 274 tu
344 244 465 273 [ilutein
488 242 704 280 insperantibus
719 238 894 270 reddidisti?
916 251 953 270 an
971 250 1010 270 ex
1020 250 1056 270 eo
1075 250 1132 270 nu-

176 296 261 317 mero
274 306 281 319 ‚
293 287 345 326 qui
357 294 412 314 uns
423 293 521 313 tecum
532 283 676 312 ruerunt?
699 292 763 312 non
777 281 819 312 est
828 282 980 312 credibilis
989 291 1088 312 tantus
1099 283 1132 312 in

172 328 238 358 ullo
249 326 331 356 furor
343 346 351 359 ‚
371 335 422 358 ut,
440 334 499 365 quo
510 324 584 354 duce
595 327 698 354 omnia
710 325 827 354 summa
837 323 869 354 sit
881 323 1002 364 adeptus
1014 344 1022 358 ,
1044 324 1134 363 liujus

173 372 266 398 vitam
278 377 340 397 non
351 375 510 406 anteponat
522 366 588 396 suae.
601 370 609 385 ¹
624 370 672 396 An
685 365 703 394 si
716 369 760 395 tui
771 366 850 395 nihil
862 368 994 406 cogitant
1005 365 1131 398 sceleris2

174 409 343 440 cavendum
355 408 397 439 est
408 429 415 440 ,
438 419 475 438 ne
492 408 565 448 quid
588 409 718 438 inimici.
742 410 827 447 Q?
849 417 957 437 omues
978 417 1061 437 enim
1079 409 1131 448 qui

175 451 306 484 fuerunt,
317 460 365 480 au:
376 450 423 480 sua
433 451 593 490 pertinacia
603 452 696 479 vitam
708 450 871 479 amiserunt
881 469 888 482 ,
900 458 949 479 aut
960 458 1007 479 tua
1018 449 1134 479 miseri-

175 492 277 522 cordia
289 495 489 522 retinuerunt:
514 500 546 520 ut
559 500 607 521 aut
619 492 695 521 nulli
706 489 846 530 supersint
856 491 891 521 de
903 492 1038 521 inimicis
1050 511 1058 524 ,
1070 500 1129 524 aut,

177 535 228 575 qui
241 532 458 574 superfuerunt,
471 531 641 563 amicissimi
652 532 719 563 sint.
741 532 797 562 Sed
810 543 909 563 tamen
920 553 927 566 ,
943 532 1014 562 cum
1027 535 1057 562 in
1070 535 1134 562 ani-

178 577 237 605 mis
253 577 417 605 hominum
430 584 516 605 tant-at
527 573 634 603 larebrae
646 573 719 608 sint,
742 574 774 604 δε
785 576 859 605 tanti
870 572 993 604 recessus
1004 595 1011 608 ‚
1034 584 1136 615 augea-

179 627 250 646 mus
267 617 334 647 sane
354 618 554 657 suspicionem
573 625 655 646 tuam
668 636 675 649 ‚
701 614 788 645 simul
810 618 893 646 enim
910 616 1086 657 augebimus
1104 616 1136 645 δε

177 659 378 699 diligentiam.
407 669 478 688 nam
497 660 564 698 quis
584 657 626 688 est
647 660 790 688 omnium
808 667 868 688 tam
889 660 1006 698 ignarus
1023 668 1136 691 rerum,

177 710 238 730 tam
251 700 332 730 rudis
343 702 373 730 in
387 700 546 740 republica,
562 709 622 730 tam
635 700 711 729 nihil
724 709 867 740 umquam
881 710 935 730 nec
945 700 980 730 de
994 700 1061 733 sua,
1084 710 1138 730 nec

180 742 218 772 de
228 744 387 771 communi
409 743 498 772 salute
509 743 652 783 cogimm,
665 744 715 781 qui
727 751 791 771 non
804 742 960 782 intelligat,
981 749 1033 770 tua
1046 741 1140 781 flaute

178 785 328 813 contineri
341 783 445 814 suam?
465 784 546 813 &ex
568 784 657 813 unius
677 792 726 812 tua
744 785 803 812 vita
822 784 951 823 pendere
969 786 1112 813 omnium
1130 786 1139 812 ?

178 825 330 865 Equidem
341 825 378 855 de
389 834 415 855 te
428 825 506 858 dies,
520 824 693 865 moestisque
704 844 712 856 ,
730 833 763 854 ut
773 824 868 854 debeo
878 845 886 858 ‚
898 826 1030 865 cogitans
1040 845 1047 858 ,
1059 825 1141 854 casus

180 867 324 897 duntaxat
334 868 485 897 humanos
498 887 506 900 ‚
520 867 692 896 &incertos
704 875 830 896 eventus
840 867 1014 896 valitudinis
1026 886 1034 899 ,
1047 866 1079 895 δε
1089 876 1141 896 na-

178 917 250 939 turae
267 911 442 939 communis
457 908 645 950 fragilitatem
664 908 828 937 extimesco
844 918 849 936 z
873 908 1023 948 doleoque
1037 928 1044 940 ,
1066 907 1139 937 cum

178 950 344 990 respublica
356 952 536 980 immortalis
555 948 611 979 ell‘e
623 949 744 982 debeat,
771 959 837 978 eam
851 951 883 979 in
902 951 992 979 unius
1006 950 1141 979 mortalis

180 995 282 1022 anima
293 990 460 1023 consistere.
486 990 506 1020 si
516 989 586 1020 verb
599 991 632 1020 ad
644 991 794 1020 humanos
810 991 891 1021 casus
903 1011 911 1023 ‚
931 994 944 1009 ⁷·
956 992 1141 1031 incertosque

182 1043 308 1064 eventus
318 1034 504 1064 valitudinis,
524 1032 640 1063 sceleris
654 1034 743 1062 etiam
759 1033 892 1066 accedat,
910 1031 1141 1073 insidiarumque

182 1074 356 1109 consensio,
383 1078 494 1115 ³quem
507 1074 596 1104 deum
612 1076 721 1106 ‚etiam
734 1072 753 1102 fi
766 1076 864 1113 cupiat
874 1094 882 1108 ‚
903 1076 1043 1114 opitulari
1061 1073 1141 1114 poss‘e

143 1121 161 1154 g
182 1117 355 1156 reipublicae
364 1117 539 1146 credamus?
562 1116 673 1145 Omnia
683 1116 751 1146 sunt
762 1116 919 1146 excitanda
938 1116 1011 1150 tibi,
1032 1119 1065 1146 C.
1080 1118 1142 1145 Ca:-

181 1160 225 1190 sai·
236 1179 243 1190 ,
256 1161 308 1187 uni
321 1178 328 1191 ‚
341 1168 404 1198 quae
415 1160 506 1195 jacere
518 1157 608 1187 sentis
622 1177 631 1190 ‚
653 1157 725 1187 belli
736 1156 823 1197 ipsius
835 1160 970 1197 impetu,
992 1157 1072 1198 quod
1087 1167 1141 1186 ne-

180 1198 256 1230 cesse
268 1199 324 1229 fuit
335 1219 343 1233 ‚
357 1199 504 1239 perculsa,
519 1208 606 1239 atque
616 1198 755 1238 prostrata
769 1210 773 1227 :
797 1198 1003 1229 constituenda
1017 1198 1140 1239 judicia,

180 1241 346 1272 revocanda
363 1240 435 1271 fides
447 1261 455 1273 ‚
475 1240 713 1280 comprimenda:
725 1240 867 1270 libidines
880 1261 887 1273 ,
900 1240 1086 1282 propaganda
1095 1239 1142 1269 so·

183 1283 269 1313 hules
284 1293 288 1311 :
313 1284 434 1316 omnia,
446 1292 512 1323 quae
521 1282 630 1321 dilapsa
641 1282 702 1322 jam
714 1280 889 1315 fluxerunt,
910 1282 1018 1312 severis
1027 1281 1143 1322 legibus

181 1325 346 1354 vincienda
356 1325 424 1355 sunt
459 1327 533 1354 Non
545 1323 603 1353 fuit
616 1323 813 1353 recusandum
831 1325 863 1353 in
884 1332 966 1354 tanto
979 1325 1063 1353 civili
1079 1324 1141 1353 bel—

179 1368 212 1396 lo
224 1386 231 1399 ‚
244 1375 386 1408 tantoque
396 1368 571 1396 animorum
584 1365 699 1398 ardore,
712 1365 744 1394 &
754 1375 919 1398 armorum,
932 1367 1006 1405 quin
1016 1363 1143 1406 quass'ata

180 1407 363 1448 respublica,
382 1410 566 1448 quicumque
576 1407 648 1437 belli
658 1415 782 1437 eventus
797 1404 897 1436 fuiffet
907 1426 915 1440 ,
935 1408 1029 1437 multa
1038 1407 1141 1447 perde-

180 1459 227 1480 ret
237 1469 244 1482 ‚
266 1449 299 1479 ὃς
310 1457 485 1480 ornamenta
504 1450 657 1490 dignitatis
668 1468 676 1481 ,
697 1447 868 1488 &praesidia
878 1448 1043 1479 stabilitatis
1065 1449 1122 1479 suae
1136 1459 1141 1478 :

182 1490 339 1532 multaque
352 1500 474 1532 uterque
485 1490 548 1520 dux
567 1489 674 1521 faceret
683 1499 811 1520 armatus
822 1509 831 1523 ,
849 1500 914 1530 quae
935 1490 1016 1520 idem
1027 1499 1143 1532 togatus

177 1533 246 1573 peri
260 1531 448 1574 prohibusffit.
470 1542 535 1573 quae
549 1532 672 1571 quidem
693 1541 775 1562 nunc
794 1531 849 1562 tibi
868 1534 972 1562 omnia
983 1532 1055 1562 belli
1076 1532 1143 1562 vul-

184 1583 256 1604 nera
264 1574 392 1605 curanda
400 1574 481 1604 sunt:
507 1575 616 1614 quibus
628 1593 636 1607 ‚
648 1581 754 1612 praeter
763 1582 790 1603 te
802 1573 915 1603 mederi
926 1584 1020 1603 nemo
1033 1573 1141 1614 potest.

183 1620 202 1644 4
212 1618 314 1658 Itaque
323 1616 407 1646 illam
418 1623 501 1645 tuam
520 1613 769 1655 praeclariss'imam
782 1614 814 1644 &
833 1614 1078 1655 sapientissimam
1087 1625 1142 1645 vo-

182 1665 252 1688 cem
263 1658 378 1688 invitus
387 1656 491 1687 audivi
505 1667 511 1685 ;
530 1657 600 1696 sam
615 1664 640 1685 te
649 1656 700 1684 diu
709 1657 755 1685 vel
770 1663 874 1685 natura
883 1656 985 1694 vixisse
996 1677 1004 1690 ,
1025 1656 1142 1697 velglo-

181 1701 239 1730 riae.
265 1701 349 1731 Satis,
362 1697 381 1728 si
390 1701 429 1728 ita
441 1701 487 1728 vis
497 1717 505 1732 ‚
517 1707 625 1728 naturae
636 1696 754 1728 foi-tasse
765 1717 772 1731 ‚
785 1698 862 1728 addo
872 1701 962 1728 etiam
973 1719 981 1732 ,
998 1697 1019 1728 si
1035 1699 1140 1739 placet,

183 1742 304 1783 glorIae'.
321 1750 358 1774 at,
369 1739 450 1781 quod
462 1743 632 1769 maximum
645 1738 696 1772 est,
706 1741 808 1781 patria
824 1740 894 1769 certe
909 1749 1021 1781 parum.
1045 1743 1143 1780 Qiare

184 1785 295 1813 omitte
303 1802 311 1816 ‚
325 1782 425 1822 quaeso
435 1800 444 1814 ,
457 1781 543 1811 istam
553 1780 713 1810 ἀοᾶὶοῑυπ]
725 1782 889 1811 hominurn
900 1792 932 1811 in
943 1792 1142 1812 contemnen-

184 1825 222 1855 da
237 1833 332 1855 morte
349 1823 539 1864 prudentiam
554 1832 559 1851 :
582 1823 647 1853 noli
666 1821 767 1853 nostro
787 1824 921 1863 periculo
940 1824 1052 1863 sapiens
1070 1822 1139 1853 ess'e.

183 1870 269 1906 Saepc
279 1867 362 1895 enim
373 1866 458 1894 venit
467 1864 504 1894 ad
515 1865 610 1894 aureis
628 1874 707 1894 meas
718 1884 727 1898 ,
751 1873 778 1894 te
789 1864 869 1894 idem
881 1864 958 1894 istud
977 1868 1071 1895 nimis
1081 1875 1143 1894 cre-

144 1906 150 1909 ’
183 1908 242 1939 bro
252 1907 368 1940 dicere,
389 1906 454 1936 satis
465 1915 492 1936 te
509 1906 565 1936 tibi
580 1904 695 1935 vixiss'e.
719 1906 836 1936 Credo:
860 1906 907 1936 sed
927 1915 991 1936 tum
1013 1908 1044 1936 id
1058 1906 1143 1936 audi-

183 1959 249 1980 rem
261 1969 270 1983 ,
290 1947 310 1978 si
324 1948 379 1978 tibi
391 1948 570 1978 soliviveres
582 1968 591 1980 ‚
610 1956 659 1977 aut
677 1945 763 1977 sitibi
780 1950 869 1978 etiam
887 1948 941 1987 fiali
958 1955 1041 1977 natus
1057 1946 1140 1978 effes.

184 2001 280 2025 nunc,
292 1990 363 2021 cum
374 1992 516 2020 omnium
530 1989 653 2020 salutem
664 1991 792 2023 civium,
804 1989 1004 2030 cun6tainque
1021 1999 1143 2030 rempu—

182 2034 294 2064 blicam
305 2042 348 2062 res
359 2041 415 2062 tuae
425 2031 510 2072 gestae
522 2031 691 2071 complexa:
710 2029 782 2061 suit:
806 2040 922 2062 tantum
932 2032 999 2061 abes
1018 2031 1141 2071 apeife-

185 2074 288 2105 &ione
299 2075 506 2104 maximorum
515 2083 640 2113 operum
654 2093 662 2106 ,
675 2081 707 2102 ut
717 2072 910 2103 fundamenta
923 2094 931 2107 ‚
946 2083 1013 2114 quae
1023 2076 1143 2115 cogitas,

185 2116 449 2155 nondumjeccris.
476 2113 576 2145 Hictu
590 2115 720 2145 modurn
734 2124 789 2145 tuae
798 2117 867 2145 vitae
879 2135 888 2148 ‚
909 2125 974 2145 non
987 2116 1077 2146 salute
1088 2117 1144 2145 rei-

185 2157 325 2199 publicae,
337 2157 384 2187 sed
399 2158 535 2197 :equitate
546 2158 641 2186 animi
650 2155 796 2186 definies?
815 2156 899 2197 quid,
911 2156 930 2186 fi
941 2156 1019 2187 istud
1030 2167 1067 2187 ne
1078 2157 1144 2198 glo-

183 2202 237 2230 xiae
248 2199 371 2240 quidem
383 2208 439 2228 tua:
450 2199 515 2228 satis
525 2198 589 2229 est?
606 2199 690 2237 cujus
700 2207 727 2227 te
738 2197 795 2228 ess‘e
805 2198 1000 2238 avidtffimum
1010 2219 1018 2233 ‚
1038 2209 1146 2239 quam-

186 2242 236 2271 vis
257 2239 291 2270 sis
304 2241 417 2279 sapiens
430 2260 438 2272 ,
461 2250 524 2270 non
546 2240 677 2282 negabis.
701 2242 870 2270 5Parumne
888 2243 996 2279 igitur,
1014 2243 1142 2281 inquies,

189 2283 317 2324 gloriam
329 2291 466 2322 magnam
479 2282 704 2322 relinquemus?
727 2282 826 2310 immo
837 2281 908 2311 vero
919 2282 997 2315 aliis,
1007 2284 1147 2322 quamvis

188 2324 296 2354 multis
306 2344 314 2356 ,
328 2324 393 2353 satis
407 2334 412 2351 z
424 2323 477 2352 tibi
490 2325 542 2352 uni
553 2332 667 2362 parum.
687 2325 867 2362 QinQrin
881 2332 964 2357 enim
977 2323 1029 2357 est,
1040 2332 1145 2363 quam-

182 2368 232 2397 vis
243 2367 378 2406 amplum
389 2363 441 2399 sit,
462 2364 494 2394 id
504 2364 582 2394 certe
601 2373 706 2404 parum
725 2362 767 2393 est
779 2373 862 2397 tum,
883 2362 954 2393 cum
973 2364 1015 2394 est
1034 2364 1146 2404 aliquid

187 2450 952 2460 Ἢ

226 2475 249 2492 x.
268 2471 322 2494 adn
334 2468 470 2501 fituinihil
478 2470 596 2500 cogitant,
614 2467 682 2502 &c.]
704 2468 745 2493 Sic
755 2467 853 2494 Colou.
865 2475 1012 2494 mutatioue
1031 2468 1048 2494 si
1062 2468 1139 2495 verba

186 2500 286 2536 speEtes
306 2512 400 2538 parva:
429 2502 464 2529 fin
483 2502 642 2537 elegantiam
655 2522 663 2535 ,
682 2504 808 2530 maxima.
827 2513 912 2540 neque
931 2503 1009 2530 aliter
1027 2511 1139 2540 uterquc

189 2538 377 2564 Mauritianus.
394 2539 466 2575 prius
477 2546 533 2565 crat
542 2541 585 2565 At.

225 2582 252 2598 2.
272 2575 413 2609 Incermfiffle
430 2582 527 2600 nemus
545 2575 689 2601 valitudinis
701 2575 795 2609 sceleris
806 2595 814 2607 ‚
832 2575 899 2610 &c.]
923 2576 991 2602 Pau.
1010 2585 1100 2602 omnes
1112 2577 1141 2601 &
1161 2576 1162 2615 j
1180 2576 1247 2602 illud
1261 2576 1557 2603 Puteanisnnumerascd
1569 2584 1655 2604 tamen
1666 2576 1791 2614 respicere
1790 2580 1889 2639 dpotuit
1899 2578 1929 2605 ad
1940 2589 2038 2605 munera
2047 2589 2135 2641 po‘pu-

187 2608 263 2634 Coll.
276 2610 336 2636 Put.
348 2618 400 2637 tres
412 2611 438 2636 8<
451 2611 543 2636 Ahalae
563 2611 703 2645 incertosque
712 2619 796 2637 morm.
817 2621 900 2648 neque
913 2612 983 2639 secus
993 2612 1058 2639 olim
1077 2612 1138 2639 culi.

187 2643 312 2679 idemque
322 2645 354 2671 de
367 2646 415 2672 suis
427 2646 547 2673 omnibus
563 2647 672 2673 testatur
683 2646 839 2674 Lambinus.

225 2688 252 2715 3.
271 2682 343 2712 §gem
353 2685 423 2707 Deum
434 2684 458 2716 fi
475 2683 580 2717 cupiat]
603 2684 644 2710 lta
654 2683 722 2709 Pau.
742 2683 822 2710 nosti-i
843 2683 964 2710 meliores
976 2691 1071 2720 praetei·
1091 2694 1140 2711 iio-

188 2724 264 2747 num‚
275 2726 358 2752 neque
369 2718 445 2744 aliter
456 2720 483 2744 S.
495 2718 777 2751 Vifflorisssoloniens.
788 2718 841 2746 duo
852 2721 912 2746 Put.
924 2730 974 2746 nou
988 2740 996 2752 ‚
1014 2722 1104 2755 etiamsi
1112 2727 1141 2747 ut

189 2752 291 2787 vulgati
303 2763 308 2778 :
332 2752 414 2788 licque
428 2754 535 2782 Plautus
545 2755 572 2780 &
585 2756 737 2782 Terentius.
753 2756 874 2790 Nccsalm
881 2757 1080 2791 nobissalutijam
1090 2758 1142 2791 ff,

183 2789 207 2821 fi
215 2791 306 2820 tussiat,
315 2789 366 2819 &c.

225 2830 253 2862 ς..
273 2827 357 2858 ltaque
366 2825 428 2850 illam
437 2833 503 2852 mam
516 2828 739 2863 praeclariffimam]
761 2827 853 2855 Malim
861 2829 1066 2862 prasennffimam,
1077 2829 1140 2855 cuin

191 2858 239 2884 mi.
252 2859 372 2885 Puteaiii.

229 2903 255 2928 5.
274 2898 394 2920 'Parumne
412 2898 483 2927 igitur
500 2900 591 2932 inquies
605 2901 703 2931 gloriam
723 2909 831 2932 mag-nam
849 2900 1050 2934 relinquemus?]
1071 2900 1140 2926 Pall.

190 2929 291 2966 plures,
301 2934 392 2964 inquies
403 2941 488 2964 magna
498 2937 664 2968 relinquemur,
675 2935 744 2970 quod
756 2936 820 2963 &ju
831 2936 894 2962 Col.
905 2937 932 2961 &
945 2937 1032 2962 Maur.
1043 2936 1139 2972 poster.

188 2965 328 3006 placetque
337 2967 495 2995 Guliclinio,
515 2978 573 2996 cum
585 2972 690 2998 intueor
700 2971 834 3007 sequentia
845 2991 855 3004 ‚
874 2972 952 2999 ctiam
964 2979 1089 3008 proeterca
1102 2973 1141 2998 vi-

188 3001 267 3029 detur
277 3002 452 3036 abjiciendum
465 3014 558 3037 magna.

225 3038 254 3065 6.
274 3039 404 3072 Velinsuos
413 3041 487 3064 velin
496 3044 601 3072 patriam
613 3060 620 3071 ‚
638 3042 706 3076 &ej
731 3043 772 3070 Est
785 3044 800 3069 :i
816 3043 873 3069 Pal.
897 3053 967 3069 nouo
986 3044 1012 3070 &
1036 3043 1138 3071 Bafllic.

186 3073 238 3100 cusi
249 3074 320 3110 prius
333 3083 394 3100 voce
405 3075 527 3110 amplius,
536 3078 586 3109 fisos
598 3080 660 3103 cives
673 3097 680 3108 ‚
690 3080 739 3104 vel.
761 3080 775 3104 :⁴2
786 3079 869 3115 glosfii
879 3079 987 3106 scilicet.

224 3118 251 3143 7.
270 3114 321 3150 ηις
329 3118 372 3136 tua
385 3114 437 3151 virf
446 3112 550 3138 ‹tracen-da
559 3113 618 3148 effi]
641 3114 681 3140 lta
690 3115 798 3142 Gembl.
810 3116 838 3142 &
849 3115 948 3143 Colon.
968 3125 1020 3143 non
1031 3116 1141 3148 dicenda,

189 3153 219 3173 ut
229 3153 306 3174 antea
315 3147 441 3182 impr-cni.

1131 118 1677 168 cici-:nouis

1167 198 1307 241 amplius.
1325 198 1415 237 Quod
1428 198 1447 230 si
1457 210 1555 233 rerum
1566 212 1682 234 tuarum
1697 201 2131 237 immortalium,C.Caefiir,hic

1169 244 1268 272 exitus
1278 240 1395 271 futurus
1408 240 1486 276 fuit,
1501 253 1533 274 ut
1543 264 1552 278 ‚
1565 245 1692 275 deviffis
1700 245 1872 276 adversariis
1883 265 1891 279 ,
1910 245 2128 285 rempublicam

1170 285 1202 314 in
1215 293 1252 313 eo
1263 282 1334 313 statu
1347 284 1529 325 relinqueres
1539 306 1548 320 ‚
1567 288 1600 316 in
1609 297 1670 328 quo
1680 297 1763 317 nunc
1773 286 1831 318 est:
1854 287 1922 317 vide
1935 307 1943 320 ‚
1956 287 2054 327 quaeso
2064 307 2072 321 ‚
2088 297 2128 318 ne

1171 336 1219 356 tua
1228 325 1330 355 divina
1342 334 1435 354 virtus
1446 326 1652 358 admirationis
1662 329 1728 368 plus
1737 328 1770 359 sit
1787 329 1922 359 habitura
1932 349 1941 362 ‚
1960 338 2050 369 quam
2060 330 2128 370 glo-

1170 369 1219 398 riae
1232 378 1237 396 ·.
1260 365 1404 407 siquidem
1413 366 1519 408 gloria,
1536 368 1708 400 estillustris
1719 390 1728 404 ,
1740 380 1773 400 ac
1786 380 1937 412 pervagata
1946 371 2126 404 multorum,
2142 390 2145 392 -

1172 409 1205 439 δε
1221 418 1398 450 magnorum
1412 429 1420 442 ,
1434 406 1448 428 ⁶
1461 410 1508 440 vel
1521 411 1554 440 in
1567 411 1635 441 suos
1647 431 1655 445 ,
1674 412 1764 442 vel'in
1775 414 1896 451 patriam
1906 432 1914 446 ‚
1929 413 1977 442 vel
1989 413 2021 442 in
2031 422 2124 442 omne

1171 460 1264 492 genus
1278 452 1438 480 hominum
1448 450 1527 482 fama
1538 455 1729 483 meritorum.
1753 456 1826 484 Haec
1838 456 1930 495 igitur
1947 454 2003 484 tibi
2014 455 2128 494 reliqua

1173 501 1236 531 pars
1249 491 1307 522 est:
1331 493 1380 521 liic
1391 492 1476 523 restat
1489 492 1582 527 αξξυς,
1595 496 1625 524 in
1640 495 1700 525 hoc
1711 494 1923 526 elaborandum
1934 494 1978 526 est
1987 515 1995 529 ,
2015 504 2047 525 ut
2057 506 2129 524 rem·

1173 532 1315 572 publicam
1327 532 1475 569 constituas
1486 555 1494 568 ‚
1507 545 1598 576 eaque
1611 544 1642 566 tu
1656 539 1687 566 in
1698 538 1803 575 primis
1816 536 1979 576 composita
1991 557 1999 570 ‚
2015 538 2131 567 summa

1176 576 1385 616 tranquillitate
1399 595 1406 609 ,
1420 577 1452 606 &
1464 578 1528 606 otio
1538 576 1686 616 perfruare
1699 588 1704 606 :
1728 586 1794 607 tum
1804 587 1832 608 te
1843 597 1851 611 ,
1867 577 1887 607 fi
1897 579 1980 608 voles
1990 599 2000 611 ,
2017 578 2088 609 cum
2100 578 2133 608 δε

1175 626 1274 657 patriai
1287 637 1295 650 ,
1306 618 1386 658 quod
1400 617 1490 648 debes
1501 638 1509 651 ‚
1524 618 1660 651 solveris,
1673 618 1706 648 &
1715 627 1850 650 naturam
1862 620 1954 658 ipsam
1967 620 2133 660 expleveris

1176 660 1303 689 satietate
1313 660 1436 689 vivendi
1449 680 1457 693 ,
1472 660 1538 690 satis
1553 660 1606 690 diu
1618 657 1726 690 vixisse
1740 660 1843 690 dicito.
1866 663 1958 700 Qu>
1974 671 2031 691 its-r
2049 663 2133 691 enim

1175 703 1306 730 omnino
1317 702 1374 731 hoc
1385 702 1481 741 ipsum
1493 702 1556 736 diu,
1570 704 1601 732 in
1612 711 1672 742 quo
1682 700 1724 731 est
1733 701 1847 742 aliquid
1859 711 2040 736 exrremum,
2051 704 2131 743 quod

1175 742 1247 772 cum
1263 745 1386 775 venerit,
1398 745 1501 773 omnis
1514 744 1652 784 voluptas
1662 745 1806 783 patei-ita
1815 753 1869 783 pro
1883 743 1984 772 nihilo
1994 743 2036 774 est
2046 764 2054 777 ,
2065 747 2134 785 quia

1178 784 1279 824 postea
1288 785 1371 814 nulla
1383 784 1481 815 futura
1491 784 1544 815 sit?
1566 794 1747 826 quamquam
1764 784 1818 815 iste
1829 794 1896 815 tuus
1910 786 2029 814 animus
2045 795 2135 815 num-

1179 836 1267 866 quam
1283 827 1328 855 his
1346 826 1486 867 angustiis
1497 847 1505 860 ‚
1527 837 1598 868 quas
1608 836 1709 857 natura
1719 827 1808 856 nobis
1817 826 1852 856 ad
1862 826 2030 856 vivendum
2040 825 2135 860 dedit,

1179 876 1338 897 contentus
1352 868 1409 897 fuit
1421 889 1429 901 ,
1451 869 1623 910 semperque
1642 868 1866 897 immortalitatis
1881 877 1975 896 amore
1995 866 2135 907 flagravit.

1181 912 1246 939 Nec
1261 908 1333 939 vero
1343 914 1357 937 7
1368 911 1428 940 haec
1443 919 1491 940 tua
1500 913 1561 940 vita
1572 909 1708 940 ducenda
1717 909 1759 940 est
1771 930 1778 943 ,
1797 920 1863 950 quae
1873 919 1996 950 corpore
2008 928 2016 942 ,
2032 910 2064 939 &
2076 910 2137 949 spi-

1180 953 1238 980 ritu
1248 953 1430 981 continetur.
1455 951 1517 985 illa,
1528 954 1650 993 inquam
1663 972 1671 985 ,
1682 952 1733 982 illa
1747 961 1806 982 vita
1815 951 1858 982 est
1868 960 1915 981 tua
1927 972 1935 984 ,
1946 961 2014 991 quae
2024 952 2138 991 vigebit

1181 995 1328 1022 memoria
1339 993 1515 1023 saeculorutn
1528 995 1687 1024 omnium:
1701 998 1791 1034 quam
1802 992 1958 1033 posteritas
1966 993 2034 1025 alet,
2045 1002 2135 1033 quam

1183 1034 1242 1073 ipsa
1251 1029 1265 1052 S
1277 1037 1423 1064 :eternitas
1435 1035 1550 1075 semper
1559 1035 1701 1066 tuebitur.
1726 1037 1846 1065 Huictu
1856 1035 1998 1064 inservias
2007 1054 2015 1067 ,
2027 1036 2096 1064 huic
2108 1044 2136 1064 te

1182 1074 1309 1104 ostentes
1322 1093 1329 1107 ,
1345 1085 1478 1115 oportet:
1501 1087 1566 1117 quae
1575 1078 1710 1118 quidem,
1727 1087 1792 1117 quae
1802 1078 1943 1110 miretur,
1957 1075 2135 1115 iampridem

1183 1117 1277 1146 multa
1289 1116 1392 1146 habet:
1416 1127 1496 1147 nunc
1506 1119 1596 1148 etiam
1607 1138 1615 1151 ‚
1634 1128 1700 1158 quae
1714 1118 1832 1150 laudet,
1852 1117 2009 1157 exspeetat.
2034 1117 2137 1148 obstu-

1183 1157 1303 1197 pescent
1315 1157 1424 1197 posteri
1434 1160 1511 1189 certe
1521 1161 1646 1199 imperia
1657 1179 1666 1191 ,
1677 1160 1846 1199 provincias
1856 1179 1864 1192 ‚
1877 1160 2033 1192 Rhenum,
2045 1161 2136 1190 Ocea-

1182 1208 1269 1232 num,
1282 1199 1404 1232 Nilum,
1415 1209 1538 1239 pugnas,
1552 1200 1799 1230 innumerabileis
1811 1219 1820 1233 ,
1835 1200 2025 1230 incredibiles
2036 1200 2134 1231 νίἃο-

1181 1242 1238 1270 rias
1247 1260 1255 1274 ‚
1276 1244 1291 1267 9
1301 1251 1502 1272 monumenta
1513 1262 1521 1275 ,
1541 1251 1666 1271 munera
1677 1261 1685 1275 ‚
1704 1242 1873 1281 triumphos
1887 1242 2040 1271 audientes
2050 1242 2082 1272 &
2091 1242 2136 1272 le-

1181 1291 1282 1322 gentes
1293 1291 1372 1312 tuos.
1395 1282 1454 1316 sed,
1468 1282 1521 1313 nisi
1532 1285 1594 1314 haec
1606 1283 1675 1313 urbs
1686 1282 1811 1313 stabilita
1819 1285 1878 1312 tuis
1885 1281 2028 1316 consiliis,
2042 1284 2074 1314 δε
2087 1286 2136 1314 in-

1183 1323 1292 1354 stitutis
1303 1325 1367 1358 erit,
1381 1325 1529 1365 vagabitur
1545 1324 1641 1355 modo
1651 1335 1766 1356 nomen
1776 1334 1863 1355 tuum
1874 1325 1965 1366 longe
1977 1344 1984 1358 ,
1996 1334 2083 1365 atque
2092 1325 2136 1355 la-

1181 1365 1210 1396 te
1223 1376 1229 1394 ε
1253 1366 1352 1396 sedem
1372 1366 1495 1406 quidem
1515 1366 1651 1397 stabilem
1662 1386 1670 1400 ‚
1690 1367 1724 1397 δε
1733 1366 1928 1398 domicilium
1945 1376 2061 1397 certum
2071 1376 2136 1397 non

1183 1407 1314 1437 habebit.
1339 1411 1402 1438 Erit
1413 1410 1488 1438 inter
1498 1419 1549 1439 eos
1558 1412 1660 1442 etiam,
1672 1409 1726 1449 qui
1737 1408 1903 1442 nascentur,
1912 1406 1983 1438 ficut
1991 1410 2070 1439 inter
2078 1418 2135 1439 nos

1180 1447 1239 1478 fuit
1250 1469 1259 1482 ‚
1276 1459 1322 1479 ma
1345 1459 1381 1479 na
1390 1449 1530 1480 distensio
1541 1471 1549 1485 ‚
1561 1461 1631 1481 cum
1642 1452 1693 1481 alii
1703 1449 1840 1481 laudibus
1854 1451 1890 1483 ad
1898 1450 2006 1480 caelum
2017 1460 2062 1481 res
2072 1459 2135 1481 tuas

1180 1489 1271 1532 gestas
1290 1460 1355 1521 εἰέκ
1363 1501 1429 1521 ent:
1450 1493 1502 1522 alii
1521 1490 1638 1522 fortaffe
1657 1492 1769 1532 aliquid
1788 1499 1960 1532 requirent,
1979 1491 2069 1532 idque
2087 1492 2136 1522 vel

1181 1535 1367 1565 maximum,
1380 1532 1434 1563 nifi
1445 1534 1515 1564 belli
1525 1536 1623 1563 civilis
1633 1532 2135 1573 incendiumfizl'utepatriaerestin-

1181 1576 1259 1604 xeris
1272 1584 1277 1603 ;
1300 1584 1332 1604 ut
1349 1575 1424 1605 illud
1437 1574 1488 1604 fati
1503 1573 1589 1604 fuisse
1601 1575 1753 1609 videatur,
1769 1576 1827 1606 hoc
1837 1573 1962 1605 consilii.
1985 1577 2068 1606 Servi
2078 1576 2135 1615 igi-

1181 1624 1228 1645 tur
1239 1617 1276 1645 iis
1286 1619 1376 1646 etiam
1387 1616 1552 1653 judicibus,
1572 1619 1622 1657 qui
1635 1618 1738 1646 multis
1754 1615 1821 1657 post
1830 1616 1942 1647 saeculis
1951 1615 1988 1646 de
2007 1624 2035 1645 te
2050 1617 2133 1654 judi-

1180 1658 1305 1688 cabunt:
1329 1658 1362 1688 δε
1375 1657 1498 1699 quidem
1513 1659 1589 1688 haud
1601 1658 1660 1688 scio
1670 1678 1678 1692 ‚
1690 1668 1727 1688 an
1739 1655 1926 1698 incorruptilis
1935 1677 1944 1690 ,
1963 1658 2054 1698 quam
2064 1667 2131 1687 nos.

1182 1709 1254 1729 nam
1266 1699 1297 1729 &
1308 1698 1368 1729 fine
1379 1710 1479 1730 amore
1492 1720 1500 1733 ,
1517 1700 1550 1730 &
1565 1698 1624 1730 fine
1632 1700 1792 1740 cupiditate
1803 1719 1812 1733 ‚
1831 1701 1863 1729 ὅ(
1874 1699 1970 1730 rursus
1979 1697 2040 1728 sine
2049 1698 2134 1733 odio,

1185 1741 1217 1770 &
1228 1739 1288 1771 fine
1299 1741 1413 1771 invidia
1422 1742 1607 1780 judicabunt.
1632 1741 1659 1771 id
1670 1751 1768 1771 autern
1780 1743 1868 1771 etiam
1880 1739 1900 1769 si
1910 1750 1982 1770 tunc
1991 1740 2025 1770 ad
2038 1748 2066 1770 te
2075 1760 2084 1774 ‚
2103 1749 2136 1771 ut

1181 1783 1304 1822 quidam
1314 1781 1390 1812 falso
1399 1792 1501 1822 putant
1510 1803 1518 1817 ,
1539 1793 1602 1813 non
1613 1783 1789 1823 pertinebit:
1815 1791 1895 1811 nunc
1910 1783 1987 1811 certe
1998 1783 2134 1821 pertinet,

1183 1823 1240 1853 effe
1250 1832 1277 1853 te
1288 1825 1376 1854 talem
1389 1843 1397 1857 ‚
1418 1833 1520 1854 uttuas
1531 1824 1630 1854 laudes
1644 1825 1829 1854 obscuratura
1838 1823 1921 1853 nul'la
1938 1833 2081 1864 umquam
2100 1822 2136 1854 sit

1184 1865 1311 1895 oblivio.
1335 1868 1366 1884 ¹0
1375 1866 1509 1896 Diversae
1518 1867 1686 1896 voluntates
1696 1868 1811 1895 civium
1822 1865 1945 1894 fuerunt
1955 1883 1963 1898 ,
1976 1864 2136 1895 distractae·
2158 1870 2203 1898 10

1183 1916 1240 1947 que
1252 1907 1414 1937 sententiae.
1437 1917 1502 1938 non
1519 1910 1604 1938 enim
1614 1906 1745 1937 consiliis
1764 1906 1860 1936 solum
1872 1926 1881 1941 ‚
1900 1906 2065 1940 &studiis,
2088 1906 2136 1938 sed

1183 1957 1276 1978 armis
1286 1951 1390 1982 etiam,
1402 1949 1434 1979 &
1443 1949 1544 1980 castris
1556 1948 1776 1979 diffidebamus.
1800 1957 1859 1979 erat
1868 1957 1964 1978 autern
1976 1948 2139 1980 obscuritas

1183 1990 1319 2030 quaedam
1331 2011 1338 2024 2
1349 2000 1408 2021 erat
1416 2000 1568 2021 certamen
1579 1999 1658 2021 inter
1667 1988 1840 2021 clariffimos
1850 1990 1938 2020 duces
1951 2000 1957 2020 z
1981 1990 2070 2020 multi
2080 1990 2138 2021 du-

1186 2032 1318 2063 bitabant
1328 2053 1337 2066 ‚
1348 2033 1421 2074 quid
1432 2034 1569 2076 optimum
1579 2029 1649 2062 ess'et
1661 2043 1666 2062 τ
1691 2034 1795 2065 multi,
1810 2032 1884 2072 quid
1896 2030 1949 2062 fibi
1966 2031 2135 2071 expediret:

1185 2074 1294 2107 multi,
1314 2074 1385 2115 quid
1399 2075 1528 2106 deceret:
1546 2075 1690 2104 nonnulli
1706 2077 1794 2104 etiam
1807 2094 1815 2107 ‚
1840 2074 1913 2114 quid
1932 2074 2041 2104 liceret.
2065 2076 2135 2103 Per-

1183 2115 1288 2145 funeta
1297 2117 1462 2156 respublica
1480 2116 1522 2147 est
1531 2118 1587 2146 hoc
1598 2116 1708 2146 misero
1717 2136 1725 2149 ‚
1744 2115 1884 2156 fatalique
1896 2115 1992 2145 bello:
2016 2116 2089 2145 vicit
2098 2116 2135 2149 is,

1183 2159 1312 2198 quinon
1321 2157 1442 2189 fortuna
1451 2157 1652 2189 inflammaret
1662 2158 1769 2188 odium
1784 2158 1881 2190 suum,
1892 2156 1940 2186 sed
1951 2156 2081 2186 bonitate
2092 2156 2137 2186 le-

1186 2201 1279 2230 niret:
1293 2202 1320 2219 ¹¹
1331 2210 1387 2230 nec
1399 2202 1452 2241 qui
1465 2200 1712 2240 omneis‚quibus
1722 2201 1811 2229 iratus
1819 2197 1902 2230 effet,
1911 2197 2033 2227 eosdem
2044 2199 2135 2228 etiam

1184 2239 1290 2271 exfilio
1300 2261 1308 2274 ,
1322 2250 1372 2271 aut
1388 2250 1486 2272 morte
1502 2241 1611 2282 dignos
1621 2240 1778 2280 J'udicaret.
1800 2242 1893 2269 Arma
1906 2238 1942 2268 ab
1955 2239 2021 2268 aliis
2030 2237 2133 2279 posita,

1187 2285 1215 2301 ¹2
1225 2282 1262 2312 ab
1274 2283 1339 2312 aliis
1353 2292 1450 2322 erepta
1460 2283 1539 2312 sunt.
1558 2285 1693 2322 Ingratus
1703 2280 1746 2310 est
1755 2301 1764 2314 ,
1776 2279 1960 2320 injustusque
1969 2281 2044 2310 civis
2055 2300 2063 2314 ‚
2083 2284 2135 2322 qui

1185 2333 1337 2353 armorum
1347 2324 1481 2363 periculo
1493 2324 1630 2353 liberatus
1641 2342 1650 2356 ‚
1664 2331 1803 2352 animum
1814 2330 1914 2351 tamen
1923 2324 2031 2352 retinet
2039 2332 2134 2353 arma-

1187 2373 1268 2394 tum:
1292 2374 1324 2395 ut
1336 2367 1427 2394 etiam
1439 2365 1490 2394 ille
1499 2363 1533 2394 fit
1544 2364 1654 2394 melior
1663 2383 1672 2398 ‚
1686 2367 1715 2390 ¹3
1726 2365 1819 2404 quiin
1834 2364 1895 2393 acie
1904 2363 2029 2398 cecidit,
2041 2365 2092 2405 qui
2103 2366 2137 2395 in

2053 2406 2139 2437 causa

1218 2468 1244 2495 8.
1264 2471 1416 2496 tAEtemitas
1430 2470 1519 2502 finipn
1538 2469 1668 2503 tuebitur]
1689 2469 1732 2495 Sic
1742 2469 1809 2497 Pall.
1825 2471 1853 2496 &
1864 2471 1926 2497 Pur.
1948 2471 2012 2497 item
2023 2479 2136 2507 uterque

1182 2505 1270 2531 Maur.
1280 2505 1353 2541 prius
1364 2513 1420 2531 erat
1430 2507 1569 2531 intuebitur.
1590 2505 1669 2532 male.
1689 2505 1802 2532 crescere
1812 2507 1883 2532 euim
1901 2506 2012 2534 debebat
2022 2508 2119 2534 oratio.

1215 2549 1243 2575 9.
1265 2542 1737 2576 Monumenta,»iunera,vi1‘70›·i.2r,&c.]
1749 2542 1837 2568 Habet
1847 2542 1954 2578 quidem
1965 2544 2076 2571 Gruteri
2088 2542 2137 2571 ms.

1182 2612 1208 2638 lo
1220 2614 1234 2638 a
1246 2612 1346 2639 Caefiire
1356 2612 1417 2640 data
1429 2632 1437 2644 ,
1450 2613 1498 2638 hoc
1509 2613 1556 2645 est,
1567 2613 1712 2648 speEtacula
1722 2623 1751 2640 ac
1762 2614 1786 2639 lu
1809 2623 1848 2640 os.
1868 2614 1910 2640 sed
1922 2624 1953 2641 ne
1968 2615 2020 2641 l'laec
2029 2625 2073 2651 qui
2095 2625 2137 2642 ein

1180 2656 1240 2689 apte
1250 2649 1381 2675 cohaerent
1391 2658 1452 2675 cum
1463 2649 1551 2681 bellis,
1562 2650 1906 2686 monumciitis‚triumpliis,
1917 2651 2080 2677 &innumera
2090 2651 2135 2678 vix

1180 2684 1252 2711 dixit
1263 2686 1323 2710 cum
1335 2685 1503 2721 praecesserit,
1513 2687 1706 2712 innumerabiles.
1726 2685 1779 2712 haec
1788 2687 1961 2713 Gulielmius,

1220 2730 1228 2746 1
1236 2729 1262 2746 0.
1280 2721 1382 2754 Diversae
1391 2723 1527 2746 voluntates
1538 2722 1758 2757 civiumsutrum]
1781 2722 1860 2749 Malle
1869 2722 2030 2749 Gulielmius
2040 2723 2134 2756 Divisse.

1181 2766 1241 2783 nam
1253 2758 1267 2782 :i
1279 2757 1367 2787 divido,
1380 2757 1472 2782 dividia
1481 2765 1528 2793 pro
1537 2755 1687 2783 discordiis.

1221 2802 1228 2819 i
1239 2802 1247 2818 1
1255 2813 1260 2818 .
1280 2795 1328 2818 Nec
1340 2795 1382 2827 qui
1390 2801 1464 2818 omnes
1474 2794 1560 2826 quibus
1567 2795 1649 2818 iratm
1658 2800 1710 2819 crat
1719 2812 1728 2825 ,
1738 2794 1806 2828 elya]
1828 2793 1908 2820 Haud
1918 2793 1996 2819 aliter
2008 2793 2062 2819 Pau
2069 2815 2074 2820 .
2085 2794 2135 2820 ali-

1181 2836 1247 2865 quot
1265 2829 1293 2854 &
1313 2829 1376 2855 Col.
1395 2829 1490 2865 pungit
1508 2829 1579 2855 euim
1597 2829 1682 2856 acrius
1701 2830 1855 2865 l'onipejum
1868 2848 1876 2862 ‚
1896 2831 1976 2864 quam
1998 2830 2133 2865 vulgatum

1180 2875 1208 2891 nc
1225 2875 1262 2891 ue.

1210 2876 1263 2927 qia..
1274 2903 1311 2927 Ab
1320 2902 1374 2927 aliis
1384 2900 1551 2934 ereprafimt]
1572 2899 1734 2927 Gulielmius
1744 2899 1853 2936 putabat
1864 2901 1908 2927 vix
1920 2900 1986 2928 istud
1997 2900 2047 2928 csse
2057 2902 2137 2929 Lati-

1183 2946 1257 2969 num,
1269 2937 1315 2963 uisi
1324 2936 1427 2967 abjeem
1439 2938 1478 2962 ab.

1221 2981 1249 3009 13
1258 2994 1263 2998 .
1281 2974 1330 3005 Q?
1338 2976 1364 2998 in
1374 2975 1423 2998 acie
1432 2972 1513 2998 cecidit
1523 2990 1531 3003 ,
1541 2974 1616 3006 quiin
1626 2972 1697 3005 causa
1706 2974 1811 2998 animam
1815 2973 1923 3005 prqfudit
1934 2973 1948 3006 ]
1972 2972 2037 2999 Haec
2055 2972 2136 3000 leffio

1183 3009 1218 3036 est
1230 3009 1286 3035 Pal.
1297 3017 1337 3044 pr.
1348 3007 1397 3034 sec.
1409 3015 1472 3034 tert.
1492 3016 1576 3042 neque
1588 3006 1657 3033 secus
1672 3008 1733 3033 Put.
1744 3008 1842 3034 Coloii.
1861 3009 1889 3033 &
1901 3009 2056 3035 Mauric'iaui
2066 3009 2132 3041 duo,

1183 3044 1253 3080 quod
1263 3043 1362 3070 dudum
1373 3042 1491 3079 prodidit
1503 3041 1608 3069 Modius
1621 3043 1707 3069 noster
1718 3044 1833 3079 Epistola
1845 3053 1947 3070 cxxxi.
1970 3043 2066 3071 Misere
2076 3044 2135 3071 heic

1183 3082 1207 3106 le
1225 3080 1301 3106 toriit
1321 3079 1464 3105 Lambinus
1472 3098 1480 3110 ,
1505 3088 1590 3114 neque
1608 3079 1691 3105 hilum
1710 3078 1836 3115 profecit.
1857 3080 2024 3107 Hotomanus
2035 3080 2082 3106 lib.
2094 3089 2135 3107 rv.

1184 3115 1324 3142 Observat.
1334 3124 1392 3152 cap.
1405 3123 1432 3151 3.
1453 3124 1505 3142 uon
1515 3116 1598 3150 magis
1610 3116 1691 3151 quam
1702 3114 1836 3143 Viklorius
1857 3115 1905 3143 lib.
1915 3125 1979 3143 xvi.
1995 3117 2058 3144 Var.
2068 3115 2133 3142 leet.

1184 3160 1240 3186 cap.
1253 3160 1282 3178 zi
1291 3172 1297 3177 .

2064 3196 2084 3213 1v
2096 3186 2139 3211 1εέ

2309 368 2313 387 l
