2379 3400
238 120 356 168 1166
626 103 1137 152 NLTULL11

233 206 264 233 ἐπ
290 197 489 233 ·11m,Quinte
499 212 507 224 ,
520 191 552 221 Sc
562 188 658 220 Stoice
670 188 838 216 Stoicorum
851 182 1028 212 sententiam
1040 177 1181 209 defendi-

234 214 499 281 1}1q'qiiodt·ucme
512 230 644 261 maxime
655 226 779 257 dclcEtat
788 245 796 258 ‚
807 225 946 264 plurimis
957 221 1065 252 nostris
1075 229 1184 250 exem-

395 262 403 277 ⁴
448 277 527 305 &iis
537 270 659 312 quidem
670 269 755 299 claris
767 267 798 296 &
808 264 982 295 illustribus¹
1006 261 1182 293 Dicendum

602 321 666 352 qna:
681 311 748 340 sun:
758 309 772 338 ii
786 318 814 338 re
824 306 903 337 di&a
913 325 921 340 ‚
933 305 1032 335 sedita
1043 323 1051 338 ,
1069 303 1141 333 nihil
1151 311 1186 332 uc

233 366 374 397 affirmem,
393 367 512 401 quaram
523 355 627 384 omnia.
652 352 791 382 dubitans
801 349 980 389 plerumque
991 347 1024 376 δε
1036 346 1114 376 mihi
1124 346 1186 385 ipse

235 395 383 436 diffidens.
408 399 521 430 sienim
541 393 654 436 aliquid
679 394 751 423 certi
770 392 909 421 haberem
922 409 929 423 ‚
949 388 1032 429 quod
1042 388 1185 421 dicerem;

234 457 289 477 sm,
307 445 366 484 ipse
383 443 548 472 divinarem
560 459 567 470 ,
588 439 640 477 qui
653 433 710 464 effe
720 434 940 464 divinationem
953 440 1040 472 nego.
1064 432 1186 461 Etenim

236 472 284 518 nic
294 495 396 516 movet
406 482 479 514 illud
493 502 500 515 ,
512 480 595 521 quod
606 478 744 517 inprimis
754 474 916 505 Carneades
924 481 1055 514 quaerei‘e
1066 471 1188 504 solebat,

235 536 429 570 quarumnam
448 532 546 554 rerum
564 520 713 551 divinatio
723 516 810 547 ess'et:
829 525 970 546 carumne
980 524 1046 556 quae
1059 513 1190 545 sensibus

236 570 477 611 perciperentur?
499 569 536 594 At
547 573 592 593 eas
608 561 731 602 quidem
741 561 893 590 cernimus
905 577 913 591 ‚
924 557 1063 588 audimus
1073 576 1081 590 ,
1093 555 1191 598 gusta-

235 622 316 645 muS,
328 610 494 641 olfacimus,
509 607 667 646 tangimus.
691 600 853 642 Numquid
863 609 933 641 ergo
943 601 976 629 in
987 600 1025 629 iis
1036 598 1124 629 rebus
1135 597 1189 631 est,

234 653 315 695 quod
325 649 490 693 provisione
501 669 508 682 ,
529 657 576 677 aut
586 646 774 687 permotione
785 644 896 674 mentis
906 642 1001 683 magis
1010 646 1026 675 ‚'
1039 640 1130 682 quam
1140 650 1193 670 na-

237 694 368 734 turaipsa
387 693 568 723 sentiamus?
588 697 637 718 aur
656 687 756 717 nescio
779 683 1046 726 quiilledivinus,
1066 681 1193 713 fioculis

236 746 336 777 cipzus
347 734 377 764 sit
387 755 394 768 ,
407 743 438 763 ut
449 730 575 763 Tiresias
585 729 643 761 fuit
654 749 662 763 ‚
674 726 759 769 poffit
769 747 777 761 ,
793 736 858 769 quae
868 725 933 756 alba
941 723 1006 759 fint,
1019 735 1085 766 quae
1096 726 1189 765 nigra,

239 780 335 808 dicei-e
347 781 355 805 ζ’
366 784 425 808 aut,
441 773 458 804 si
470 771 572 804 surdus
585 771 618 802 sit
629 791 637 805 ‚
650 772 802 801 varietates
816 777 926 798 vocum
939 787 947 801 ,
958 776 1007 798 aut
1017 766 1126 796 modos
1137 776 1194 796 no·

240 822 315 850 scere
329 822 339 847 ?
359 817 404 847 Ad
417 817 529 846 nullam
539 816 628 856 igitur
640 821 741 842 earum
753 820 851 841 rerum
863 829 871 843 ,
893 809 1039 850 quaftnsu
1048 808 1195 849 accipiun-

239 870 305 893 tar,
330 860 477 889 divinatio
499 856 664 887 adhibetur.
688 857 784 894 Atque
805 862 843 882 ne
863 852 945 882 iniis
954 850 1077 891 quidem
1091 849 1192 883 rebus,

240 912 303 943 quae
315 911 373 931 aire
384 899 555 932 traiGtantur,
566 898 753 927 divinatione
763 903 837 934 opus
847 891 898 923 est.
923 893 1047 923 Etenim
1055 891 1090 922 ad
1102 901 1196 932 aegros

238 954 302 974 non
323 952 418 976 vium,
437 950 487 972 aut
508 940 640 969 hariolos
652 958 660 971 ‚
681 937 729 969 sed
751 935 886 966 medicos
896 934 1027 963 solemus
1037 933 1196 964 adducere.

240 988 304 1015 Nec
315 983 386 1014 vero
397 1003 404 1017 ‚
426 985 477 1024 qui
490 981 599 1011 fidibus
612 1001 620 1014 ,
639 988 688 1010 aut
698 978 779 1009 tibiis
795 976 956 1007 utivolunt
967 994 975 1009 ,
987 975 1024 1006 ab
1034 975 1197 1015 haruspici-

239 1025 294 1057 bus
305 1027 562 1065 accipiuntearuni
573 1021 780 1052 tractationem
794 1038 802 1052 ‚
815 1018 864 1049 sed
876 1018 891 1048 {1
902 1015 1033 1047 musicis.
1058 1021 1068 1037 ¹
1082 1016 1196 1047 Eadem

238 1070 272 1098 in
284 1070 375 1098 literis
389 1076 462 1097 ratio
472 1064 516 1096 est
527 1085 535 1099 ,
555 1063 736 1104 reliquisque
746 1061 835 1091 rebus
847 1079 855 1094 ‚
875 1069 1000 1101 quarum
1013 1057 1054 1088 est
1063 1058 1198 1098 discipli-

238 1120 286 1140 na.
311 1111 397 1140 Num
407 1107 507 1138 censes
517 1115 568 1136 eos
581 1125 589 1139 ‚
603 1107 656 1146 qui
667 1105 801 1134 divinare
812 1101 966 1135 dicuntur,
978 1098 1061 1141 posse
1073 1100 1198 1140 respon-

240 1152 309 1182 dere
321 1171 329 1185 ,
337 1150 378 1190 soi
388 1151 509 1190 majorne
521 1168 528 1183 ,
540 1145 627 1188 quizm
638 1154 712 1177 terra
716 1144 755 1186 sit
762 1155 774 1172 .·
785 1153 822 1174 an
831 1151 928 1174 tantus
940 1162 948 1176 ‚
958 1151 1086 1183 quantus
1095 1141 1196 1172 videa-

231 1196 306 1224 tur?
319 1193 446 1233 lunaque
456 1191 700 1223 [uolumine,an
710 1188 792 1220 solis,
808 1187 925 1216 utatur?
938 1185 993 1217 sol,
1009 1184 1089 1218 luna,
1104 1193 1196 1224 quem

243 1245 366 1265 motum
380 1234 506 1264 habeant
516 1236 527 1262 ?
536 1241 628 1273 quern
641 1232 775 1272 quinque
785 1227 875 1259 stellae
886 1247 893 1260 ‚
911 1235 977 1266 quae
987 1235 1078 1256 errare
1088 1225 1198 1255 dicun-

239 1280 308 1307 tur?
328 1287 384 1308 nec
404 1277 483 1309 haec,
501 1273 662 1315 quidivini
671 1272 837 1303 habentur,
857 1268 1035 1310 profitentur
1046 1268 1074 1298 se
1085 1266 1142 1297 esse
1152 1267 1199 1298 di—

241 1318 342 1349 &uros
356 1330 360 1348 z
383 1328 437 1348 nec
456 1326 560 1347 eorum
572 1335 580 1350 ‚
600 1325 666 1356 quae
685 1316 718 1344 in
729 1313 891 1355 geometria
900 1309 1108 1341 describuntur
1119 1329 1128 1343 ,
1140 1319 1200 1351 qua

242 1370 326 1394 vera,
352 1358 576 1402 quaefalsafint‚
597 1358 664 1388 sunt
676 1357 759 1386 enim
773 1364 805 1385 ea
818 1353 1101 1383 mathematicorum
1113 1370 1122 1385 ,
1133 1361 1199 1382 non

206 1410 230 1440 4
243 1404 437 1433 hariolorum.
460 1404 508 1432 De
525 1401 586 1430 illis
603 1397 675 1430 verb
686 1397 773 1428 rebus
785 1417 793 1430 .
813 1405 878 1438 quae
889 1397 920 1424 in
931 1394 1122 1434 philosophia
1130 1403 1200 1424 ver-

240 1444 361 1479 santur,
382 1442 534 1484 numquid
552 1441 614 1476 est,
633 1440 715 1482 quod
733 1438 891 1481 quisquam
905 1437 1084 1467 divinorum
1095 1445 1145 1466 aut
1154 1444 1200 1465 re-

241 1485 386 1526 spondere
396 1486 487 1516 soleat
499 1505 508 1518 ,
526 1493 577 1514 aut
588 1483 703 1514 consuli
716 1502 724 1515 ,
744 1480 815 1522 quid
822 1477 922 1509 bonum
929 1478 986 1519 fit,
999 1478 1071 1519 quid
1077 1477 1198 1512 malum,

241 1528 316 1568 quid
335 1529 500 1558 neutrum?
527 1526 594 1556 sunt
615 1526 700 1554 enim
717 1524 778 1553 haec
797 1522 916 1561 propria
935 1520 1200 1560 philosophorum.

242 1569 327 1610 Qid
336 1570 372 1599 de
381 1567 484 1598 officio
496 1570 590 1597 ?num
600 1567 666 1606 quis
675 1564 858 1604 haruspicem
867 1562 1019 1593 consuluit
1028 1581 1037 1594 ‚
1055 1560 1202 1602 quemad-

244 1611 373 1642 modum
384 1607 419 1639 fit
429 1619 492 1638 cum
508 1605 683 1650 parentibus,
695 1602 912 1642 cumfratribus,
924 1613 987 1632 cum
994 1602 1091 1632 amicis
1099 1604 1202 1631 viven-

243 1653 314 1682 dum
324 1656 334 1678 ?
345 1650 603 1692 quemadmodum
615 1647 760 1678 utendum
771 1648 916 1686 pecunia?
939 1644 1201 1687 quemadmodum

246 1696 364 1724 honore
376 1691 656 1733 ?quemadmodum
667 1689 798 1729 imperio
812 1691 821 1716 ?
833 1686 868 1717 ad
880 1687 1035 1726 sapienteis
1046 1687 1108 1716 baec
1117 1706 1126 1720 ,
1139 1695 1203 1716 non

242 1736 283 1766 ad
293 1736 415 1765 divinos
429 1733 533 1763 referri
544 1733 649 1762 solent.
673 1730 778 1772 Qid?
796 1739 862 1770 quae
871 1728 886 1759 a
896 1728 1058 1759 dialefficis
1068 1736 1117 1758 aut
1126 1728 1203 1767 phy-

247 1774 497 1808 sicistraGiantur,
521 1783 595 1804 num
607 1775 674 1814 quis
684 1781 789 1801 eorum
808 1771 944 1801 divinare
964 1768 1077 1809 potest,
1098 1769 1205 1809 unusne

247 1817 426 1858 mundmfiss
446 1825 483 1846 an
502 1816 621 1856 plures?
639 1823 705 1854 quae
724 1811 781 1842 sint
802 1813 887 1841 initia
901 1821 1023 1844 rerum,
1044 1820 1082 1840 ex
1092 1810 1202 1851 quibus

247 1861 409 1891 nascuntur
431 1860 556 1887 omnia?
576 1856 764 1896 physicorum
781 1853 824 1883 est
845 1852 897 1882 ista
914 1853 1078 1893 prudentia.
1107 1855 1201 1892 ²Qo

247 1901 361 1935 modo,
380 1900 630 1931 autmentienrem‚
652 1905 743 1937 quem
751 1895 888 1927 ψευδόμενον
901 1902 1028 1927 vocant,
1047 1891 1202 1928 difl'olvas?

247 1953 298 1974 aut
307 1941 562 1984 quemadmodum
571 1940 655 1980 fhrm'
663 1936 790 1968 resistas?
802 1945 892 1977 quern
903 1935 924 1965 fi
933 1934 1046 1966 neceffe
1057 1934 1089 1965 sit
1100 1955 1108 1969 ‚
1120 1937 1203 1966 Lati—

248 1995 290 2015 no
303 1985 395 2014 verbo
416 1984 500 2013 liceat
508 1982 664 2011 acervalem
672 1979 835 2019 appellare:
853 1977 902 2008 sed
915 1978 995 2008 nihil
1006 1986 1082 2018 opus
1092 1976 1151 2008 est:
1170 1987 1204 2010 ut

249 2029 332 2057 enim
357 2026 417 2065 ipsa
435 2025 643 2065 philosophia,
674 2022 707 2052 δε
725 2020 820 2051 multa
837 2020 926 2051 verba
943 2022 1119 2050 Graecorum
1131 2038 1139 2053 ‚
1164 2019 1203 2051 fic

249 2070 354 2099 sorites
374 2068 439 2097 satis
449 2068 557 2097 Latino
576 2067 713 2095 sermone
735 2065 821 2093 tritus
837 2061 889 2092 est.
913 2065 991 2103 Ergo
1001 2063 1062 2092 haec
1082 2071 1203 2103 quoque

249 2109 526 2142 diiiefficidicent,
550 2117 613 2137 non
632 2106 739 2136 divini.
762 2103 866 2145 Qiid?
885 2103 958 2135 cum
971 2105 1130 2144 quaeritur,
1152 2105 1204 2147 qui

244 2151 286 2193 fit
294 2160 413 2192 afficimus
435 2152 500 2190 reip.
518 2148 610 2185 status
622 2169 630 2182 ,
651 2157 717 2189 quae
735 2147 813 2187 leges
825 2165 833 2179 ‚
856 2148 908 2187 qui
930 2155 1031 2176 mores
1041 2153 1090 2175 aut
1100 2147 1201 2180 utiles,

249 2202 299 2223 aut
324 2193 446 2222 inutiles
456 2212 464 2226 ‚
484 2191 687 2231 haruspicesne
710 2192 725 2216 3
735 2198 773 2218 ex
796 2190 912 2219 Etruria
927 2186 1106 2219 arceffentur
1124 2207 1133 2222 ,
1166 2198 1204 2218 an

249 2237 397 2275 principes
412 2233 539 2264 statuent
550 2252 558 2267 ‚
581 2233 614 2263 &
627 2229 735 2262 deleffi
747 2232 822 2264 viri,
841 2231 930 2270 periti
939 2239 1039 2261 rerum
1050 2229 1205 2260 civilium?

249 2276 342 2318 Qod
351 2275 371 2305 i'i
390 2285 444 2305 nec
465 2285 565 2305 earum
587 2283 686 2305 rerum
697 2292 706 2307 ‚
726 2282 792 2313 quae
816 2270 956 2314 subjeEtae
974 2269 1104 2302 sensibus
1125 2272 1204 2306 sunt,

250 2320 311 2348 ulla
329 2318 476 2347 divinatio
496 2316 557 2348 est:
577 2324 762 2348 neccarum,
783 2324 849 2354 quae
868 2314 978 2344 artibus
999 2315 1204 2348 continentur,

251 2369 307 2391 nec
326 2369 427 2390 earum
442 2379 450 2392 ‚
469 2369 533 2399 quae
553 2359 585 2389 in
605 2357 794 2398 philosophia
814 2355 993 2386 differuntur
1008 2365 1081 2386 :nec
1091 2364 1205 2390 earum,

251 2411 318 2441 quae
337 2404 368 2431 in
387 2411 448 2441 rep.
472 2401 636 2431 versantur:
656 2407 783 2440 quarum
801 2406 902 2428 rerum
916 2396 949 2428 fit
963 2417 972 2431 ,
994 2397 1206 2436 nihilprorsus

256 2445 412 2485 intellig03
427 2452 496 2472 nam
505 2451 556 2473 aut
566 2442 708 2473 omnium
720 2439 807 2469 debet
821 2438 896 2473 esse,
915 2448 965 2469 aut
981 2439 1079 2479 aliqua
1097 2440 1124 2468 ei
1143 2448 1206 2469 ma-

254 2487 326 2515 teria
344 2485 438 2515 danda
456 2483 498 2514 est
517 2504 524 2518 ,
545 2486 576 2514 in
593 2493 652 2525 qua
670 2481 773 2512 versari
793 2480 887 2521 poffit.
919 2481 967 2511 sed
988 2490 1043 2510 nec
1062 2482 1206 2511 omnium

254 2526 401 2557 divinatio
414 2525 456 2556 est
466 2545 475 2560 ‚
495 2535 527 2556 ut
548 2529 621 2556 ratio
631 2524 754 2554 docuit:
772 2532 828 2553 nec
839 2524 921 2553 locus
933 2542 941 2556 ,
962 2532 1018 2552 nec
1027 2523 1149 2553 materia
1160 2524 1208 2552 in-

254 2570 388 2603 venitur,
408 2570 456 2599 cui
473 2570 692 2601 divinationem
712 2564 861 2607 praeficere
878 2562 1033 2606 possimus.
1063 2563 1134 2596 vide
1154 2565 1208 2606 igi-

235 286 289 324 pfiis
301 282 365 311 usus
376 289 405 308 cs
416 297 424 310 ,

235 324 275 354 cst
289 323 362 352 milii
381 323 468 360 igitur
485 315 518 345 ad
531 323 579 345 ea,

1216 98 1258 143 (3
1292 112 1311 142 1
1349 112 1376 143 r:
1412 111 1442 142 a:
1478 110 1513 141 ia
1548 111 1577 139 <i
1615 111 1645 141 ri
1684 112 1703 142 1
1739 111 1761 143 s

1225 188 1271 209 tur
1283 198 1291 213 ,
1304 188 1341 208 ne
1352 176 1435 208 nulla
1446 175 1479 207 sit
1494 175 1654 207 divinatio.
1663 179 1681 204 4
1692 176 1743 208 Est
1752 178 1872 219 quidam
1884 182 2004 212 Graecus
2013 182 2142 224 vulgaris
2152 182 2184 216 in
2198 194 2220 227 ς

1226 222 1300 252 hanc
1312 220 1490 250 sententiam
1500 218 1612 248 versus:

1318 264 1388 291 Bene
1398 261 1449 302 qui
1461 260 1588 299 conjiciet
1598 279 1607 294 ‚
1620 262 1633 288 5
1643 266 1740 289 vatem
1748 261 1821 291 hunc
1825 263 1965 305 perhibebo
1974 267 2121 308 optimum.

1226 307 1311 335 Num
1324 305 1431 345 igitur,
1450 311 1500 333 aut
1520 311 1586 343 quae
1605 302 1761 342 tempestas
1771 305 1959 344 impendeat,
1978 318 2058 339 vates
2073 308 2186 340 melius

1224 348 1367 384 conjiciet
1381 356 1393 379 ¹,
1422 353 1512 386 quam
1535 344 1716 385 gubernatur
1735 355 1741 374 t
1768 354 1818 376 aut
1836 348 1936 378 morbi
1962 360 2097 381 naturam
2116 361 2188 382 acu-

1208 421 1210 432 ,
1227 388 1305 422 tius,
1325 388 1416 429 quim
1427 385 1582 416 medicus:
1599 395 1648 416 aut
1661 386 1731 416 belli
1743 386 2034 422 administrationem
2054 393 2187 433 pruden-

1227 430 1288 460 tius
1300 451 1308 465 ‚
1318 430 1407 471 quam
1420 431 1598 468 imperator,
1613 427 1784 468 conjee‘mra
1794 429 1978 471 assequetur?
1993 434 2040 464 sed
2052 435 2187 466 animad-

1230 475 1304 503 verti
1315 492 1323 506 ‚
1344 473 1458 513 Qinte
1469 490 1478 505 ‚
1488 479 1516 500 te
1526 470 1610 501 caute
1623 469 1656 501 &
1665 469 1701 500 ab
1711 472 1748 501 iis
1759 473 1941 511 conJecturis
1952 493 1961 507 ,
1972 483 2036 514 quae
2047 477 2188 507 haberent

1231 524 1342 548 artem,
1368 522 1453 554 atque
1470 512 1660 553 prudentiam
1674 531 1682 546 ‚
1702 512 1735 543 &
1754 513 1837 544 abiis
1856 515 1962 548 rebus,
1982 526 2047 557 quae
2059 518 2189 549 sensibus

1230 554 1424 587 autartificiis
1436 557 1658 595 perciperentur
1668 574 1678 588 ‚
1697 554 1839 586 abducere
1851 556 2069 588 divinationem
2082 571 2090 593 3
2107 570 2191 591 eam-

1213 613 1214 618 *
1229 608 1286 639 que
1297 600 1338 629 ita
1346 596 1471 628 definire
1482 617 1490 631 ‚
1512 600 1784 627 D1V1NAT10NEM
1797 617 1806 631 ,
1827 597 1875 636 effi
1887 609 1982 627 earum
1995 603 2192 642 rei-umpraedi-

1232 640 1348 670 &ionem
1358 659 1367 674 ‚
1388 639 1422 673 ὠ·
1435 638 1630 680 praesenfionem
1640 657 1648 672 ,
1673 649 1732 680 quae
1741 638 1822 677 efflnt
1829 640 1969 680 fortuita.
1993 643 2128 672 Primum
2139 653 2191 674 eo-

1232 683 1303 712 dem
1314 682 1486 713 revolveris.
1509 690 1581 711 nam
1594 681 1627 711 &
1637 681 1748 711 medici
1760 701 1768 715 ‚
1779 681 1812 712 &
1823 682 2039 723 gubernatoris,
2052 684 2085 715 δε
2095 686 2193 725 impe-

1214 729 1216 746 l
1232 725 1337 755 ratoris
1345 721 1501 764 praesensio
1512 721 1555 753 est
1562 732 1662 753 rerum
1672 722 1874 754 fortuitarum.
1887 726 1973 755 Num
1984 726 2072 766 igitur
2082 735 2130 756 aut
2140 727 2193 757 ha-

1233 767 1352 807 ruspex,
1361 774 1410 796 aut
1421 774 1524 807 augur,
1534 774 1584 794 aut
1593 773 1671 795 vates
1682 766 1762 805 quis,
1773 774 1824 796 aut
1831 766 1985 797 somnians
1996 766 2107 797 melius
2116 777 2193 798 con-

1234 809 1346 848 jecerit,
1358 816 1407 838 aut
1417 807 1433 837 ὲ
1446 806 1556 836 morbo
1565 806 1721 836 evasurum
1730 816 1877 846 aegrotum
1890 828 1897 841 ,
1911 810 1983 838 aute
1994 810 2129 848 periculo
2141 819 2196 840 na-

1234 859 1302 881 vem
1316 870 1324 884 ‚
1343 858 1393 880 aut
1403 858 1443 879 ex
1454 846 1568 878 insidiis
1577 850 1763 882 exercitum;
1785 848 1876 890 quam
1886 850 2030 884 medicus,
2041 860 2129 891 quam
2140 861 2195 893 gu-

1235 892 1383 925 bernator,
1395 900 1485 932 quam
1496 891 1671 930 imperator?
1684 892 1775 930 Atqui
1786 901 1823 920 ne
1834 891 1884 921 illa
1892 892 2018 932 quidem
2030 892 2195 924 divinantis

1236 932 1294 963 effe
1313 933 1430 963 dicebas
1442 942 1448 961 :
1467 940 1576 962 ventos
1596 940 1646 962 aut
1655 931 1778 962 imbreis
1787 933 2006 972 impendenteis
2016 934 2196 975 quibusdam

1235 975 1403 1016 praesentire
1415 972 1512 1014 signis.
1536 975 1568 1002 in
1577 983 1639 1013 quo
1652 972 1750 1003 nostra
1758 974 1893 1013 quaedam
1905 977 2008 1006 Aratea
2019 978 2196 1007 memoriter

1237 1018 1252 1047 a
1264 1026 1291 1047 te
1300 1017 1493 1057 pronuntiata
1502 1015 1578 1048 sunt,
1590 1012 1641 1044 etsi
1652 1016 1714 1044 haec
1724 1015 1785 1054 ipsa
1792 1014 1916 1046 fortuita
1925 1016 2001 1047 sunt.
2017 1018 2193 1059 plerumque,

1237 1061 1322 1088 enim
1333 1078 1341 1092 ,
1354 1057 1515 1097 nonfemper
1524 1056 1664 1085 eveniunt.
1687 1058 1761 1094 Quae
1772 1055 1815 1086 est
1823 1058 1914 1098 igitur
1924 1078 1933 1091 ‚
1945 1067 1994 1089 aut
2006 1059 2058 1089 ubi
2070 1061 2196 1091 versatur

1237 1099 1433 1131 fortuitarum
1455 1106 1555 1127 rerum
1566 1096 1719 1137 praesenfio
1731 1116 1740 1131 ‚
1757 1107 1849 1137 quam
1859 1099 2077 1131 divinationem
2090 1106 2193 1132 vocas?

1238 1152 1303 1182 quae
1325 1143 1409 1171 enim
1427 1139 1590 1180 praesentiri
1613 1148 1664 1169 aut
1677 1147 1736 1169 arte
1746 1158 1756 1172 ‚
1776 1148 1826 1170 aut
1834 1142 1949 1171 ratione
1959 1161 1969 1175 ‚
1988 1151 2038 1173 aut
2047 1143 2101 1173 usu
2113 1163 2121 1176 .
2146 1152 2197 1174 aut

1237 1182 1412 1223 conjeEiura
1427 1179 1549 1221 possunt
1560 1201 1570 1214 ,
1587 1190 1696 1211 canon
1715 1180 1830 1212 divinis
1850 1182 2006 1214 tribuenda
2023 1193 2124 1224 pum,
2146 1185 2196 1216 sed

1238 1226 1353 1266 peritis.
1375 1226 1420 1254 Ita
1430 1224 1611 1264 relinquitur
1621 1242 1629 1256 ‚
1641 1231 1715 1253 urea
1727 1221 1851 1254 fortuita
1859 1224 1990 1255 divinari
1998 1223 2118 1266 possint,
2130 1235 2197 1268 quae

1241 1267 1325 1298 nulla
1337 1276 1392 1297 nec
1402 1273 1462 1296 arte
1473 1285 1483 1299 ,
1505 1275 1562 1295 nec
1572 1265 1715 1305 sapientia
1724 1265 1875 1305 provideri
1886 1265 2008 1306 poss'unt
2020 1278 2026 1296 ε
2038 1276 2071 1298 ut
2081 1287 2090 1301 ³
2101 1266 2198 1309 liquis

1240 1311 1287 1339 M.
1299 1307 1477 1339 Marcellum
1487 1307 1577 1338 illum
1591 1327 1600 1341 ‚
1609 1309 1661 1348 qui
1669 1316 1712 1337 ter
1720 1308 1826 1338 consul
1836 1307 1904 1342 fuir,
1915 1309 2022 1339 multis
2031 1310 2118 1339 annis
2127 1310 2198 1341 ante

1240 1349 1360 1382 dixisset
1370 1348 1525 1391 naufragio
1533 1347 1589 1379 esse
1599 1351 1776 1388 periturum:
1788 1348 1947 1380 divinasset
1954 1349 2102 1391 Ρτοὶεὲὶὸ.
2115 1351 2200 1387 nulla

1241 1395 1325 1424 enim
1336 1401 1396 1424 arte
1404 1392 1462 1422 alia
1470 1391 1513 1426 id,
1525 1401 1581 1422 nec
1589 1391 1730 1431 sapientia
1740 1391 1811 1422 scire
1819 1390 1969 1431 potuiffet.
1992 1393 2116 1424 Talium
2126 1402 2198 1435 crgo

1240 1444 1340 1466 rerurn
1350 1454 1358 1470 ,
1379 1443 1438 1476 qua
1448 1434 1478 1463 in
1491 1433 1614 1473 fortuna
1619 1432 1708 1474 posita
1718 1433 1798 1473 fimr,
1807 1433 1939 1475 praefinsto
1953 1454 1962 1468 ‚
1985 1433 2133 1465 divinatio
2142 1433 2196 1466 est.

1242 1477 1380 1509 Potestne
1400 1477 1492 1517 igitur
1513 1484 1616 1505 earum
1635 1484 1736 1505 rerum
1746 1494 1755 1508 ‚
1776 1485 1843 1516 quae
1856 1476 1935 1505 nihil
1945 1475 2054 1506 habent
2063 1478 2196 1512 rationis,
2213 1477 2237 1511 6

1241 1529 1329 1561 quare
1338 1518 1446 1549 futurae
1455 1515 1511 1547 sint
1524 1536 1532 1551 ‚
1543 1517 1604 1546 ulla
1614 1514 1671 1545 effe
1682 1515 1839 1556 praesenfio
1854 1519 1865 1546 ?
1883 1517 1956 1558 quid
1968 1516 2009 1548 est
2017 1521 2102 1548 enim
2114 1519 2198 1549 aliud

1240 1565 1302 1591 fors
1318 1580 1328 1594 ,
1349 1559 1422 1600 quid
1438 1558 1576 1591 fortuna,
1596 1557 1669 1598 quid
1688 1558 1772 1588 casus
1785 1577 1794 1591 ‚
1809 1558 1886 1619 guid
1897 1566 2039 1593 eventus,
2059 1558 2114 1590 nisi
2124 1559 2198 1591 cum

1245 1602 1282 1632 fic
1294 1601 1407 1643 aliquid
1416 1599 1524 1632 cecidit
1538 1619 1547 1634 ‚
1566 1597 1604 1630 fic
1614 1600 1733 1633 evenit,
1755 1608 1787 1630 ut
1836 1600 1883 1630 vel
1893 1609 1957 1630 non
1967 1601 2069 1631 cadere
2080 1621 2090 1635 ‚
2109 1610 2197 1642 atque

1246 1646 1385 1676 evenire,
1406 1642 1455 1673 vel
1472 1642 1559 1672 aliter
1567 1640 1669 1671 cadere
1684 1660 1692 1674 2
1710 1650 1797 1681 atque
1807 1643 1945 1676 evenire,
1966 1645 2118 1682 potuerit?
2136 1650 2198 1684 quo

1245 1686 1340 1715 modo
1350 1694 1420 1726 ergo
1429 1683 1460 1713 id
1472 1703 1480 1717 ‚
1499 1682 1581 1723 quod
1592 1691 1703 1712 temere
1716 1680 1749 1712 fit
1760 1693 1822 1711 ατο
1833 1683 1900 1713 casu
1912 1703 1921 1716 ‚
1942 1684 1974 1714 &
1983 1689 1997 1712 7
2009 1684 2200 1715 volubilitate

1243 1727 1372 1757 fortuna:
1382 1746 1390 1759 ‚
1400 1724 1574 1765 praesentiri,
1587 1723 1620 1754 &
1629 1723 1750 1763 praedici
1758 1724 1878 1764 potest?
1902 1725 2040 1756 Medicus
2054 1726 2199 1757 morbum

1244 1767 1495 1810 ingravescentem
1506 1766 1620 1796 ratione
1629 1765 1769 1805 providet
1779 1785 1788 1799 ,
1799 1764 1919 1796 infidias
1927 1768 2089 1807 imperator
2098 1787 2107 1802 ‚
2120 1777 2200 1798 tem-

1244 1810 1367 1851 pestates
1385 1808 1577 1850 gubernator.
1601 1806 1634 1837 δε
1649 1815 1750 1838 tamen
1771 1808 1804 1837 hi
1821 1805 1875 1848 ipsi
1888 1809 1955 1849 [ἕψε
1960 1809 2106 1850 falluntur
2119 1829 2128 1844 ,
2147 1810 2201 1851 qui

1242 1852 1320 1883 nihil
1339 1849 1400 1880 fine
1415 1859 1493 1890 certa
1511 1850 1628 1880 ratione
1639 1851 1812 1889 opinantur.
1833 1859 1866 1879 ut
1874 1851 1999 1891 agricola
2008 1849 2079 1882 cum
2091 1850 2200 1883 florem

1244 1894 1319 1924 oleae
1336 1892 1423 1923 videt
1432 1895 1447 1926 3·
1461 1890 1564 1922 ineam
1580 1901 1700 1932 quoque
1709 1891 1738 1922 se
1746 1891 1881 1922 visurum
1892 1901 1990 1932 putat:
2009 1902 2074 1924 non
2086 1892 2146 1924 fine
2155 1903 2201 1924 ra-

1244 1937 1328 1967 tione
1339 1935 1392 1965 ille
1403 1933 1529 1975 quidem
1540 1944 1547 1963 ι
1560 1933 1608 1964 sed
1619 1943 1853 1974 nonnumquam
1863 1943 1964 1965 tamen
1973 1933 2095 1965 fallitur.
2108 1934 2202 1975 Qiod
2251 1963 2256 1965 ,

1246 1977 1266 2008 fi
1283 1976 1428 2008 falluntur
1447 1978 1488 2010 ii,
1511 1977 1564 2016 qui
1580 1975 1659 2005 nihil
1670 1973 1730 2005 fine
1741 1975 1838 2016 aliqua
1848 1975 1987 2017 probabili
2001 1975 2201 2016 conjecturam

1245 2021 1360 2051 ratione
1376 2018 1499 2049 dicunt:
1522 2017 1595 2058 quid
1615 2016 1853 2047 existimandum
1866 2017 1909 2048 est
1917 2018 1954 2049 de
1963 2019 2136 2059 conjedffira
2149 2029 2204 2050 eo-

1244 2071 1313 2092 rum
1323 2080 1332 2095 ,
1354 2062 1407 2102 qui
1417 2061 1494 2090 extis
1505 2079 1513 2093 ‚
1523 2068 1572 2089 aut
1583 2059 1689 2089 avibus
1699 2079 1708 2093 ,
1724 2067 1773 2090 aut
1783 2058 1923 2094 ostentis,
1932 2069 1982 2091 aut
1992 2061 2120 2091 oraculis
2129 2081 2138 2095 ,
2152 2069 2204 2092 aut

1245 2104 1374 2135 somniis
1391 2101 1491 2132 futura
1508 2101 1702 2141 praesentiunt
1719 2103 1729 2130 ?
1752 2101 1902 2132 Nondum
1922 2102 1991 2133 dico
2001 2122 2009 2137 ,
2029 2102 2121 2144 quam
2140 2103 2205 2134 haec

1245 2145 1324 2187 signa
1335 2145 1416 2175 nulla
1425 2142 1491 2178 fint,
1504 2141 1604 2173 fiss'um
1611 2144 1732 2183 jecoris,
1743 2146 1826 2175 corvi
1834 2152 1949 2178 cantus,
1961 2144 2076 2175 volatus
2085 2145 2204 2186 aquil-2,

1248 2187 1339 2218 stellae
1349 2184 1485 2226 trajefitio
1494 2205 1504 2219 ,
1524 2194 1612 2216 voces
1623 2184 1788 2215 furentium
1799 2205 1809 2220 2
1822 2185 1912 2217 sortes
1926 2205 1936 2220 ,
1947 2187 2080 2217 somnia:
2091 2186 2127 2217 de
2135 2187 2204 2227 qui-

1247 2230 1302 2260 bus
1313 2227 1437 2270 fingulis
1445 2227 1542 2269 dicam
1557 2227 1611 2257 suo
1619 2227 1691 2258 loco
1702 2238 1707 2257 2
1720 2237 1801 2258 nunc
1810 2227 1848 2258 de
1857 2227 2014 2258 univerfis.
2034 2226 2100 2272 Q2
2108 2226 2203 2268 potest

1243 2270 1388 2313 provideri
1399 2289 1408 2304 ,
1432 2264 1598 2312 quidquam
1614 2268 1753 2299 futurum
1771 2268 1828 2299 efl'e
1839 2289 1848 2303 ‚
1868 2270 1951 2311 quod
1969 2280 2068 2311 neque
2086 2269 2204 2300 causam

1248 2313 1335 2344 habet
1344 2312 1451 2346 ullam,
1461 2321 1561 2352 neque
1574 2320 1689 2345 notam,
1700 2321 1754 2341 cur
1763 2310 1899 2342 futurum
1911 2310 1944 2342 sit
1959 2312 2046 2342 ?solis
2055 2309 2206 2342 defectio-

1247 2357 1452 2395 nes,itemque
1466 2353 1764 2393 lunae,praedicuntur
1773 2354 1806 2382 in
1817 2354 1928 2384 multos
1937 2362 2033 2383 annos
2043 2352 2138 2387 abiis,
2151 2352 2205 2394 qui

1252 2392 1267 2416 8
1277 2394 1406 2426 siderum
1417 2395 1517 2426 cursus
1528 2395 1560 2424 ὃς
1570 2403 1672 2425 motus
1682 2395 1818 2424 numeris
1825 2395 2052 2435 persequuntur.
2076 2403 2109 2424 ea
2118 2403 2206 2426 emm

1249 2437 1429 2478 praedicunt,
1451 2446 1517 2477 quae
1537 2442 1642 2464 natura
1651 2434 1788 2474 neceffitas
1798 2435 1963 2475 perfe6iura
1972 2435 2027 2466 est.
2046 2435 2160 2466 Vident
2171 2445 2206 2465 ex

1249 2478 1459 2519 constantiffimo
1474 2484 1555 2507 motu
1572 2477 1657 2511 luna,
1677 2477 1798 2519 quando
1816 2477 1868 2508 illa
1886 2478 1902 2508 ὲ
1918 2480 2041 2519 regione
2051 2478 2123 2509 solis
2131 2477 2209 2509 fasta

1250 2522 1381 2551 incurrat
1399 2522 1433 2550 in
1451 2519 1590 2550 umbram
1610 2528 1693 2549 terrae
1704 2539 1712 2552 ,
1735 2528 1801 2560 quae
1811 2518 1854 2549 est
1865 2528 1944 2550 meta
1954 2519 2054 2550 noa-is
2070 2539 2079 2554 ‚
2099 2528 2207 2550 utearn

1250 2562 1399 2595 obscurari
1408 2560 1524 2593 necefi'e
1535 2559 1584 2592 sit:
1595 2561 1775 2603 quandoque
1785 2561 1889 2592 eadem
1899 2561 1971 2593 luna
1979 2560 2109 2603 subjeSta
2119 2570 2208 2602 atque

2111 2611 2209 2643 orro-

297 2716 321 2734 ι,
341 2710 428 2733 Eadem
437 2712 461 2734 in
472 2711 555 2735 litteris
565 2710 626 2734 ratio
635 2712 668 2735 ef!
679 2728 687 2740 ‚
707 2709 844 2744 reliquisque
854 2709 923 2734 rebm-
939 2715 1043 2748 qua-rum
1053 2707 1088 2732 eft*
1105 2706 1211 2740 disprli-
1233 2716 1235 2730 i
1249 2705 1368 2739 vulgaris.
1389 2704 1470 2731 lectio
1480 2705 1628 2732 communis
1639 2716 1645 2732 :
1668 2707 1715 2732 Eft'
1723 2703 1814 2739 quidem
1824 2705 1867 2730 Gr.
1877 2705 1945 2738 νυκζς.
1955 2705 2007 2736 ὡς,

261 2744 319 2777 na]
342 2743 476 2770 Manifcste
496 2745 537 2770 liic
555 2745 652 2771 littcrae
670 2752 806 2780 ponuntur
825 2753 873 2781 pro
893 2752 1019 2770 numeris.
1043 2742 1086 2768 Sic
1097 2743 1210 2768 Terent.

1290 2750 1316 2775 5.
1336 2744 1417 2767 Vatem
1434 2742 1496 2766 hunc
1509 2743 1631 2774 perhibebo
1651 2741 1793 2774 optimum]
1823 2740 1868 2768 Est
1890 2742 1906 2766 a
1926 2736 2086 2766 Vicini-iahia
2104 2755 2112 2768 ‚
2141 2735 2207 2762 item

265 2779 406 2819 Eunucho:
431 2784 476 2819 Fat-
485 2783 612 2813 periculum
632 2784 657 2806 in
672 2783 745 2806 lieris
757 2800 764 2811 ‚
779 2782 822 2814 fac
833 2784 858 2806 in
867 2781 974 2814 palastra
985 2780 1054 2811 ,ξφα
1075 2779 1124 2804 Per
1136 2777 1212 2804 litte-
1232 2794 1234 2826 3
1251 2778 1278 2803 S.
1290 2776 1364 2803 Via.
1384 2777 1456 2804 Pitli.
1467 2776 1640 2804 Pall.tribus.
1659 2786 1718 2804 nain
1730 2775 1836 2803 iL-cund.
1853 2777 1965 2810 perhibeo.
1985 2773 2092 2808 vulgata
2103 2791 2111 2804 ,
2126 2773 2210 2805 perhi-

263 2822 304 2839 ras
322 2818 430 2840 omnino
450 2817 570 2851 intellige
591 2821 722 2844 elementa
739 2815 884 2844 matheseos
898 2835 906 2848 ‚
934 2824 992 2851 qua:
1011 2818 1099 2847 ςσιχιῖκ
1118 2821 1213 2841 vocant
1251 2814 1399 2846 b2¹⁰·⁰P¹¹‘m·

264 2850 359 2875 Graeci.
382 2852 409 2883 Is.
424 2854 514 2884 lbffiur.

1287 2849 1315 2876 6.
1334 2852 1377 2876 Vel
1382 2859 1427 2876 non
1437 2849 1520 2875 eadm
1528 2855 1599 2884 atquc
1607 2849 1726 2884 evenire]
1748 2848 1816 2875 Pall.
1828 2847 1951 2874 meliores
1963 2862 1972 2876 ,
1991 2843 2041 2870 hoc
2050 2844 2086 2870 cst
2101 2863 2108 2876 ‚
2128 2852 2168 2879 pr.
2179 2843 2209 2869 Sc

299 2893 326 2910 2.
345 2887 451 2916 §gumerio
461 2888 679 2921 mmmmm-ntem]
701 2889 744 2915 Sic
757 2888 840 2915 editio
850 2887 965 2915 vietor-ii
985 2886 1096 2913 &Pstis
1116 2885 1213 2913 &vah
1250 2885 1301 2913 sec.
1321 2885 1386 2912 nihil
1407 2885 1501 2912 horum
1521 2885 1616 2912 habent
1631 2905 1638 2918 ,
1659 2894 1742 2920 neque
1757 2882 1902 2919 agnoscunt
1921 2879 2078 2907 membranae
2098 2880 2210 2907 Pitlioei.

264 2918 313 2946 sec.
325 2929 382 2946 nam
396 2930 434 2955 pt.
447 2931 487 2945 aur
496 2927 658 2949 enuntiantem.
678 2932 742 2951 tert.
755 2931 832 2950 autem
841 2934 886 2950 mm
895 2926 1050 2950 mentientem.
1070 2930 1160 2959 quart.
1170 2928 1215 2948 aut

264 2965 308 2982 nim
319 2963 388 2981 mem.
403 2965 410 2977 x
420 2957 511 2990 'ilgatl‚
521 2960 622 2990 quomodo
637 2967 713 2985 antem
723 2968 793 2986 ment.

302 3001 332 3052 ξ..
349 2994 387 3016 Ex
399 2994 506 3032 ⁴Etimjiei
526 2995 690 3029 artelli-niun]
714 2995 792 3022 Haud
810 2996 890 3022 :iliter
907 2995 975 3022 I‘all.
986 3001 1100 3031 quatuor
1112 3013 1121 3028 ,
1140 2993 1213 3021 Pitli.

265 3027 294 3053 S,
318 3026 431 3058 astons,
441 3026 576 3061 editioquc
588 3029 699 3057 Vifftorii
711 3042 716 3057 ;
729 3032 797 3063 aliae,
808 3033 966 3065 accersuntur.

300 3071 327 3095 4.
342 3063 597 3103 ,557‘1'3¹14‘¹'⁷'G’'¹.‘’“
610 3067 717 3098 vulgaris
734 3070 759 3092 in
777 3069 836 3092 lmnc
848 3067 1016 3102 sententiam]
1038 3067 1081 3093 Sic
1091 3066 1215 3093 meliores

264 3099 377 3125 Palatini
389 3099 524 3133 editioqiie
536 3097 659 3126 vietor‘ii.
680 3110 738 3127 nam
750 3109 814 3128 tert.
824 3104 850 3128 &
862 3110 950 3138 quart.
970 3113 1022 3130 uon
1033 3102 1129 3129 liabent
1147 3101 1214 3129 illud

1252 2921 1376 2959 equidem
1389 2922 1430 2948 vel
1444 2930 1473 2947 ea
1485 2929 1593 2958 propter
1602 2920 1719 2957 sui'pefihi
1731 2919 1795 2946 milii
1806 2918 1875 2944 sunt.

1289 2966 1317 2993 7.
1337 2957 1614 2992 Volubilitatefhrrunae]
1629 2957 1710 2982 Liber
1720 2957 1748 2980 S.
1759 2953 1874 2980 ViStoi-is
1885 2954 2018 2979 nobilitate.
2039 2951 2110 2988 quod
2123 2957 2212 2978 mutat

1254 2995 1280 3021 in
1291 2995 1417 3020 mobilitate
1427 2993 1600 3020 Gulielmius.
1620 2991 1663 3018 scd
1674 2990 1764 3018 malim
1781 2989 1896 3017 alterum
1908 3008 1917 3022 ‚
1935 2988 2072 3016 firmatum
2088 2987 2211 3015 omnibus

1264 3032 1273 3046 ,
1331 3031 1336 3035 .
1360 3030 1366 3035 .

1254 3032 1265 3057 l
1276 3031 1444 3093 algaltiglizmm
1452 3063 1572 3098 cursus&
1581 3063 1681 3097 motum]
1703 3063 1743 3088 lta
1754 3060 1838 3088 solum
1847 3061 2015 3088 Pithoeaiius.
2035 3061 2098 3097 quip
2117 3069 2131 3086 e
2141 3058 2210 3086 Pan.

1253 3109 1368 3138 quatuor
1380 3121 1388 3133 ,
1398 3100 1482 3127 codex
1493 3101 1520 3127 S.
1531 3098 1648 3128 Victoris
1660 3117 1669 3133 ‚
1688 3098 1825 3136 editioquc
1835 3097 1949 3128 Viam-ii
1958 3107 2013 3127 nou
2023 3105 2091 3134 agno
2103 3102 2167 3123 cunt
2176 3095 2212 3122 il-

263 3137 356 3163 Gratus
368 3154 376 3167 ,
388 3135 509 3170 abestque·
520 3134 606 3162 codici
617 3136 644 3163 S.
657 3136 784 3164 Vistoris.
803 3144 830 3166 at
841 3138 994 3168 i'ithoeaiius
1004 3138 1155 3168 destituitur
1165 3137 1216 3167 illo
1254 3137 1301 3166 lud
1311 3138 1404 3172 rursm,
1414 3136 1465 3169 &t-

1126 3231 1143 3262 ὁ

2129 3166 2212 3202 ιξὶἐὶ
