2360 3400
521 121 551 151 n
581 119 609 151 E
678 105 728 152 ii
757 123 787 153 A
812 119 844 151 T
869 121 903 152 o
930 121 963 152 n
990 121 1020 152 A
1090 104 1133 150 1)
1160 120 1188 152 E
1217 102 1424 154 ortirsi
1496 108 1578 154 121
1604 122 1647 154 a.
1697 109 1731 154 L

1993 124 2108 174 1113

152 194 204 237 sed
216 200 322 236 genere
333 197 396 222 toto
405 187 628 230 disjungerent:
645 188 678 219 &
686 190 896 230 Peripateticos
907 201 916 224 3
926 190 979 231 qni
989 187 1113 219 honesta
1156 199 1267 221 omnes
1278 200 1389 223 naturae
1398 191 1521 222 numini
1531 190 1639 222 divino
1650 211 1659 226 ,
1672 191 1779 222 caelum
1791 210 1800 226 ‚
1821 191 1905 232 ignes
1916 211 1924 226 ,
1935 198 2018 223 πεπτω
2027 211 2037 226 ,
2049 201 2116 222 ma*-

148 236 381 269 commiscerent
393 241 465 262 cum
474 231 660 264 commodis,
673 239 705 261 ut
715 241 748 262 ea
760 233 838 262 inter
849 233 877 262 se
888 230 1110 273 magnitudine,

149 278 199 309 δῖ’
209 275 273 307 ''uafi
281 274 432 319 gi'adibuS‚
441 283 509 304 ›rion
516 271 800 315 generedifferrent.
822 275 887 304 haec
896 276 982 304 enim
992 271 1035 302 est
1046 281 1109 302 non

147 321 202 353 ver
223 318 312 348 orum
329 318 418 357 ‘parva
432 335 440 349 ,
463 315 510 346 sed
531 322 638 345 rerum'
651 318 808 354 permacn'a
821 314 970 345 dissensio.
992 316 1107 344 Verum

94 357 102 363 ⁸
146 358 212 391 haec
221 357 405 390 aliasmunc
415 357 497 399 quod
507 358 663 397 cepimus,
684 340 841 387 fividetur.
866 353 1110 388 Mihive1·‹*>‚in-

146 402 333 443 quit'Cotta,
354 399 482 430 videtur.
504 399 560 430 Sed
582 407 616 428 ut
632 399 700 431 hice,
719 400 773 438 qui
791 399 972 431 intervenit,
995 407 1046 427 me
1059 398 1110 427 in-

145 451 255 476 tuens,
275 452 313 472 ne
333 443 467 483 ignoret,
489 451 556 482 quae
577 446 624 470 r'es
638 448 760 480 agatur,
784 440 822 470 de
831 447 935 470 natura
946 439 1108 481 agebamus

146 485 268 515 deorum.
290 493 358 526 quae
373 482 443 514 cum
468 484 545 513 mihi
569 481 720 512 videretur
738 481 932 521 perobscura,
951 490 984 512 ut
994 481 1126 521 (emper,

143 527 243 558 videri
263 526 336 557 solet
361 537 369 561 ·,
397 526 517 565 Epicuri
539 534 578 554 ex
598 523 719 553 Velleio
736 523 900 554 sciscitabar
917 523 1107 554 sententiam-

143 568 343 610 quamobrem
355 588 364 602 ,
384 566 642 608 inquit„Vellei,
668 563 724 594 nifi
744 564 908 596 molestum
929 564 991 599 est,
1010 573 1108 605 repete

144 621 213 652 quae
223 620 355 650 ceperas.
379 611 525 649 Repetam
546 606 629 638 vero.
651 616 835 648 quamquam
858 617 922 638 non
933 607 1012 637 mihi
1024 627 1033 641 ‚
1057 605 1106 637 sed

146 652 203 684 tibi
223 654 272 683 hic
288 653 373 682 venit
390 652 516 690 adjutor.
541 649 633 680 ambo
652 650 736 679 enim
749 669 758 682 ,
781 651 881 690 inquit
893 649 1026 679 arridens
1037 668 1046 683 ‚
1070 648 1107 678 ab

145 694 255 725 eodem
266 694 394 724 Philone
413 692 559 732 nihilscire
568 689 727 721 didicistis.
750 693 834 721 Turn
846 701 902 731 ego
912 711 920 725 ‚
943 691 1016 732 quid
1028 690 1106 720 didi-

144 739 276 768 cerimus
289 755 297 770 ,
317 738 405 766 Cotta
423 734 550 764 viderit:
574 742 605 762 tu
631 740 732 762 autem
744 733 819 762 nolo
829 732 986 763 existimes
996 742 1044 762 me
1055 731 1106 760 ad-

138 781 265 820 jutorem
276 779 346 807 liuic
356 774 470 807 venisse
479 795 488 809 ,
513 774 562 805 sed
570 774 726 803 auditorem
737 794 746 808 ,
770 778 780 793 ¹
793 774 826 804 δε
835 774 960 815 quidem
973 783 1104 815 aequum,

144 821 243 852 libero
260 819 397 860 judicio,
418 817 501 847 nulla
516 814 851 850 eiusmodiadstri&um
867 814 1053 849 necessitate,
1072 823 1106 844 ut

146 864 244 896 mihi,
264 861 371 893 velim,
391 859 493 890 nolim,
516 856 551 886 sit
567 865 646 886 certa
663 856 798 895 quaedam
819 857 928 887 tuenda
949 858 1103 887 sententia.

109 906 128 939 3
145 908 231 935 Tum
241 902 375 933 Velleius
384 920 393 933 ,
417 898 543 928 fidenter
556 897 623 927 sane
636 916 644 930 ,
661 905 695 926 ut
705 897 858 928 solentisti
871 918 879 932 ,
891 899 969 928 nihil
981 908 1040 929 tam
1050 908 1103 928 ve-

142 955 227 978 rens,
252 942 340 984 quai-n
364 951 403 971 ne
421 939 557 970 dubitare
577 938 674 979 aliqua
683 937 718 968 de
728 949 760 969 re
770 939 922 970 videretur
937 951 943 969 2
960 949 1103 981 tanquam

141 986 239 1017 modo
260 993 297 1015 ex
314 983 442 1013 deorum
458 980 592 1012 concilio
604 1000 613 1014 ‚
638 979 740 1010 2&ex
754 983 875 1021 Epicuri
885 981 1104 1012 intermundiis

140 1024 354 1059 descendisset:
374 1024 493 1057 audite,
516 1023 631 1063 inquit,
652 1031 717 1052 non
731 1021 844 1053 futileis
860 1023 1104 1054 commentitias-

163 1080 200 1101 ue
214 1069 382 1099 sententias
405 1086 414 1101 ,
441 1075 505 1095 non
528 1063 670 1104 opificem
697 1063 971 1106 aedificatoremque
990 1065 1102 1096 mundi

139 1112 274 1144 Platonis
284 1109 320 1140 de
331 1111 452 1139 Timaeo
462 1107 554 1137 deum
571 1117 577 1135 :
599 1115 654 1136 nec
663 1115 754 1137 anum
764 1106 917 1138 fatidicam
927 1108 1100 1138 Stoicorum

136 1155 247 1189 πρόνοιαν
257 1172 266 1187 ,
283 1161 374 1192 quarn
386 1149 493 1180 Latine
505 1149 576 1178 licet
588 1148 798 1189 providentiam
807 1148 921 1179 dicere:
941 1159 1039 1190 neque
1050 1159 1102 1180 ve—

140 1194 179 1226 xo
190 1193 340 1225 mundum
352 1192 450 1232 ipsum
463 1211 471 1224 ‚
495 1192 601 1220 animo
611 1190 645 1219 δε
655 1188 784 1220 sensibus
793 1190 951 1230 praeditum
961 1211 970 1225 ,
995 1200 1102 1221 rotun-

139 1236 216 1268 dum
228 1255 237 1270 ,
249 1235 404 1266 ardentem
415 1253 423 1267 ,
438 1232 608 1263 volubilem
619 1231 713 1262 deum
723 1252 733 1266 ,
746 1241 882 1272 portenta
892 1253 902 1266 ,
915 1233 947 1263 &
957 1233 1102 1263 miracula

138 1287 206 1309 non
217 1276 424 1308 differentium
434 1274 685 1315 philosophorum
698 1294 707 1308 ,
720 1274 769 1304 sed
780 1275 1012 1305 somniantium.
1024 1277 1102 1316 Qi-

138 1320 196 1351 btis
207 1321 291 1350 enim
311 1318 406 1349 oculis
417 1318 514 1347 animi
524 1317 634 1346 intueri
649 1318 748 1356 potuit
758 1315 853 1346 vester
861 1317 946 1347 Plato
956 1316 1099 1347 fabricam

140 1362 229 1393 illam
249 1361 323 1391 tanti
342 1361 462 1399 operis,
483 1356 691 1398 qua-construi
710 1358 725 1388 a
745 1358 822 1391 deo,
849 1367 938 1399 atque
960 1357 1102 1389 aedificari

141 1402 298 1433 mundum
306 1401 375 1432 facit
384 1404 399 1430 ξ
413 1409 477 1440 quae
488 1399 611 1428 molitio
623 1402 707 1439 ?quae
716 1398 916 1430 ferramenta?
926 1402 978 1441 qui
988 1399 1100 1434 vectes,

138 1454 206 1486 quae
221 1444 369 1475 machinae
379 1443 389 1469 ?
399 1439 675 1481 quirnin‘istritanti
685 1441 821 1470 muneris
829 1440 972 1472 fuerunt?
991 1451 1101 1482 quem-

140 1484 309 1517 admodum
330 1491 431 1514 autem
448 1481 589 1514 obedire,
609 1481 644 1511 δε
664 1480 764 1521 parere
783 1481 933 1512 voluntati
950 1482 1102 1512 architeffl

138 1528 207 1560 a'e'r,
227 1526 328 1566 ignis,
347 1533 442 1565 aqua,
466 1532 539 1553 terra
554 1525 742 1561 potuerunt?
757 1522 846 1552 Vnde
864 1522 939 1553 vero
954 1533 1029 1554 orta:
1042 1525 1102 1554 illae

140 1570 279 1610 quinque
286 1565 396 1597 formae
409 1574 463 1595 :ex
472 1564 583 1605 quibus
595 1565 709 1605 reliqua
717 1563 888 1595 formantur
896 1584 905 1598 ‚
917 1565 983 1604 apte
993 1565 1103 1595 caden-

138 1618 184 1640 tes
200 1610 236 1640 ad
253 1610 396 1640 animum
419 1605 615 1637 efficiendum
634 1606 855 1647 pariendosque
865 1607 988 1637 sensus?
1009 1610 1021 1634 3
1033 1607 1102 1637 lon—

134 1649 265 1693 gum-est
273 1651 389 1681 omnia.
411 1648 556 1690 quaetalia
565 1647 634 1678 sunt
644 1667 654 1682 ,
670 1657 704 1678 ut
713 1657 808 1688 optata
819 1650 914 1689 magis
926 1669 935 1682 ,
949 1648 1040 1689 qusim
1052 1650 1101 1679 in-

131 1699 224 1724 ‘venta
233 1693 403 1724 videantur.
426 1690 482 1721 Sed
492 1689 543 1720 illa
553 1690 693 1730 palmaris
702 1689 825 1730 quidem
837 1710 846 1724 ,
857 1689 941 1731 quod
951 1710 960 1723 ,
972 1692 1025 1731 qui
1036 1700 1101 1721 non

131 1735 231 1766 modo
241 1744 346 1765 natum
359 1732 511 1763 mundum
521 1731 735 1765 introduxerit,
748 1731 796 1761 sed
805 1734 895 1762 etiam
909 1741 1002 1762 manu
1012 1731 1099 1772 paene

132 1776 249 1808 faetum
261 1795 270 1810 ,
304 1777 330 1806 is
348 1784 419 1805 eum
437 1773 547 1804 dixerit
566 1771 630 1803 fore
641 1773 853 1814 sempiternum.
886 1775 979 1803 Hunc
996 1774 1099 1804 censes

130 1820 242 1860 'primis
251 1837 261 1853 ,
271 1827 306 1848 ut
315 1817 424 1849 dicitur
434 1835 442 1850 ‚
461 1815 549 1853 labris
557 1813 680 1855 gustass'e
691 1814 907 1854 phyiiologiam
918 1834 926 1847 2
947 1816 1000 1855 qui
1011 1815 1100 1855 quid-

131 1870 223 1902 quam
234 1880 243 1895 ,
263 1859 345 1901 quod
354 1867 456 1889 ortum
465 1855 500 1887 fit
510 1876 520 1890 ,
538 1865 778 1896 putetaeternum
791 1855 848 1886 effe
857 1855 962 1896 posse?
982 1866 1049 1897 quae
1057 1856 1100 1887 est

128 1905 215 1933 enim
226 1902 448 1943 coagmentatio
456 1908 520 1928 non
529 1896 775 1928 diffolubilis?aut
784 1898 855 1938 quid
866 1897 1006 1935 est,qu'us
1016 1901 1101 1937 prin-

127 1945 245 1984 cipium
257 1942 381 1984 aliquod
388 1940 515 1975 smnihil
525 1938 560 1970 fit
568 1941 885 1971 extremum?1³ronoea
893 1942 965 1970 vero
974 1937 996 1969 fi
1008 1939 1101 1971 vestra

127 1986 174 2017 est
185 2005 194 2020 ‚
208 1985 330 2019 Lucili,
349 1982 453 2014 eadem
467 1985 606 2022 3requiro
616 2001 625 2016 ,
635 1991 701 2022 qua:
711 1981 812 2021 paullo
822 1982 890 2012 ante
902 2002 911 2016 ,
924 1981 1094 2016 ministros,

127 2028 284 2059 machinas
295 2046 304 2060 ‚
319 2035 447 2056 omnem
463 2025 554 2054 totius
563 2025 662 2063 operis
672 2021 909 2064 designationem
923 2043 932 2058 ,
944 2032 1031 2064 atque
1041 2034 1094 2064 ap-

84 2086 93 2089 »
126 2078 262 2111 paratum
272 2079 278 2098 z
289 2068 333 2098 sin
343 2069 400 2098 alia
408 2065 451 2097 est
461 2086 469 2100 ,
487 2076 540 2096 cur
549 2066 712 2097 mortalem
723 2065 827 2096 fecerit
837 2065 990 2096 mundum
1004 2086 1013 2099 ,
1026 2076 1092 2097 non

88 2117 112 2152 9
129 2110 388 2154 'quemadmodum
400 2107 571 2140 Platonicus
580 2107 654 2138 deus
666 2127 675 2142 ‚
696 2107 927 2148 sempiternum.
950 2108 998 2138 Ab
1008 2116 1092 2138 utro-

126 2163 188 2195 que
198 2162 299 2184 autem
311 2152 442 2183 sciscitor
451 2170 460 2184 ‚
480 2159 533 2180 cur
542 2149 651 2180 mundi
660 2147 853 2180 aedificatores
864 2159 985 2190 repente
999 2149 1091 2180 exsti-

127 2197 220 2226 terint
235 2207 244 2229 ς
266 2192 499 2225 innumerabilia
516 2192 584 2221 ante
602 2191 696 2221 secula
706 2191 897 2222 dormierint.
920 2194 996 2222 Non
1006 2194 1090 2222 enim

119 2237 150 2279 fi
157 2236 275 2267 mundus
299 2236 390 2266 nullus
403 2241 463 2263 erat
474 2252 482 2266 ‚
497 2232 599 2273 fiecula
609 2243 660 2262 non
673 2240 765 2262 erant.
787 2234 900 2264 Saecula
912 2243 995 2264 nunc
1005 2233 1086 2267 dico,

124 2287 190 2310 non
201 2289 254 2313 ea,
272 2288 338 2320 quae
357 2277 476 2307 dierum
489 2295 498 2309 ,
516 2273 715 2315 nofflumque
733 2284 863 2305 numero
881 2277 988 2305 annuis
997 2274 1088 2305 cursi-

122 2321 182 2352 bus
191 2319 405 2351 conficiuntur.
429 2326 500 2347 narn
518 2315 614 2346 fateor
631 2325 664 2345 ea
683 2315 745 2346 fine
766 2316 875 2347 mundi
890 2315 1086 2348 conversione

121 2361 204 2393 effici
214 2372 276 2392 non
291 2358 440 2401 potuisse:
459 2358 508 2389 sed
527 2357 587 2388 fuit
599 2358 735 2398 quaedam
756 2358 792 2388 ab
815 2357 938 2389 infinito
950 2367 1085 2399 tempore

122 2405 270 2434 aetemitas
282 2423 291 2436 ,
308 2411 399 2443 quam
410 2400 494 2431 nulla
503 2409 677 2440 temporum
688 2401 929 2440 circumscriptio
939 2401 1084 2431 metieba-

122 2453 172 2475 tur
181 2465 189 2479 ,
202 2445 295 2484 spatio
305 2453 405 2474 tamen
418 2446 452 2476 ,4
460 2442 558 2483 qualis
564 2451 598 2472 ea
605 2441 696 2472 fuerit
705 2462 714 2476 ,
733 2443 862 2485 intelligi
873 2442 969 2482 potest
981 2453 986 2471 :
999 2442 1082 2483 quod

120 2496 160 2518 ne
172 2489 203 2517 in
215 2487 430 2526 cogitationem
444 2484 567 2524 quidem
576 2483 654 2514 cadit
664 2504 673 2517 ,
693 2483 939 2525 utfuerittempus
948 2484 1078 2526 aliquod,

122 2530 233 2559 nullum
252 2526 316 2557 ci‘cm
335 2533 441 2568 tempus
460 2525 530 2563 fft.
552 2524 614 2556 Isto
633 2527 722 2567 igitur
739 2535 799 2556 tam
818 2527 971 2557 immenso
985 2528 1079 2567 spatio

119 2580 225 2611 quatro
236 2589 244 2602 ‚
264 2569 352 2599 Balbe
363 2587 372 2601 ,
392 2577 445 2597 cur
454 2570 580 2598 Pronoea
596 2568 690 2610 vestra
702 2566 864 2598 cessaverit.
888 2567 1077 2599 Laboremne

118 2611 273 2656 fugiebat?
291 2614 330 2641 At
348 2609 403 2640 iste
419 2619 476 2640 nec
486 2609 605 2651 attingit
615 2609 707 2640 deum
718 2628 728 2644 ,
749 2619 804 2640 nec
813 2618 873 2640 erat
882 2609 961 2640 ullus
972 2629 982 2644 ,
1003 2608 1075 2642 cum

158 2734 169 2752 ι
177 2745 183 2751 .
202 2727 236 2752 Et
251 2725 344 2760 qui'dem
356 2734 445 2760 aequum
457 2744 465 2758 ‚
482 2726 553 2750 libero
571 2724 661 2758 judicio
672 2743 680 2756 ‚
698 2724 772 2757 effac]
795 2723 912 2751 Auribus
932 2724 997 2750 meis
1019 2725 1078 2752 ani-

117 2770 216 2824 moqisie
225 2761 305 2797 longe
316 2762 420 2798 praestat
432 2781 439 2794 ,
457 2761 486 2793 &¹
494 2761 586 2796 quidem
588 2761 677 2795 fretum
685 2761 756 2787 libero
754 2760 814 2796 jud.
834 2767 863 2787 ut
873 2759 950 2787 habet
961 2761 1018 2788 Pal.
1029 2771 1078 2788 uo-

123 2798 176 2826 stei·
196 2807 235 2824 ee.

157 2842 186 2860 2.
205 2837 276 2866 Etbex
283 2836 386 2867 EpIcuri
401 2833 566 2859 intermundiis
574 2832 696 2867 vemffit]
718 2831 805 2860 Paiat.
815 2831 920 2859 secund.
940 2842 968 2859 tx
977 2835 1078 2866 Epicuri

125 2871 282 2897 internunciis·
291 2868 439 2903 defien‘dens.
448 2878 534 2906 neque
544 2869 623 2904 longe
634 2867 705 2895 secus
715 2877 781 2895 unus
792 2869 829 2895 W
831 2878 863 2895 ou
869 2877 924 2895 ver.

181 2925 186 2931 .
207 2907 308 2939 Longum
326 2907 361 2931 eft*
369 2906 473 2940 omnim]
496 2905 539 2932 Est
552 2907 567 2932 ii.
578 2905 731 2931 ViCtoriana
743 2924 751 2936 ,
762 2904 954 2941 confirmatque
964 2911 1076 2940 uterque

121 2914 271 2968 Paiannus.
289 2941 361 2976 prius
374 2941 474 2978 vulgati
487 2960 496 2973 ,
514 2943 603 2975 longum
613 2943 649 2967 eff
658 2960 666 2973 ,
684 2943 731 2967 iter
741 2941 867 2968 adomnia.
888 2950 920 2967 ex
932 2950 986 2976 quo
997 2941 1076 2967 moli-

121 2984 167 3004 tur
177 2976 352 3009 Gulielmius,
362 2985 418 3013 cap.
428 2987 458 3003 γ.
469 2977 496 3004 iii
508 2977 627 3004 Stichum
640 2977 738 3004 Plauti.
750 2978 838 3010 longum
848 2979 883 3002 ei‘?
891 2980 1075 3005 iterare-omnia.

120 3012 163 3041 sed
175 3011 238 3049 quid
250 3022 314 3048 opus
325 3012 497 3046 conjeauris,
508 3022 571 3040 vero
580 3012 729 3050 prodeunte
738 3012 813 3039 libris
825 3012 961 3048 pluteariis
972 3013 984 3040 ?
1009 3025 1011 3027 ·

156 3056 184 3082 4.
206 3050 293 3084 Qahs
302 3048 409 3081 casim-it
417 3050 618 3084 inteHigiporeH]
635 3049 762 3085 Vulgata,
772 3050 876 3083 intelligi,
886 3059 930 3074 non
936 3051 1020 3081 μισεῖ.
1032 3048 1074 3075 sed

119 3084 220 3121 respuit
230 3084 379 3119 negativam
390 3082 474 3111 editio
482 3084 609 3118 vif-lorii,
619 3085 685 3112 item
696 3086 727 3112 P.
736 3085 765 3112 &
776 3085 860 3112 Palat.
871 3084 976 3112 secund.

158 3129 185 3154 5.
204 3123 272 3147 Nullo
281 3121 340 3146 modo
348 3120 465 3146 viderunt
475 3123 551 3146 animi
567 3128 683 3147 naturam
692 3141 702 3153 ,
718 3122 870 3156 intelligentes
882 3141 889 3153 ,
907 3122 973 3155 ὠνὴ]
995 3122 1074 3148 Varie

120 3156 179 3184 licie
188 3156 213 3185 se
223 3164 337 3186 macerat
347 3155 522 3193 conjectando
531 3157 688 3192 Lambinus,
699 3167 784 3194 neque
794 3157 901 3195 proficit
912 3158 1007 3186 hilum.
1018 3157 1076 3186 Pal.
1116 3158 1229 3196 vulgati,
1241 3161 1352 3194 cingitur.

1154 233 1196 261 ria
1208 241 1352 272 parerent.
1375 233 1457 275 Qid
1478 241 1580 263 autem
1604 242 1680 267 erat,
1699 232 1782 274 quod
1802 234 2023 274 concupisceret
2040 232 2115 264 deus

1153 274 1305 304 mundum
1326 273 1413 316 signis
1425 295 1433 309 ,
1454 275 1487 305 δε
1510 275 1696 310 luminibus,
1719 282 1857 317 tanquam
1873 275 1972 310 adila,
1990 277 2119 306 ornare?

1153 312 1191 348 si,
1215 324 1249 345 ut
1267 316 1339 346 deus
1364 318 1425 357 ipse
1436 316 1547 347 melius
1557 317 1719 348 habitaret:
1737 327 1821 348 antea
1831 317 2117 357 videlicettempore

1152 355 1276 387 infinito
1297 360 1330 388 in
1349 358 1480 388 'tenebris
1490 378 1498 392 ‚
1519 367 1658 399 tanquam
1678 361 1710 389 in
1731 358 1884 400 gurgustio
1895 379 1904 393 ,
1922 358 2116 390 habitaverat.

1151 396 1222 428 Post
1233 408 1333 429 autem
1343 402 1524 430 varietatene
1532 410 1601 430 eum
1614 399 1753 430 deleRari
1765 410 1905 440 putamus
1916 421 1924 434 ‚
1939 410 1996 441 qua
2005 400 2114 431 caelum

1152 439 1185 469 &
1197 448 1284 470 terras
1294 449 1452 471 exornatas
1462 441 1600 471 videmus
1611 450 1621 473 ‚2
1640 452 1705 482 quae
1716 441 1769 472 ista
1777 442 1876 482 potest
1883 441 1943 472 effe
1951 442 2115 473 oble&atio

1152 481 1210 510 deo
1224 485 1310 522 3'quae
1322 481 1341 511 si
1353 480 1423 512 esset
1435 502 1443 516 ,
1454 492 1518 512 non
1529 493 1562 513 ea
1573 484 1687 514 tamdiu
1697 493 1792 514 carere
1800 482 1952 524 potuisset.
1976 486 2026 514 An
2035 485 2110 517 haec,

1151 532 1184 552 ut
1192 521 1254 552 fere
1266 523 1365 553 dicitis
1376 543 1385 557 ,
1407 525 1573 554 hominum
1592 526 1676 556 causa
1689 525 1705 556 a
1714 525 1772 555 deo
1783 525 1943 555 constituta
1953 526 2041 556 sunt?
2060 529 2114 556 Sa»-

1152 566 1287 604 pienturri
1293 575 1329 594 ne
1341 567 1350 593 ?
1369 574 1490 605 propter
1499 575 1610 605 paucos
1623 577 1693 608 ergo
1705 576 1784 597 tanta
1794 566 1835 598 est
1845 566 1919 597 faetta
1928 577 2029 597 rerum
2043 577 2113 597 mo·

1147 607 1227 636 litio.
1251 609 1301 636 An
1323 606 1504 638 stultorum?
1523 617 1551 637 at
1568 610 1703 648 primum
1721 609 1803 639 causa
1820 619 1883 639 non
1917 607 1996 641 fuit.
2015 618 2067 638 cur
2077 608 2113 639 de

1148 647 1298 688 improbis
1308 648 1385 678 bene
1395 658 1568 678 mereretur.
1591 650 1702 681 deinde
1717 651 1790 691 quid
1802 650 1844 681 est
1853 649 1996 681 assecutus
2007 669 2016 684 ‚
2037 649 2112 680 cum

1148 699 1258 719 omnes
1269 689 1349 720 stulti
1360 688 1415 719 sint
1426 689 1486 720 sine
1497 690 1593 721 dubio
1603 693 1767 722 miserrimi
1780 703 1785 721 z
1798 692 1933 723 maxime
1943 690 2027 733 quod
2038 690 2115 722 stul-

1150 733 1172 761 ti
1191 731 1452 761 suntzutsnums
1470 741 1559 761 amm
1578 742 1767 763 sTULTITIA
1786 744 1871 773 Qu)
1882 742 2042 764 possumus
2056 743 2114 763 Dr.-

1149 778 1260 802 cene?
1278 773 1388 803 deinde
1397 772 1479 813 quod
1494 775 1530 802 ita
1541 776 1635 804 multa
1647 775 1715 804 sunt
1727 776 1966 806 incommodam
1979 778 2037 806 vita
2048 794 2057 808 ,
2079 783 2113 805 uc

1146 824 1180 845 ea
1188 815 1335 855 sapientes
1353 815 1590 846 commodorum
1610 818 1854 856 compensatione
1866 818 1981 848 leniant
1990 837 1999 851 ,
2027 816 2112 847 stulti

1147 866 1203 887 nec
1212 859 1304 887 vitare
1313 858 1467 887 venientia
1477 855 1585 896 poffint
1595 878 1604 890 ‚
1629 868 1683 887 nec
1693 857 1768 888 ferre
1778 859 1939 898 praesentia.

1148 898 1303 928 mundum
1316 899 1414 939 ipsum
1424 901 1611 929 animantem
1622 920 1630 933 ‚
1653 899 1876 941 sapientemque
1887 900 1942 930 ell'e
1953 901 2108 934 dixerunt,

1147 944 1160 968 5
1173 941 1260 970 nullo
1278 940 1373 970 modo
1391 941 1533 971 viderunt
1551 943 1649 972 animi
1668 951 1802 972 naturam
1814 961 1822 975 ,
1853 944 2056 983 intelligentes
2076 945 2109 972 in

1145 992 1235 1023 quam
1259 981 1383 1024 figuram
1409 983 1511 1012 cadere
1530 982 1641 1022 posset:
1664 984 1699 1014 de
1719 994 1781 1024 quo
1798 984 1897 1014 dicam
1917 985 2017 1024 paullo
2028 983 2104 1024 post„

1146 1026 1240 1055 Nunc
1247 1034 1347 1054 autem
1367 1023 1510 1054 haetenus
1531 1025 1701 1056 admirabor
1721 1035 1827 1055 eorum
1847 1025 2013 1056 tarditatem
2026 1046 2033 1058 ‚
2054 1036 2108 1066 qui

1141 1067 1602 1099 animantem,immortalem,&
1611 1067 1742 1097 eundem
1752 1069 1871 1097 beatum
1878 1069 2039 1100 ‚rotundum
2048 1065 2108 1098 eise

1141 1108 1238 1139 velint
1258 1129 1268 1141 ‚
1283 1106 1366 1148 qu‘od
1384 1118 1416 1138 ea
1433 1107 1533 1139 forma
1555 1110 1646 1139 ullam
1660 1119 1746 1150 neget
1756 1108 1812 1139 ess’e
1823 1109 2027 1148 pulchriorem
2040 1110 2104 1140 Pla·

1143 1158 1187 1180 to.
1197 1155 1236 1181 At
1246 1149 1324 1180 milii
1334 1150 1380 1179 vel
1393 1150 1589 1190 cylindri‚vel
1598 1150 1740 1192 quadrati,
1746 1151 1793 1180 vel
1804 1151 1936 1185 coni,vel
1945 1151 2108 1192 pyramidis

1143 1192 1262 1222 videtur
1271 1190 1329 1221 esse
1337 1190 1510 1222 formosior.
1530 1195 1605 1234 Qrae
1612 1191 1685 1222 vero
1698 1192 1837 1223 tribuitur
1845 1195 1904 1223 vita
1914 1192 1961 1223 isti
1971 1192 2104 1223 rotundo

1142 1233 1223 1264 deo?
1247 1243 1359 1273 nempe
1380 1243 1413 1264 ut
1432 1243 1465 1264 ea
1477 1235 1625 1265 celeritate
1636 1243 1886 1276 contorqueatur,
1906 1237 1955 1264 cui
1964 1244 2014 1274 par
2024 1235 2107 1264 null-e.

1144 1285 1182 1306 ne
1191 1277 1314 1317 cogitari
1324 1275 1447 1316 quidem
1458 1275 1553 1316 poffit.
1576 1278 1612 1306 In
1623 1286 1679 1317 qua
1692 1286 1756 1306 non
1765 1276 1867 1310 video,
1880 1276 2005 1306 ubinam
2018 1285 2109 1306 rnen:

1142 1317 1282 1348 constans
1295 1337 1303 1350 ‚
1325 1318 1358 1347 &
1375 1319 1438 1348 vita
1453 1317 1535 1348 beata
1549 1317 1635 1358 poffit
1645 1316 1785 1349 insistere.
1808 1318 1951 1359 quodque
1961 1320 1993 1348 in
2003 1317 2108 1348 nostro

1140 1369 1266 1399 corpore
1275 1357 1295 1389 fi
1306 1361 1438 1389 minima
1447 1369 1486 1389 ex
1495 1369 1576 1399 parte
1585 1358 1765 1401 significetur
1773 1380 1782 1393 ,
1807 1360 1970 1391 molestum
1982 1358 2016 1390 fit
2028 1370 2034 1389 1
2054 1369 2105 1390 cur

1142 1402 1202 1431 hoc
1211 1401 1294 1431 idem
1304 1411 1369 1431 non
1387 1401 1527 1431 habeatur
1536 1401 1701 1432 molestum
1713 1403 1746 1432 in
1756 1401 1814 1433 deo
1827 1405 1839 1431 ἓ
1856 1411 1929 1432 terra
1939 1403 2022 1432 enim
2036 1410 2104 1442 pro-

1142 1442 1224 1473 Ῑοξὶὸ
1235 1463 1245 1476 ,
1264 1444 1412 1483 quoniam
1433 1452 1499 1482 pars
1518 1443 1628 1473 mundi
1638 1443 1680 1474 est
1691 1463 1699 1477 ,
1716 1451 1781 1483 pars
1792 1441 1826 1479 cst
1839 1444 1926 1473 etiam
1934 1442 1987 1472 dei.
2011 1447 2105 1484 Atqu).

1143 1493 1225 1515 terrae
1235 1485 1386 1515 maximas
1397 1486 1535 1524 regiones
1544 1504 1552 1517 ‚
1569 1485 1790 1515 inhabitabileis
1803 1505 1811 1518 ,
1824 1495 1910 1525 atque
1920 1485 2048 1515 incultas
2057 1486 2107 1515 vi..

1142 1525 1250 1555 demus
1264 1545 1273 1559 ‚
1284 1524 1367 1565 quod
1377 1534 1442 1564 pars
1451 1535 1554 1556 earum
1565 1527 1687 1566 appulsu
1698 1527 1769 1556 solis
1780 1527 1920 1556 exarserit
1930 1545 1938 1557 ‚
1949 1535 2013 1565 pars
2021 1526 2106 1555 obri-

1141 1568 1238 1606 guerit
1248 1569 1320 1596 nive
1330 1586 1339 1599 ,
1358 1568 1523 1606 pruinaque
1536 1586 1544 1600 ‚
1563 1567 1734 1608 longinquo
1745 1567 1816 1597 solis
1825 1565 1962 1597 abscessu.
1985 1576 2050 1607 quae
2063 1586 2072 1600 ,
2084 1566 2104 1597 fi

1143 1607 1279 1638 mundus
1296 1606 1338 1638 est
1347 1608 1420 1637 deus
1433 1627 1440 1640 ,
1458 1610 1604 1648 quoniam
1616 1617 1710 1648 partes
1722 1608 1832 1638 mundi
1843 1608 1910 1638 sunt
1921 1626 1930 1641 ,
1940 1607 1989 1638 dei
1999 1617 2104 1638 mem-

1142 1649 1193 1680 bra
1201 1651 1311 1689 partim
1321 1649 1464 1683 ardentia,
1474 1651 1582 1689 partim
1594 1649 1760 1691 refrigerata
1771 1649 1896 1680 dicenda
1906 1649 1982 1680 sunt.
2006 1652 2102 1690 Atque

1141 1692 1206 1721 haec
1214 1691 1339 1732 quidem
1352 1690 1447 1722 vestra
1459 1712 1467 1724 .
1491 1691 1606 1722 Lucili.
1629 1690 1643 1712 ⁶
1655 1692 1753 1733 qualia
1762 1690 1834 1721 verb
1845 1690 1901 1721 sint
1911 1710 1921 1725 ‚
1944 1691 1980 1721 ab
1990 1690 2103 1722 ultimo

1140 1742 1271 1773 repetam
1280 1732 1480 1773 superiorum.
1503 1736 1642 1764 THALES
1652 1735 1735 1764 enim
1750 1731 1903 1766 Milesius,
1923 1733 2103 1773 quiprimisa

1139 1779 1154 1803 7
1165 1775 1201 1805 de
1212 1775 1319 1805 talibus
1328 1775 1415 1804 rebus
1423 1773 1567 1816 quaefivit,
1577 1785 1685 1816 aquam
1693 1775 1772 1806 dixit
1779 1773 1838 1805 ess'e
1850 1775 1974 1804 initium
1988 1784 2100 1814 rerum:

1140 1816 1341 1846 deumautem
1353 1835 1362 1849 ,
1382 1826 1450 1846 eam
1464 1825 1599 1847 mentem
1609 1836 1618 1850 ,
1643 1826 1708 1857 quae
1718 1826 1756 1847 ex
1764 1826 1839 1857 aqua
1847 1814 1955 1846 cundia
1964 1813 2099 1857 fingeret.

1137 1859 1169 1887 Si
1178 1857 1221 1888 dii
1229 1855 1355 1897 pofl'unt
1364 1855 1422 1887 effe
1432 1855 1493 1887 fine
1503 1858 1589 1888 sensu
1599 1858 1632 1888 δε
1643 1867 1746 1888 mente
1758 1877 1767 1891 ‚
1791 1867 1842 1888 cur
1854 1867 1936 1899 aquae
1946 1857 2099 1897 adjunxit,

1138 1897 1159 1928 si
1169 1899 1229 1939 ipsa
1240 1908 1328 1929 mens
1345 1897 1481 1928 constare
1497 1899 1595 1939 potest
1606 1909 1712 1930 vacans
1720 1909 1845 1939 corpore
1857 1902 1868 1929 ?
1886 1902 2100 1930 Anaximan-

1137 1950 1199 1970 ου
1212 1949 1312 1971 autem
1323 1941 1430 1980 opinio
1442 1939 1485 1971 est
1494 1960 1503 1974 ,
1514 1943 1632 1971 nativos
1645 1939 1702 1971 effe
1713 1940 1785 1971 deos
1798 1961 1807 1974 ,
1822 1941 1921 1983 longis
1931 1942 2098 1972 intervallis

1135 1983 1300 2016 orientei's‚
1319 1982 1582 2023 occidenteisquev,
1612 1979 1626 2002 ὃ
1639 1992 1751 2024 eosque
1770 1983 2021 2013 innumerabileis
2036 1982 2098 2014 effe

1134 2024 1262 2054 mundos.
1284 2024 1340 2055 Sed
1362 2034 1419 2054 nos
1432 2024 1518 2053 -deum
1529 2044 1538 2058 ,
1558 2025 1612 2066 mfi
1624 2025 1824 2066 sempiternum
1833 2045 1841 2060 ,
1862 2024 2030 2066 intelligere
2040 2023 2098 2066 qui

1133 2065 1288 2107 poffumus
1301 2070 1314 2096 ἕ
1324 2064 1403 2097 Ρὸετ
1414 2068 1620 2097 Anaximenes
1631 2086 1639 2101 ,
1649 2067 1720 2095 cisra
1727 2066 1818 2097 deum
1834 2065 1934 2097 statuit
1943 2086 1952 2100 ,
1963 2076 2096 2107 eumque

1128 2109 1234 2149 gigni,
1248 2107 1365 2149 esseque
1386 2108 1574 2139 immensum
1588 2129 1596 2143 ,
1616 2109 1650 2139 δε
1668 2107 1825 2138 infinitum
1837 2129 1848 2142 ‚
1869 2108 1901 2139 δε
1922 2108 2038 2148 semper
2060 2112 2095 2139 in

1131 2159 1236 2181 motu:
1256 2148 1336 2191 quasi
1354 2159 1404 2180 aut
1422 2151 1470 2180 a'e'r
1489 2149 1550 2180 fine
1560 2151 1621 2181 ulla
1631 2150 1729 2181 forma
1739 2150 1812 2180 deus
1821 2149 1879 2181 effe
1889 2149 1977 2190 poffit
1989 2170 1998 2184 ‚
2017 2148 2093 2181 cum

1129 2192 1291 2232 praesertim
1304 2191 1396 2222 deum
1408 2201 1472 2222 non
1484 2191 1578 2222 modo
1588 2192 1685 2233 aliqua
1696 2211 1705 2225 ,
1724 2192 1774 2222 sed
1782 2193 1988 2232 pulcherrima
1998 2192 2092 2232 specie

1128 2232 1186 2264 esse
1196 2233 1307 2264 deceat:
1317 2242 1365 2264 aut
1376 2244 1440 2264 non
1449 2234 1614 2275 omneqmd
1620 2233 1934 2275 utumfissmortalitas
1942 2234 2093 2274 consequa-

1128 2282 1186 2304 tur.
1210 2278 1292 2306 Inna
1303 2279 1494 2316 Anaxagoras
1505 2296 1513 2310 ,
1526 2278 1578 2317 qui
1588 2278 1701 2316 accepit
1710 2276 1746 2306 ab
1759 2278 1947 2306 Anaximene
1957 2275 2093 2316 discipli·
2114 2287 2125 2311 1
2139 2287 2150 2311 ζ

1126 2327 1197 2348 nam
1208 2337 1216 2350 ‚
1236 2319 1352 2357 primus
1363 2319 1507 2351 omnium
1517 2327 1617 2348 rerum
1627 2318 1858 2358 descriptionem
1871 2338 1879 2351 ,
1901 2318 1933 2348 δε
1943 2317 2088 2352 modum,

1125 2359 1348 2398 mentisinfinita
1364 2362 1395 2389 vi
1407 2369 1440 2389 ac
1450 2362 1567 2390 ratione
1575 2358 1736 2401 defignari,
1762 2358 1915 2390 &confici
1925 2360 2024 2389 voluit
2037 2370 2042 2388 2
2054 2361 2090 2390 in

1123 2410 1185 2441 quo
1195 2411 1259 2432 non
1271 2401 1357 2435 vidit,
1363 2411 1458 2443 neque
1469 2411 1590 2432 motum
1602 2401 1849 2441 sensuijtinAEium
1858 2405 1874 2428 9
1883 2402 1916 2431 &
1925 2403 2090 2431 continen-

1123 2451 1185 2473 tem
1197 2462 1205 2477 ,
1229 2453 1263 2473 in
1275 2442 1399 2474 infinito
1409 2444 1506 2474 ullum
1518 2442 1575 2473 effe
1585 2442 1666 2484 posse
1677 2454 1682 2472 :
1702 2453 1800 2484 neque
1810 2443 1930 2474 sensum
1941 2444 2087 2478 omnino,

1121 2495 1183 2525 quo
1201 2495 1267 2515 non
1284 2486 1344 2525 ipsa
1364 2494 1467 2516 natura
1495 2486 1577 2526 pulsa
1605 2486 1734 2515 sentiret.
1766 2485 1886 2524 Deinde
1905 2483 1926 2513 fi
1943 2493 2083 2516 mentem

1121 2525 1208 2557 istam
1227 2525 1306 2567 quasi
1324 2527 1437 2558 animal
1455 2527 1578 2568 aliquod
1596 2525 1656 2557 effe
1672 2527 1790 2560 voluit,
1813 2526 2086 2567 eritaliquidinte-

1119 2570 1182 2598 rius
1193 2589 1203 2602 ‚
1224 2577 1263 2598 ex
1274 2578 1336 2609 quo
1346 2569 1423 2598 illud
1433 2569 1544 2599 animal
1555 2570 1740 2599 nominetur.
1763 2569 1835 2608 quid
1845 2577 1945 2598 autem
1957 2569 2086 2599 interius

1119 2619 1223 2641 mente
1235 2613 1246 2636 ἓ
1257 2612 1432 2651 ¹0cingatur
1445 2613 1535 2651 igitur
1544 2620 1669 2651 corpore
1679 2619 1819 2641 externo.
1841 2609 1923 2651 quod
1934 2611 2090 2650 quoniam*

2016 2661 2084 2683 non

1098 2731 1099 2734 ’
1116 2733 1179 2753 tert.
1190 2726 1326 2762 exiii-ellit,
1339 2726 1496 2759 intelligaris,
1507 2725 1578 2762 quod
1589 2725 1615 2750 Se
1627 2724 1776 2750 Gulieimio
1787 2724 1814 2750 in
1830 2730 1946 2749 mentem
1960 2729 2084 2750 venerat.-

1151 2761 1179 2787 6.
1199 2764 1290 2794 Qalia
1299 2764 1420 2796 verbstnt‚
1429 2763 1495 2797 cisen]
1517 2761 1602 2789 Palat.
1613 2760 1662 2787 sec.
1673 2761 1738 2787 iterii
1751 2769 1816 2787 unus
1828 2759 1980 2791 Wouverii,
1991 2760 2080 2794 qualia

1117 2797 1235 2824 verbalia
1245 2799 1306 2832 stnt.

1149 2842 1176 2867 7.
1196 2837 1229 2859 De
1236 2836 1328 2861 talibus
1337 2835 1431 2868 rehum]
1451 2832 1613 2861 Gulielmius
1624 2832 1732 2866 conjicit
1741 2827 1916 2859 rramralibue.'
1930 2840 2015 2867 neque
2025 2831 2078 2859 aii-

1115 2877 1156 2897 tei·
1167 2869 1256 2897 laudat
1267 2871 1337 2897 hunc
1347 2871 1430 2896 Tullii
1443 2869 1529 2896 locum
1543 2868 1697 2895 Lactantius
1712 2887 1719 2901 ,
1740 2876 1770 2896 ut
1781 2869 1885 2895 monuit
1894 2868 2002 2895 Paullus
2014 2869 2075 2895 Me-

1117 2906 1172 2932 rula
1182 2906 1214 2932 ad
1226 2914 1300 2933 notas
1310 2907 1336 2933 in
1349 2907 1396 2932 iib.
1412 2916 1433 2932 r.
1453 2905 1598 2932 Annalium
1612 2905 1702 2932 Ennii.

1151 2941 1178 2968 8.
1200 2943 1286 2977 Eofique
1294 2943 1477 2969 innumerabiles
1487 2943 1526 2975 ff
1535 2941 1658 2976 mundos.]
1673 2942 1716 2967 Sic
1725 2940 1810 2968 editio
1819 2939 1947 2973 Visstorii,
1957 2940 1990 2967 fic
2001 2940 2058 2968 Pali
2065 2959 2073 2968 .
2101 2942 2104 2943 ’

1116 2976 1180 3010 duo,
1193 2978 1225 3004 fic
1236 2979 1266 3004 P.
1278 2978 1380 3014 vulgati
1389 2988 1466 3012 coque.
1481 2989 1483 2992 ⁴

1173 3033 1178 3039 .
1199 3017 1231 3039 Er
1242 3018 1406 3046 continentem,
1415 3017 1441 3039 ln
1450 3015 1543 3047 infinito
1552 3015 1624 3038 uuum
1633 3013 1674 3046 effe
1679 3013 1764 3047 poste]
1786 3013 1817 3039 1³.
1827 3012 1857 3044 dr
1864 3015 1890 3039 in
1899 3014 2051 3039 continentem
2062 3023 2072 3044 ,-

1113 3022 1256 3085 deamque
1265 3053 1290 3076 in
1299 3053 1391 3084 infinito
1402 3069 1410 3081 ‚
1430 3049 1509 3076 habet
1527 3051 1626 3080 nullum.
1647 3048 1716 3076 Pali.
1728 3048 1793 3076 nihil
1806 3049 1910 3076 variant
1920 3068 1928 3082 ‚
1939 3049 1986 3076 uili
1996 3048 2071 3085 quod

1112 3095 1164 3112 nou
1175 3086 1316 3121 agnoscant
1326 3086 1480 3121 particulam
1491 3089 1528 3111 in.

1156 3131 1197 3148 io.
1217 3125 1333 3155 Cingarur
1347 3122 1446 3158 igitur]
1466 3123 1508 3149 Ita
1525 3126 1641 3157 quatuor
1652 3121 1809 3151 nostrum&
1827 3121 1893 3150 editi
1911 3119 2072 3151 emeterio.

1480 3191 1661 3223 Bbbbbbb
2012 3190 2075 3219 asc

1963 861 2023 900 Qi
2036 857 2110 888 veto
2134 870 2144 894 1
2154 870 2173 894 ε
