2295 3400
186 108 279 177 378
607 110 1108 159 M.TULL11

181 193 358 234 populinon
376 192 473 224 solum
483 193 662 226 commoda,
686 190 791 222 verum
805 193 894 222 etiam
908 191 1031 223 salutem
1042 202 1138 233 oppu-

182 244 274 275 gnant
284 255 292 267 ,
305 236 336 265 ὃς
351 236 532 275 impediunt,
543 235 677 263 oratione
688 231 797 274 affequi
811 233 929 267 volunt,
943 243 974 264 ut
983 235 1139 275 populares

183 274 241 305 effe
252 277 415 306 videantur.
440 280 502 309 Ego
521 276 639 316 qualem
660 275 805 305 Kalendis
819 276 953 346 sIanuarii
972 278 1137 316 acceperim

183 317 321 357 rempub.
333 314 474 356 (Qu-ires}
486 317 625 358 intelligo
637 328 641 345 :
654 316 772 356 plenam
785 317 814 346 so
830 317 1008 352 licitudinis',
1018 320 1138 359 plenam

182 360 314 388 timoris:
341 360 439 400 inqua
452 359 681 388 nihileratmzili
694 379 702 393 ,
724 359 803 388 nihil
822 358 951 393 adversi,
975 359 1055 401 quod
1075 370 1139 390 non

182 400 255 430 boni
268 410 451 434 metuerent,
475 400 606 440 improbi
619 400 831 440 exspeEtarent.
854 401 1140 433 omniaturbulenta

180 440 303 472 confilia
318 452 419 472 conti-a
438 444 518 472 liunc
538 443 665 482 nii-ubl.
685 441 813 477 statum,
834 443 866 473 &
884 453 987 474 contra
1005 442 1138 474 vestrum

181 485 279 512 otium
292 484 400 522 partim
413 486 484 513 iniri
497 505 505 517 ‚
524 487 629 524 partim
641 505 649 517 ,
670 485 760 514 nobis
770 485 944 515 consulibus
962 484 1118 525 designatis
1130 506 1138 520 ,

182 525 254 555 inita
264 523 320 554 esse
332 525 518 556 dicebantur.
539 527 649 556 sublata
660 534 718 556 crat
728 526 905 567 desorofia'cs
915 547 923 562 ‚
936 537 999 558 non
1012 525 1073 557 ἰξὶυ
1084 528 1140 558 ali-

180 575 244 606 quo
257 576 341 597 novae
351 567 526 598 calamitatis
536 588 544 602 ,
558 567 604 598 sed
617 568 784 608 suspicione
795 589 803 602 ,
821 579 853 599 ac
863 569 1139 609 perturbationeju-

180 609 331 638 diciorum
346 629 353 641 ,
375 607 582 640 infirmatione
593 620 693 640 rerum
707 609 900 646 judicatarum
913 622 918 640 :
941 621 1028 641 novae
1038 611 1140 641 donii-

179 651 596 685 nationes3extraordinaria‚
618 653 835 692 nonimperia‚
861 653 907 683 sed
928 663 1028 694 regna,
1048 654 1141 694 quatri

140 708 165 738 4
183 691 367 732 putabantur.
388 695 462 734 Qu:
472 693 543 723 curn
556 704 610 735 ego
622 703 685 724 non
694 693 793 724 solum
806 695 979 735 suspicarer,
995 695 1040 725 scd
1053 695 1140 735 plane

183 743 335 763 cernerem
351 733 480 776 :(neque
489 737 572 765 enim
588 735 711 766 obscure
723 736 926 776 gerebantiir2)
939 737 1003 767 dixi
1014 738 1047 767 in
1058 737 1141 767 sena·
1164 739 1166 748 '

179 783 211 805 iu
223 795 231 809 ‚
257 776 288 806 in
307 776 365 806 hoc
382 776 552 818 magistratu
567 787 616 807 mc
626 779 801 818 popularem
819 779 976 809 consulein
993 778 1139 808 futurum.

180 817 263 858 Qid
274 820 359 848 enim
369 818 411 848 est
421 828 481 849 tam
493 819 634 859 populare
645 840 652 853 ,
671 820 760 860 quam
773 823 862 851 PAx?
883 831 941 861 qua
960 831 1023 851 non
1045 820 1139 850 modo

179 860 204 888 ii
216 879 224 893 ,
236 859 346 900 quibus
356 869 457 891 natura
469 861 586 891 sensum
598 861 680 892 dedit
690 882 698 895 ‚
711 862 859 892 sedetiam
873 862 946 892 tecta
956 882 964 895 ‚
985 871 1072 903 atque
1082 863 1143 903 agri

180 902 261 930 milii
272 902 360 932 laetari
370 903 521 932 videntur.
552 903 633 944 Qid
657 903 716 934 tam
728 904 868 944 populare
878 925 886 937 ‚
907 905 997 945 quam
1017 907 1142 934 erziz-

181 945 265 973 TAs?
285 954 375 984 quam
387 954 451 974 non
462 944 560 975 solum
576 949 612 975 ab
622 945 799 975 hominibus
812 966 819 979 ,
840 946 946 976 verum
963 948 1054 975 etiam
1066 946 1081 976 a
1091 946 1140 975 bc,

181 984 247 1015 stiis
258 988 376 1026 expeti.
400 996 486 1028 atque
497 987 641 1016 omnibus
653 986 739 1017 rebus
758 990 898 1027 anti-poni
921 987 1036 1017 videtis.
1061 987 1142 1029 Qid

183 1035 243 1057 tam
252 1028 394 1068 populare
406 1049 413 1061 ‚
425 1029 515 1069 quam
532 1031 669 1058 Oriuivi?
687 1029 770 1069 quod
789 1030 829 1059 ita
844 1029 1014 1069 jucundum
1028 1028 1071 1059 est
1083 1050 1092 1062 ,
1113 1037 1146 1059 ut

185 1069 220 1099 &
232 1079 286 1099 vos
296 1089 303 1102 ‚
317 1069 349 1100 δε
359 1071 486 1106 majores
497 1069 583 1100 vestri
595 1092 602 1103 ‚
616 1071 647 1100 &
657 1069 831 1101 rortiffimus
841 1072 965 1113 quisque
976 1073 1031 1104 vir,
1045 1073 1142 1101 maxi-

184 1110 376 1142 moslabores
387 1112 588 1151 suscipiendus
598 1121 700 1152 putet,
721 1121 754 1142 ut
763 1113 924 1153 aliquando
938 1114 971 1142 in
983 1115 1047 1143 otio
1059 1111 1144 1152 poffit

184 1150 243 1182 esse
254 1173 262 1186 ,
274 1153 435 1192 praesertirn
448 1155 479 1182 in
490 1155 618 1193 imperio
630 1174 638 1187 ,
650 1164 681 1184 ac
691 1154 851 1196 dignitate:
869 1157 920 1196 qui
930 1154 1042 1185 idcirco
1053 1157 1143 1184 etiam

182 1194 350 1238 majoribus
369 1194 477 1225 nostris
494 1197 670 1235 praecipuam
690 1195 808 1226 laudem
823 1217 830 1229 ,
852 1198 1032 1237 gratiamque
1055 1196 1140 1226 debe-

183 1245 254 1265 mus
265 1255 273 1269 ‚
286 1235 365 1276 quod
378 1246 470 1265 eorum
478 1235 569 1266 labore
580 1237 621 1267 est
630 1236 744 1267 fretum
756 1257 763 1270 ‚
786 1247 818 1268 ut
828 1238 953 1277 impune
966 1240 999 1268 in
1010 1240 1075 1268 otio
1086 1236 1145 1267 esse

183 1275 349 1317 pollemus.
374 1280 471 1319 Qare
481 1277 533 1319 qui
543 1277 661 1318 poss'iim
673 1299 681 1313 ‚
698 1289 761 1309 non
772 1277 828 1310 ess'e
838 1280 987 1320 popularis
997 1300 1006 1314 ,
1018 1279 1089 1310 cum
1099 1281 1144 1309 vi-

183 1318 271 1349 deam
283 1320 344 1350 haec
354 1322 459 1350 omnia
470 1340 478 1353 ,
498 1323 631 1361 Qirites
641 1341 649 1355 ,
668 1331 770 1359 pacem
782 1331 936 1352 externam
948 1341 956 1355 ‚
977 1321 1145 1352 libertatem

181 1363 335 1401 propriam
345 1364 460 1402 generis
472 1382 481 1395 ,
497 1372 529 1392 ac
541 1364 681 1392 nominis
691 1362 778 1392 vestii
790 1383 798 1397 ‚
813 1365 911 1393 otium
922 1362 1125 1393 domesticum
1134 1383 1143 1397 ‚

183 1402 315 1444 denique
325 1405 440 1437 omnia,
455 1414 521 1444 quae
532 1404 618 1434 vobis
630 1415 693 1434 cara
702 1414 788 1445 atque
799 1405 897 1445 ampla
907 1405 985 1438 sunt,
996 1406 1028 1435 in
1041 1403 1145 1438 fidem,

183 1444 218 1474 ὃ(
229 1443 362 1485 quodam
374 1445 468 1475 modo
480 1448 512 1475 in
523 1448 725 1485 patrocinium
738 1449 799 1476 mei
819 1447 991 1477 consulatus
1007 1445 1065 1477 esse
1083 1446 1146 1477 col-

182 1485 262 1525 lata?
284 1488 392 1526 Neque
403 1489 486 1517 enim
498 1508 506 1521 ,
532 1489 682 1528 Qijrites,
701 1487 777 1518 illud
788 1487 1058 1528 vobisjucundum
1069 1508 1078 1522 ‚
1097 1497 1147 1518 aut

181 1527 327 1569 populare
348 1528 435 1558 debet
454 1529 550 1559 videri
563 1549 572 1564 ‚
597 1531 771 1560 Lam-‚mo
793 1539 927 1569 ALiQA
947 1539 1145 1561 PnomuLoA-

182 1578 230 1601 τΛ
242 1590 251 1603 ,
269 1580 335 1610 quae
345 1570 444 1600 verbis
458 1570 598 1601 ostentari
616 1571 712 1612 potest
721 1591 729 1605 ,
750 1581 780 1601 re
789 1581 856 1602 vera
867 1571 930 1602 fieri
943 1591 951 1605 ‚
968 1571 1023 1602 nisi
1033 1573 1146 1602 exhau-

183 1609 230 1642 sto
240 1613 340 1642 aerario
351 1632 359 1646 ‚
379 1612 466 1642 nullo
483 1611 571 1653 Ρειὲὶο
589 1612 695 1654 potest.
723 1623 820 1654 neque
837 1613 909 1644 verb
926 1614 977 1644 illa
994 1614 1147 1654 popularia

183 1653 253 1683 sunt
264 1652 464 1684 existimanda
474 1673 482 1688 ,
494 1654 683 1695 judiciorum
693 1655 939 1695 perturbationes,
952 1665 1052 1685 rerum
1063 1655 1144 1695 judi-

182 1703 313 1726 catarum
324 1693 544 1726 infirmationes
555 1717 563 1730 ,
576 1695 723 1727 restitutio
733 1697 944 1728 damnatorum
958 1708 963 1726 :
980 1700 1032 1739 qui
1043 1700 1147 1728 civita-

185 1745 255 1766 tum
266 1736 446 1767 afflictarum
456 1757 464 1771 ‚
483 1738 608 1778 perditis
617 1739 680 1778 jam
695 1738 781 1769 rebus
793 1760 802 1772 ,
821 1743 830 1758 ¹
843 1741 970 1770 extremi
984 1741 1149 1770 exitiorum

187 1778 285 1809 solent
294 1777 352 1808 effe
363 1781 470 1809 exitus.
485 1790 582 1820 neque
595 1778 667 1821 siqui
676 1790 759 1822 agros
769 1782 883 1821 populo
892 1784 988 1811 Rom.
1002 1781 1149 1821 pollicen-

184 1829 234 1850 tur
243 1840 252 1854 ‚
273 1819 293 1850 si
303 1820 383 1850 aliud
394 1820 538 1862 quiddam
549 1821 674 1852 obscure
685 1823 872 1857 moliuntur,
891 1823 1021 1862 aliudspe
1029 1823 1151 1862 cii-specie

144 1878 165 1909 5
186 1859 386 1892 simulationis
400 1861 568 1897 ostentant,
589 1864 744 1903 populares
754 1864 948 1895 existimandi
960 1865 1036 1895 sunt.
1068 1868 1150 1895 Nam

186 1903 256 1934 vere
267 1904 363 1934 dicam
377 1923 386 1936 ‚
399 1905 532 1944 Qiiritcs
542 1925 550 1939 ‚
567 1915 662 1946 genus
673 1905 770 1945 ipsum
781 1906 853 1947 legis
864 1908 990 1948 Agrariae
1001 1908 1152 1946 vitupera-

185 1955 217 1976 re
228 1955 291 1976 non
300 1944 432 1986 poll‘um.
458 1948 542 1976 venit
555 1948 639 1976 enim
649 1948 727 1977 mihi
739 1949 771 1977 in
785 1957 921 1978 mentem
931 1968 939 1982 ‚
958 1948 1034 1978 duos
1052 1948 1151 1978 claris-

186 1985 279 2018 simos
290 2007 298 2021 ,
320 1986 570 2029 ingeniosissimos
579 2008 586 2022 ‚
610 1987 827 2019 amantiffimos
837 1990 935 2030 plebis
944 1992 1093 2020 Romanae
1104 1992 1152 2019 vi—

183 2038 235 2059 ros
246 2049 254 2063 ,
274 2030 324 2060 Ti.
337 2029 370 2060 δε
381 2032 412 2060 C.
428 2031 575 2060 Gracchos
586 2050 594 2063 ,
614 2030 734 2070 plebem
753 2033 785 2060 in
808 2033 882 2072 agris
899 2032 1028 2072 publicis
1040 2030 1151 2062 consti-

185 2070 274 2102 tuiss'e
285 2091 294 2105 ‚
314 2072 366 2112 qui
375 2073 435 2113 agri
445 2067 462 2100 ἃ
474 2072 595 2114 privatis
603 2082 688 2102 antea
696 2071 924 2112 possidebantur.
947 2083 1012 2103 non
1024 2074 1088 2104 sum
1099 2084 1151 2103 au-

187 2121 250 2143 tem
269 2123 325 2154 ego
344 2115 369 2143 is
387 2113 512 2147 consul,
533 2115 605 2155 qui,
626 2123 658 2144 ut
668 2114 820 2154 plerique,
840 2114 922 2145 nefas
935 2114 992 2145 effe
1009 2115 1151 2149 arbitrer,

188 2156 338 2185 Gracchos
360 2155 474 2185 laudare
488 2165 493 2184 :
510 2165 642 2196 quorum
656 2153 790 2186 consiliis
801 2175 808 2189 ‚
832 2157 972 2196 sapientia
983 2177 991 2190 ‚
1011 2157 1126 2198 legibus
1141 2177 1149 2191 ,

190 2196 300 2227 multas
313 2194 370 2226 ess‘e
381 2196 470 2226 video
481 2197 651 2237 reipublicae
660 2198 767 2237 parteis
777 2197 962 2228 constitutas.
986 2201 1087 2239 Itaque
1097 2219 1106 2233 ‚
1118 2208 1150 2229 ut

191 2239 282 2268 initio
293 2239 390 2272 mihi,
407 2236 556 2280 designato
566 2239 702 2272 consuli,
723 2239 932 2272 nuntiabatur,
953 2241 1049 2280 legem
1062 2244 1152 2281 Agra-

186 2281 264 2311 1iam
283 2279 421 2310 tribunos
440 2280 537 2320 plebis
553 2279 717 2321 designatos
733 2281 918 2311 conscribere
938 2292 944 2310 :
972 2281 1145 2321 cupiebam,

190 2320 271 2363 quod
282 2323 445 2364 cogitarent
457 2342 464 2355 ,
480 2323 669 2362 cognoscere.
693 2324 808 2352 etenim
820 2322 993 2355 arbitrabar,
1006 2326 1150 2363 quoniam

185 2363 296 2393 codem
308 2373 388 2393 anno
400 2363 521 2405 gerendi
533 2364 621 2394 nobis
631 2363 724 2394 css'ent
735 2364 920 2405 magistratus
930 2384 938 2397 ‚
952 2362 1009 2394 esse
1019 2365 1150 2405 aliquam

185 2415 324 2445 oportere
337 2406 481 2436 internos
499 2404 653 2446 rei‘pubticae
671 2404 732 2435 bene
747 2404 966 2442 admmlstrandae
973 2406 1148 2445 sbrieratcm.

191 2451 268 2478 Cum
279 2446 466 2477 familiariter
478 2457 527 2476 me
537 2457 569 2477 in
583 2457 688 2477 corum
707 2448 878 2478 sermonem
896 2446 1075 2478 insinuarem
1089 2469 1097 2481 ‚
1122 2458 1153 2478 ac

190 2489 290 2518 darem
308 2501 316 2523 -‚
334 2489 447 2519 celabar
457 2509 465 2522 ‚
481 2489 678 2523 excludebar‚
692 2490 724 2520 ἅτ
737 2510 744 2523 ‚
757 2489 828 2520 ci'im
839 2489 1026 2520 ostenderem
1040 2509 1048 2522 ,
1070 2488 1090 2519 si
1101 2490 1149 2519 lex

191 2530 273 2560 utilis
285 2531 365 2570 plebi
376 2533 523 2561 Romano:
535 2533 611 2561 milii
621 2531 770 2561 videretur
783 2551 791 2565 ,
810 2530 963 2562 auEtorern
976 2541 1024 2561 me
1035 2551 1043 2565 ‚
1063 2540 1150 2572 atque

189 2571 358 2607 adjutorem
375 2571 530 2603 futurum:
549 2582 649 2602 tamen
671 2573 897 2613 aspernabantur
907 2573 1150 2604 hanclibcralita-

192 2622 253 2643 tem
266 2623 382 2643 meam:
402 2614 564 2655 negabant,
583 2625 631 2644 me
646 2614 751 2644 adduci
763 2614 855 2655 possb,
870 2616 1003 2646 utullam
1017 2615 1149 2656 largitio-

192 2664 263 2684 nem
275 2655 442 2695 probarem.
467 2654 559 2685 finem
570 2655 762 2696 feciofferendi
776 2658 848 2691 mei,
868 2667 906 2687 ne
925 2656 1002 2687 forte
1024 2667 1091 2687 mea
1106 2657 1149 2687 se-

192 2696 315 2730 dulitas,
324 2706 372 2727 aut
382 2696 530 2732 insidiosa,
543 2708 591 2728 aut
602 2699 764 2739 impudens
777 2699 938 2731 videretur.
962 2702 1076 2730 Lnterea
1085 2708 1149 2729 non

192 2792 306 2799 ,Ἐκ

231 2823 254 2840 ι.
275 2817 592 2850 Ila-:remicxitmrnmfislent
601 2818 642 2850 effi:
656 2819 765 2852 exitur]
786 2818 928 2845 Lambinus
948 2817 1052 2843 amoliri
1073 2826 1152 2853 cupe-

191 2857 234 2877 ret
244 2850 311 2876 illud
323 2855 454 2878 eximi-um.
475 2861 568 2888 prceter
580 2854 638 2880 mil.
650 2865 663 2880 e
675 2850 769 2890 quibus
782 2863 868 2882 taineii
881 2855 936 2881 Pal.
949 2863 989 2890 pr.
1001 2863 1051 2880 non
1064 2854 1153 2887 habet,

193 2893 301 2912 extremi.

230 2931 258 2948 2.
279 2925 359 2948 concio
368 2924 460 2949 tandem
470 2926 630 2959 exqveaasa]
651 2927 798 2953 Lambinus
807 2927 936 2957 abiecerat
951 2926 1044 2953 randi-m
1056 2946 1062 2957 ,
1103 2925 1154 2952 uod

194 2965 283 2984 tamen
294 2958 333 2984 bis
344 2960 450 2995 ponitur
462 2962 489 2987 in
502 2962 558 2987 Pal.
571 2961 618 2988 sec.
634 2972 679 2989 nec
691 2964 769 2990 male.
797 2964 958 2991 Gulielmius
979 2963 1088 2997 conjicie
1108 2970 1135 2988 at
1146 2982 1154 2994 ‚

197 2996 356 3027 aexspeflamr.

224 3038 260 3091 ἃς,
280 3034 338 3064 Jam
349 3031 478 3072 des‘rgnqmr
489 3052 496 3064 ,
506 3033 572 3065 ὀνο]
596 3035 738 3062 Lambinus
750 3035 889 3072 pratniittit
901 3056 908 3069 ,
928 3039 991 3062 Nam
1001 3036 1056 3069 jam
1074 3036 1155 3069 defign.

197 3065 221 3092 se
252 3066 326 3092 nullo
337 3066 541 3094 adminiculante
553 3070 621 3095 libro
634 3079 731 3098 vetere.

233 3109 260 3134 4.
280 3105 305 3127 Si
321 3107 362 3136 qui
377 3112 489 3130 acutiores
500 3108 526 3130 in
537 3107 663 3139 concreti-ef]
684 3108 817 3135 [firmatur
827 3109 854 3135 δί
865 3107 933 3137 istud
946 3109 961 3136 ὁ
972 3107 1030 3136 mss.
1040 3107 1134 3136 nostris
1147 3127 1154 3140 ‚

199 3146 292 3166 contra
301 3140 465 3176 pruriginem
475 3141 689 3171 Lambiniauam.

1187 110 1732 161 Cretaeis-1⁸

1183 192 1358 227 desistebant
1375 194 1454 228 clam
1468 197 1546 228 inter
1556 196 1584 228 se
1593 197 1757 227 convenire
1768 214 1776 230 ,
1797 191 1928 236 privatos
1935 191 2080 238 quosdam'
2088 196 2142 231 ad.

1185 237 1286 267 hibere
1297 258 1305 272 ‚
1319 237 1355 269 ad
1368 238 1434 269 suos
1443 248 1538 269 coetus
1548 239 1684 269 occultos
1694 236 1818 269 no&cm
1827 237 1986 279 adjungere
1996 258 2005 272 ‚
2028 239 2061 269 &
2071 239 2144 279 [διϊ-

1183 279 1317 309 tudinem.
1341 281 1450 322 quibus
1460 281 1558 315 rebus,
1573 289 1684 322 quanto
1694 281 1727 310 in
1738 289 1820 310 metu
1830 278 1988 314 fuerimus,
2001 290 2038 311 ex
2051 280 2145 313 vestra

1185 321 1387 352 sollicitudine
1398 343 1406 356 ,
1433 324 1466 352 in
1475 323 1601 363 quaillis
1610 321 1796 362 temporibus
1807 320 1904 352 fuistis
1916 342 1925 355 ‚
1935 318 2022 352 facile
2033 321 2146 363 assequi

1184 362 1355 399 conjectura
1373 366 1517 404 poteritis.
1549 367 1660 394 Ineunt
1679 363 1801 393 tandem
1819 362 2004 405 magistratus
2032 364 2144 395 tribuni

1185 404 1262 444 pleb.
1283 408 1297 425 ²
1308 408 1416 436 concio
1437 406 1557 436 tandem
1577 404 1744 445 exspe&am
1753 408 1783 436 1>-
1795 405 1881 435 Rulli
1898 425 1907 439 ,
1926 404 2007 446 quod
2019 405 2052 436 &
2063 407 2146 445 prin-

1183 456 1251 486 ceps
1260 457 1319 477 erat
1330 449 1457 488 Agraria:
1470 448 1552 489 legis,
1565 446 1806 477 &truculentius
1817 446 1845 476 se
1855 447 1983 487 gerebat,
1994 447 2086 489 quam
2096 457 2147 478 ce-

1186 490 1248 518 teri.
1274 492 1286 516 3
1297 490 1363 530 Jam
1376 488 1540 530 designatus
1552 501 1561 523 3
1581 489 1640 519 alio
1650 488 1750 521 vultu.
1762 489 1822 518 alio
1832 490 1917 518 vocis
1928 489 2014 523 sono,
2029 489 2147 520 alioin-

1184 528 1263 560 cess'u
1275 529 1332 560 esse
1344 530 1540 561 meditabatur
1552 529 1678 561 :vestitu
1688 530 1880 563 obsoletiore,
1896 540 2018 570 corpore
2029 531 2147 561 inculto

1187 572 1219 601 &
1230 572 1353 602 horrido
1365 593 1373 606 ,
1389 573 1555 612 capillatior
1565 592 1574 606 ,
1592 571 1682 613 quam
1693 571 1761 603 ante
1774 591 1783 606 ‚
1807 571 1953 612 barbaque
1964 573 2093 613 majore:
2114 569 2149 604 u't

1188 614 1283 644 oculis
1294 634 1302 648 2
1322 614 1353 644 &
1364 614 1503 654 adspe&u
1514 614 1689 644 denuntiare
1706 613 1852 644 omnibus
1870 614 1932 642 vim
1951 612 2147 649 tribunitiam,

1189 655 1221 685 &
1232 657 1364 687 minitari
1385 657 1498 696 reipub.
1523 655 1682 686 videretur.
1715 657 1827 696 Legem
1846 655 1983 686 hominis
1998 675 2007 690 ,
2027 658 2153 687 concio-
2193 673 2195 675 >

1189 707 1320 738 nemque
1335 697 1556 738 exspectabam.
1590 699 1654 730 Lex
1665 697 1756 727 initio
1767 697 1850 727 nulla
1857 700 2055 738 proponitur:
2075 708 2153 729 con-

1189 741 1311 770 cionem
1332 742 1364 770 in
1384 742 1490 780 primis
1509 740 1647 770 advocari
1664 739 1766 779 jubet:
1789 739 1908 769 summa
1917 749 1987 769 cum
1999 739 2152 780 exspefika-

1190 782 1273 811 tione
1283 783 1478 812 concurritur.
1498 782 1627 822 explicat
1635 783 1804 812 orationem
1817 781 1884 811 sane
1897 781 2030 823 longam,
2041 782 2074 812 δε
2083 792 2151 813 ver-

1166 838 1168 842 ·
1189 822 1234 852 bis
1243 823 1329 853 valde
1341 824 1442 854 bonis.
1475 827 1580 854 Unum
1592 833 1651 854 erat
1661 844 1670 856 ,
1694 823 1776 864 quod
1787 823 1864 853 mihi
1875 824 2019 854 vitiosum
2030 824 2152 854 videba-

1189 872 1246 897 tur,
1257 864 1339 906 quod
1354 874 1433 896 tanta
1441 875 1479 896 ex
1494 865 1662 906 frequentia
1670 866 1801 895 inveniri
1812 874 1905 894 nemo
1918 867 2033 905 potuit,
2043 868 2095 907 qui
2106 866 2152 895 in-

1190 906 1407 949 telligerepoffit,
1419 907 1491 948 quid
1503 908 1627 938 diceret.
1642 908 1700 937 hoc
1709 907 1761 937 ille
1771 905 1874 936 utrum
1885 906 2059 937 insidiarum
2069 908 2155 938 causa

1189 946 1291 978 fecerit
1302 969 1310 981 ,
1328 959 1366 979 an
1377 951 1434 979 hoc
1444 959 1550 990 genere
1561 949 1741 990 eloquentia:
1751 947 1916 978 delc6laetur
1928 969 1936 984 ,
1957 950 2068 979 nescio.
2091 951 2152 979 Ta-

1191 999 1274 1023 men,
1285 993 1302 1017 4
1313 989 1386 1031 siqui
1397 994 1544 1022 acutiores
1555 993 1586 1020 in
1595 992 1745 1021 concione
1755 989 1893 1020 steterant
1906 1011 1915 1024 ,
1934 990 1970 1020 de
1981 991 2038 1032 lege
2045 993 2151 1033 ..Agra-

1189 1031 1233 1059 ria
1250 1032 1352 1062 nescio
1371 1033 1442 1073 quid
1461 1031 1588 1063 voluisse
1607 1042 1676 1062 curn
1688 1032 1806 1066 dicere,
1823 1032 2051 1071 suspicabantur.
2086 1033 2153 1063 Ali-

1189 1073 1309 1113 quando
1323 1075 1443 1104 tandem
1454 1095 1463 1108 ‚
1476 1085 1526 1104 me
1537 1073 1696 1115 designato,
1713 1078 1726 1101 5
1736 1074 1827 1104 lexin
1838 1074 1993 1114 publicum
2006 1076 2152 1115 proponi-

1193 1124 1248 1144 tur.
1268 1125 1452 1146 concurrunt
1459 1115 1539 1156 juss'u
1549 1126 1620 1146 meo
1631 1116 1730 1156 plures
1743 1125 1805 1145 uno
1815 1124 1949 1156 tempore
1960 1116 2071 1146 librarii
2083 1128 2088 1146 2
2098 1116 2152 1146 de·-

1191 1156 1327 1196 scriptam
1348 1158 1446 1198 legem
1460 1158 1496 1188 ad
1508 1168 1558 1187 me
1569 1156 1706 1187 afferunt.
1739 1155 1754 1177 ⁶
1769 1158 1862 1187 Omni
1872 1159 1930 1187 hoc
1941 1158 2028 1187 vobis
2037 1160 2151 1188 ratione
2171 1157 2194 1191 6

1190 1197 1369 1229 confirmare
1378 1197 1497 1239 poss'um
1509 1219 1517 1232 ‚
1533 1200 1666 1239 Qiirites
1678 1221 1687 1232 .
1707 1199 1766 1228 hoc
1774 1200 1879 1229 animo
1889 1209 1938 1227 me
1949 1199 1983 1229 ad
1996 1199 2152 1239 legendam

1191 1240 1300 1280 legem,
1314 1240 1615 1282 cognoscendamque
1625 1238 1738 1270 veniss'e
1750 1259 1759 1273 ,
1772 1249 1814 1273 ut,
1827 1238 1847 1269 si
1858 1249 1923 1270 eam
1936 1241 2022 1270 vobis
2033 1251 2156 1272 accom-

1191 1281 1354 1316 modatam‚
1365 1292 1452 1323 atque
1463 1282 1570 1312 utilem
1584 1280 1644 1312 effe
1654 1281 1855 1322 intelligerem
1869 1302 1877 1315 ,
1898 1281 2002 1312 autitoi·
2011 1292 2074 1323 ejus
2084 1304 2092 1317 ‚
2109 1291 2153 1314 at-

1189 1333 1247 1364 que
1261 1323 1379 1363 adjutor
1388 1322 1492 1354 essem.
1515 1334 1579 1354 non
1591 1325 1676 1353 enim
1687 1331 1800 1356 natura,
1812 1333 1909 1364 neque
1918 1323 2043 1363 discidio,
2055 1335 2153 1366 neque

1191 1365 1250 1395 odio
1271 1368 1390 1405 penitus
1414 1364 1522 1400 insito,
1546 1365 1660 1396 bellum
1680 1365 1782 1395 nescio
1797 1366 1878 1405 quod
1889 1366 1976 1395 habet
1986 1366 2156 1406 susceptum

1191 1407 1362 1438 consulatus
1371 1418 1440 1438 cum
1454 1408 1605 1438 tribunatu
1616 1419 1624 1441 3
1644 1412 1658 1436 7
1669 1409 1738 1448 quia
1748 1407 1873 1447 persaepe
1886 1406 2029 1438 seditiosis
2040 1428 2048 1441 ,
2065 1418 2155 1449 atque

1190 1449 1338 1489 improbis
1357 1450 1485 1480 tribunis
1504 1449 1600 1490 plebis
1614 1469 1622 1482 ‚
1641 1449 1715 1479 boni
1735 1450 1767 1479 ὃς
1781 1447 1873 1479 fortes
1883 1450 2018 1479 consules
2029 1449 2157 1480 obstite-

1192 1499 1260 1520 runt
1275 1511 1283 1523 ,
1304 1491 1336 1521 &
1351 1494 1419 1532 quia
1435 1493 1481 1522 vis
1502 1491 1656 1521 tribunitia
1669 1500 1903 1531 nonnumquam
1918 1490 2158 1522 libidinirestitit

1190 1533 1348 1563 consulari.
1383 1536 1458 1563 Non
1479 1542 1695 1563 norma-Arum
1714 1530 1945 1565 dissimilitudo,
1971 1533 2019 1563 sed
2034 1535 2156 1563 animo-

1191 1584 1259 1604 rum
1270 1574 1436 1613 disjunCtio
1446 1573 1658 1605 dissensionem
1669 1573 1746 1604 facit.
1759 1576 1861 1615 Itaque
1875 1575 1932 1604 hoc
1943 1577 2047 1604 animo
2056 1575 2155 1616 legem

1191 1615 1280 1647 sumsi
1301 1618 1334 1646 in
1357 1627 1463 1647 manus
1475 1637 1483 1651 ,
1504 1626 1536 1647 ut
1545 1627 1611 1647 eam
1623 1626 1764 1656 cuperem
1775 1614 1833 1645 ess‘e
1844 1624 1942 1656 aptam
1956 1615 2058 1646 vestris
2068 1626 2160 1646 com-

1193 1658 1304 1691 modis,
1320 1659 1352 1688 &
1362 1659 1524 1698 ejusmodi,
1537 1669 1625 1699 quarn
1637 1658 1755 1691 consul,
1767 1668 1808 1691 re,
1822 1667 1887 1687 nori
1897 1659 2048 1692 oratione,v
2057 1668 2157 1699 popu-

1193 1700 1272 1734 laris,
1287 1700 1318 1730 ὃ(
1327 1700 1464 1734 honeste,
1480 1701 1512 1731 δε
1524 1701 1652 1735 libenter
1661 1698 1934 1739 poss'etdefendere.
1957 1703 2055 1741 Atque
2069 1710 2124 1741 ego
2137 1699 2157 1731 ὲ,

1193 1743 1293 1782 primo
1303 1744 1395 1782 capite
1407 1743 1479 1784 legis
1490 1762 1498 1776 ‚
1510 1743 1600 1783 usque
1610 1741 1645 1772 ad
1656 1751 1828 1771 extremum
1839 1763 1848 1775 ‚
1863 1743 1978 1781 reperio
1990 1761 1998 1775 ,
2010 1743 2160 1783 Qirites‚

1194 1784 1271 1814 nihil
1291 1784 1371 1814 aliud
1393 1787 1555 1825 cogitatum
1569 1804 1577 1817 ,
1597 1783 1764 1813 nihilaliud
1776 1783 1943 1822 susceptum
1956 1802 1964 1816 ,
1985 1783 2156 1815 nihilaliud

1195 1824 1296 1855 aEtum
1308 1846 1316 1859 ,
1330 1824 1385 1855 nisi
1400 1826 1530 1856 utdecem
1539 1836 1611 1865 reges
1620 1845 1628 1859 ,
1642 1827 1735 1855 aerarii
1748 1845 1757 1858 ,
1768 1824 2157 1866 vefiiigaliumfflrovincia-

1194 1877 1260 1897 rum
1272 1870 1415 1898 omnium
1428 1887 1436 1900 ,
1448 1870 1539 1898 totius
1549 1867 1719 1907 reipublicae
1727 1876 1889 1906 regnorum
1901 1886 1910 1900 ,
1923 1866 2086 1897 liberorum
2099 1877 2157 1907 po-

1195 1910 1350 1949 pulorum,
1364 1909 1445 1939 orbis
1455 1909 1584 1950 denique
1595 1918 1747 1941 terrarum,
1758 1910 1880 1938 domini
1889 1907 2159 1945 constituerentur,

1193 1952 1265 1992 legis
1280 1952 1409 1992 Agraria:
1423 1949 1612 1981 simulatione
1624 1970 1633 1984 ‚
1650 1959 1736 1991 atque
1751 1952 1888 1980 nomine.
1927 1951 1975 1981 Sic
1993 1949 2156 1987 confirmo,

1198 1994 1330 2033 Qirites
1342 2013 1350 2026 ‚
1366 1994 1420 2023 hac
1429 1993 1492 2034 lege
1503 1994 1631 2035 Agraria,
1646 1992 1768 2032 pulchra
1775 2001 1862 2033 atque
1871 1993 2019 2032 populari,
2029 1992 2091 2023 dari
2101 2002 2158 2032 νοτ

1198 2034 1244 2064 bis
1255 2035 1346 2067 nihil,
1362 2034 1530 2064 condonati
1541 2035 1628 2064 certis
1642 2034 1822 2064 hominibus
1831 2037 1954 2064 omnia:
1973 2033 2158 2077 ostentaripo-

1193 2075 1259 2117 pulo
1270 2079 1395 2106 Romano
1412 2086 1492 2116 agros
1503 2097 1512 2109 ,
1536 2077 1606 2118 eripi
1615 2076 1704 2104 etiam
1714 2074 1873 2104 libertatem
1881 2087 1893 2103 .·
1908 2078 2095 2116 privatorum
2103 2087 2158 2118 pe·

1197 2120 1300 2148 eunias
1311 2120 1420 2160 augeri,
1431 2118 1564 2158 publicas
1575 2118 1724 2148 exhauriri
1735 2127 1740 2146 2
1762 2117 1892 2158 denique
1903 2138 1912 2152 ‚
1932 2117 2012 2158 quod
2023 2118 2065 2149 est
2075 2118 2159 2149 indi-

1195 2158 1385 2200 gniffimum,
1401 2170 1453 2200 per
1462 2159 1618 2189 tribunum
1628 2159 1724 2199 plebis
1734 2179 1743 2193 ,
1761 2169 1852 2200 quem
1865 2160 1994 2199 majores
2002 2159 2161 2199 praesidem-

1196 2201 1358 2235 libertatis,
1379 2200 1594 2241 custodemque
1613 2199 1669 2230 ess'e
1686 2201 1867 2234 voluerunt,
1887 2210 1968 2242 reges
1986 2203 2019 2231 in
2038 2203 2159 2233 civitate

1195 2242 1350 2273 constitui.
1374 2245 1449 2284 Qae
1465 2241 1536 2272 curn
1557 2242 1722 2282 exposuero
1733 2261 1742 2275 ‚
1763 2240 1784 2270 fi
1794 2240 1865 2271 falsa
1874 2242 1962 2272 vobis
1974 2242 2159 2273 videbuntur

1195 2283 1254 2314 ess'e
1267 2294 1272 2313 :
1291 2285 1393 2325 sequar
1401 2283 1606 2314 auetoritatem
1618 2282 1745 2313 vestram
1758 2294 1767 2316 3
1789 2282 1913 2312 mutabo
1925 2292 2024 2314 meam
2038 2284 2158 2315 senten·
2194 2288 2197 2290 '

1195 2327 1278 2356 tiam.
1302 2324 1345 2355 sin
1365 2323 1484 2355 infidias
1504 2323 1568 2354 ficri
1587 2324 1715 2354 libertati
1730 2323 1851 2357 vestrae,
1869 2323 2058 2356 simulatione
2069 2326 2157 2368 largi-

1195 2369 1299 2400 tionis,
1310 2367 1483 2408 intelligetis
1498 2378 1503 2395 z
1524 2366 1652 2396 nolitote
1662 2365 1798 2396 dubitare
1809 2386 1817 2400 ‚
1826 2367 1961 2406 plurimo
1972 2367 2078 2397 sudore
2089 2389 2099 2401 ‚
2121 2368 2156 2399 δε

1193 2404 1209 2427 8
1225 2409 1365 2450 sanguine
1376 2409 1527 2448 majorum
1542 2407 1706 2438 vestrorum
1721 2416 1832 2447 partam
1841 2428 1850 2442 ‚
1862 2408 2009 2449 nobisque
2018 2409 2156 2441 traditam

1195 2450 1360 2480 libertatern
1372 2470 1380 2484 ,
1405 2450 1492 2480 nullo
1504 2449 1602 2479 vestro
1612 2450 1711 2480 labore
1720 2469 1728 2482 ‚
1747 2450 1870 2480 consule
1883 2450 2035 2490 adjutore,
2050 2450 2156 2482 defen-

1194 2492 1269 2521 dere.
1303 2494 1438 2523 Primum
1449 2491 1586 2532 caputest
1596 2492 1669 2532 legis
1680 2493 1807 2532 Agrariae
1824 2502 1829 2520 :
1849 2501 1923 2532 quo,
1936 2493 2023 2522 utilli
2034 2502 2154 2533 putant,

1191 2535 1351 2563 tentamini
1370 2535 1476 2564 leviter
1486 2554 1494 2567 ,
1513 2543 1573 2574 quo
1585 2536 1690 2563 animo
1701 2534 1843 2563 libertatis
1854 2533 1957 2564 vestrae
1971 2534 2157 2566 diminutio-

1191 2585 1262 2604 nem
1272 2575 1345 2605 ferre
1359 2574 1483 2615 possitis.
1516 2575 1703 2617 Jubetenirn
1723 2578 1911 2605 Tnissunum
1931 2585 2047 2606 imanis
2060 2596 2069 2612 ,
2093 2586 2154 2619 Q

1193 2626 1265 2647 EAM
1285 2627 1399 2647 Lasiam
1421 2627 1571 2647 TuLERn-
1583 2637 1592 2650 ,
1616 2626 1752 2647 CREARE
1763 2626 1982 2647 DECEvaROS
1997 2628 2061 2649 PER
2076 2629 2155 2649 Tiu-

1192 2669 1247 2689 nus
1269 2669 1509 2689 SEPTEMDECIM
1524 2671 1547 2693 3.
1560 2669 1601 2689 ιιτ
1611 2678 1619 2692 ,
1649 2667 1742 2699 QEM
1773 2668 1889 2689 novt-:M
1912 2669 2031 2690 Tnissus
2055 2670 2156 2690 FECE-

1194 2711 1298 2736 RfflT,
1324 2711 1352 2732 is
1370 2697 1628 2734 nzenmvnbsrr.
1661 2700 1721 2731 Hic
1738 2710 1860 2741 quaer0‚
1878 2711 1969 2742 quam
1987 2701 2027 2732 ob
2036 2703 2154 2733 causam

2027 2753 2155 2774 mitium

1235 2827 1260 2851 5.
1282 2821 1333 2844 [Δίκα.-
1342 2821 1367 2844 in
1374 2818 1519 2852 pumicum]
1541 2816 1685 2844 Lambinus
1695 2819 1720 2842 in
1725 2818 1833 2850 public05
1843 2825 1935 2843 verum
1944 2815 2037 2843 invitis
2048 2815 2116 2843 Pau.
2127 2816 2157 2842 δε

1197 2854 1261 2880 olim
1273 2854 1363 2881 editis.

1233 2892 1261 2916 6.
1281 2894 1348 2916 Omni
1356 2893 1395 2916 hoc
1404 2892 1470 2917 <vobis
1481 2890 1596 2924 rarione]
1617 2889 1762 2916 Lambinus
1774 2887 1860 2914 censet
1874 2887 2014 2924 legendum
2035 2889 2156 2921 affe-urm-

1196 2930 1266 2958 rione,
1277 2928 1302 2951 ἃ
1317 2926 1342 2952 id
1354 2927 1446 2953 intulit
1456 2927 1529 2952 libris
1540 2925 1600 2952 suis.
1621 2925 1663 2951 sed
1674 2925 1732 2961 quis
1743 2933 1801 2950 eum
1813 2923 1944 2950 censorem
1956 2924 2113 2951 constituit?

1233 2971 1260 2997 7.
1281 2963 1526 2997 Q.¹'.ipers.‘epe,;}÷·c.]
1543 2961 1686 2988 Lambinus
1697 2959 1901 2997 prceposuit,fid‚-
1912 2960 1987 2987 nullo
1997 2959 2158 2996 fiiffragante

1197 3000 1342 3034 exemplari
1355 3008 1362 3029 ;
1376 3000 1429 3024 iino
1441 3009 1473 3025 ne
1483 2998 1537 3024 ulla
1547 2997 1652 3033 quidem
1665 2998 1777 3023 ratione.

1235 3035 1262 3061 δ’.
1281 3038 1397 3067 ssi-nguine
1407 3037 1520 3068 majorum
1537 3034 1641 3066 vessrtim
1656 3040 1755 3067 parram
1763 3033 1873 3067 vobisque
1882 3032 2026 3067 traditam]
2047 3032 2089 3058 Sic
2098 3031 2156 3065 Pali·

1196 3079 1236 3106 pr.
1247 3080 1298 3097 non
1311 3074 1439 3103 aestrorum
1450 3090 1458 3102 ,
1469 3077 1499 3097 ut
1508 3069 1573 3096 editi
1586 3089 1594 3101 ‚
1604 3071 1668 3096 item
1680 3070 1809 3103 vobisqum
1824 3077 1914 3094 rerum
1926 3068 1942 3094 si
1953 3068 2086 3104 sequimur
2097 3067 2157 3095 Pal.

1197 3107 1246 3133 sec.
1258 3106 1437 3142 reponendum
1450 3127 1457 3138 ‚
1468 3108 1580 3140 majorum
1589 3105 1698 3135 nostrum.
1722 3113 1781 3131 narn
1792 3113 1851 3131 cum
1862 3104 1883 3131 is
1894 3105 1967 3141 prius
1977 3104 2105 3133 exarass'et
2114 3113 2158 3131 no-

1190 3145 1296 3178 strorum
1307 3162 1315 3176 ,
1326 3141 1353 3170 id
1365 3152 1427 3171 iuox
1438 3142 1546 3171 induxit
1556 3141 1740 3177 substituitque
1750 3140 1875 3169 alterum.

2048 3185 2060 3205 ι
2067 3195 2074 3204 .
2091 3179 2159 3208 lieni,
