<?xml version="1.0" encoding="UTF-8"?>
<!DOCTYPE html PUBLIC "-//W3C//DTD XHTML 1.0 Transitional//EN"
    "http://www.w3.org/TR/xhtml1/DTD/xhtml1-transitional.dtd">
<html xmlns="http://www.w3.org/1999/xhtml" xml:lang="en" lang="en">
 <head>
  <title>
</title>
<meta http-equiv="Content-Type" content="text/html;charset=utf-8" />
  <meta name='ocr-system' content='tesseract 3.04.00' />
  <meta name='ocr-capabilities' content='ocr_page ocr_carea ocr_par ocr_line ocrx_word'/>
</head>
<body>
  <div class='ocr_page' id='page_1' title='image "./mtuliiciceroniso00cice/mtuliiciceroniso00cice_0590.png"; bbox 0 0 2337 3400; ppageno 0'>
   <div class='ocr_carea' id='block_1_1' title="bbox 221 146 1138 222">
    <p class='ocr_par' dir='ltr' id='par_1_1' title="bbox 221 146 1138 222">
     <span class='ocr_line' id='line_1_1' title="bbox 221 146 1138 222; baseline -0.026 -15"><span class='ocrx_word' id='word_1_1' title='bbox 221 177 316 222; x_wconf 74' lang='lat'>512</span> <span class='ocrx_word' id='word_1_2' title='bbox 629 146 1138 198; x_wconf 58' lang='lat' dir='ltr'><strong>MTULLM</strong></span> 
     </span>
    </p>
   </div>
   <div class='ocr_carea' id='block_1_2' title="bbox 202 215 1228 2899">
    <p class='ocr_par' dir='ltr' id='par_1_2' title="bbox 202 215 1228 2899">
     <span class='ocr_line' id='line_1_2' title="bbox 220 215 1175 275; baseline -0.029 -2"><span class='ocrx_word' id='word_1_3' title='bbox 220 243 392 273; x_wconf 80' lang='lat' dir='ltr'>ulterioreni</span> <span class='ocrx_word' id='word_1_4' title='bbox 407 235 582 275; x_wconf 80' lang='lat' dir='ltr'>Hispaniam</span> <span class='ocrx_word' id='word_1_5' title='bbox 594 253 600 266; x_wconf 82' lang='lat'>‚</span> <span class='ocrx_word' id='word_1_6' title='bbox 612 230 798 263; x_wconf 86' lang='lat' dir='ltr'>C.Cosconio</span> <span class='ocrx_word' id='word_1_7' title='bbox 809 223 1004 267; x_wconf 80' lang='lat' dir='ltr'>proconsule?</span> <span class='ocrx_word' id='word_1_8' title='bbox 1015 219 1087 251; x_wconf 73' lang='lat' dir='ltr'>cum</span> <span class='ocrx_word' id='word_1_9' title='bbox 1099 215 1175 248; x_wconf 91' lang='lat' dir='ltr'>illud</span> 
     </span>
     <span class='ocr_line' id='line_1_3' title="bbox 223 259 1179 320; baseline -0.027 -7"><span class='ocrx_word' id='word_1_10' title='bbox 223 286 278 313; x_wconf 82' lang='lat' dir='ltr'>iter</span> <span class='ocrx_word' id='word_1_11' title='bbox 291 279 484 320; x_wconf 62' lang='lat' dir='ltr'>Hispaniense</span> <span class='ocrx_word' id='word_1_12' title='bbox 501 275 626 316; x_wconf 80' lang='lat' dir='ltr'>pedibus</span> <span class='ocrx_word' id='word_1_13' title='bbox 645 273 706 304; x_wconf 76' lang='lat' dir='ltr'>fere</span> <span class='ocrx_word' id='word_1_14' title='bbox 725 268 837 302; x_wconf 83' lang='lat' dir='ltr'>confici</span> <span class='ocrx_word' id='word_1_15' title='bbox 856 268 964 299; x_wconf 81' lang='lat' dir='ltr'>soleat,</span> <span class='ocrx_word' id='word_1_16' title='bbox 986 272 1055 296; x_wconf 89' lang='lat' dir='ltr'>aut,</span> <span class='ocrx_word' id='word_1_17' title='bbox 1077 259 1096 290; x_wconf 82' lang='lat' dir='ltr'>si</span> <span class='ocrx_word' id='word_1_18' title='bbox 1111 260 1179 300; x_wconf 85' lang='lat' dir='ltr'>quis</span> 
     </span>
     <span class='ocr_line' id='line_1_4' title="bbox 225 305 1191 363; baseline -0.026 -9"><span class='ocrx_word' id='word_1_19' title='bbox 225 333 361 363; x_wconf 75' lang='lat' dir='ltr'>navigare</span> <span class='ocrx_word' id='word_1_20' title='bbox 376 321 466 353; x_wconf 83' lang='lat' dir='ltr'>velit,</span> <span class='ocrx_word' id='word_1_21' title='bbox 485 327 562 349; x_wconf 76' lang='lat' dir='ltr'>certa</span> <span class='ocrx_word' id='word_1_22' title='bbox 576 316 609 346; x_wconf 73' lang='lat' dir='ltr'>sit</span> <span class='ocrx_word' id='word_1_23' title='bbox 621 317 696 345; x_wconf 80' lang='lat' dir='ltr'>ratio</span> <span class='ocrx_word' id='word_1_24' title='bbox 710 310 886 353; x_wconf 79' lang='lat' dir='ltr'>naVigandi:</span> <span class='ocrx_word' id='word_1_25' title='bbox 905 305 1060 339; x_wconf 77' lang='lat' dir='ltr'><strong>venerisne</strong></span> <span class='ocrx_word' id='word_1_26' title='bbox 1073 305 1106 332; x_wconf 86' lang='lat' dir='ltr'>in</span> <span class='ocrx_word' id='word_1_27' title='bbox 1116 305 1191 340; x_wconf 51' lang='lat' dir='ltr'>Sar-¹</span> 
     </span>
     <span class='ocr_line' id='line_1_5' title="bbox 227 344 1181 402; baseline -0.025 -7"><span class='ocrx_word' id='word_1_28' title='bbox 227 367 341 395; x_wconf 60' lang='lat' dir='ltr'>dll‘iliim</span> <span class='ocrx_word' id='word_1_29' title='bbox 355 383 362 396; x_wconf 96' lang='lat'>,</span> <span class='ocrx_word' id='word_1_30' title='bbox 377 372 464 402; x_wconf 84' lang='lat' dir='ltr'>atque</span> <span class='ocrx_word' id='word_1_31' title='bbox 475 360 544 390; x_wconf 88' lang='lat' dir='ltr'>inde</span> <span class='ocrx_word' id='word_1_32' title='bbox 554 361 588 389; x_wconf 84' lang='lat' dir='ltr'>in</span> <span class='ocrx_word' id='word_1_33' title='bbox 598 357 750 388; x_wconf 79' lang='lat' dir='ltr'>Africam?</span> <span class='ocrx_word' id='word_1_34' title='bbox 767 352 896 383; x_wconf 73' lang='lat' dir='ltr'>fuerisne</span> <span class='ocrx_word' id='word_1_35' title='bbox 908 371 916 384; x_wconf 97' lang='lat'>,</span> <span class='ocrx_word' id='word_1_36' title='bbox 934 346 1015 389; x_wconf 88' lang='lat' dir='ltr'>quod</span> <span class='ocrx_word' id='word_1_37' title='bbox 1028 344 1087 375; x_wconf 85' lang='lat' dir='ltr'>sine</span> <span class='ocrx_word' id='word_1_38' title='bbox 1099 345 1181 374; x_wconf 89' lang='lat' dir='ltr'>sena-</span> 
     </span>
     <span class='ocr_line' id='line_1_6' title="bbox 228 385 1181 437; baseline -0.024 -1"><span class='ocrx_word' id='word_1_39' title='bbox 228 405 412 437; x_wconf 82' lang='lat' dir='ltr'>tusconsulto</span> <span class='ocrx_word' id='word_1_40' title='bbox 431 403 487 433; x_wconf 85' lang='lat' dir='ltr'>tibi</span> <span class='ocrx_word' id='word_1_41' title='bbox 506 401 600 431; x_wconf 77' lang='lat' dir='ltr'>facere</span> <span class='ocrx_word' id='word_1_42' title='bbox 620 409 683 429; x_wconf 92' lang='lat' dir='ltr'>non</span> <span class='ocrx_word' id='word_1_43' title='bbox 705 398 808 428; x_wconf 88' lang='lat' dir='ltr'>licuit,</span> <span class='ocrx_word' id='word_1_44' title='bbox 831 396 864 423; x_wconf 91' lang='lat' dir='ltr'>in</span> <span class='ocrx_word' id='word_1_45' title='bbox 884 400 976 433; x_wconf 82' lang='lat' dir='ltr'>regno</span> <span class='ocrx_word' id='word_1_46' title='bbox 987 385 1181 426; x_wconf 70' lang='lat' dir='ltr'>Hiempsalis?</span> 
     </span>
     <span class='ocr_line' id='line_1_7' title="bbox 226 429 1184 485; baseline -0.024 -8"><span class='ocrx_word' id='word_1_47' title='bbox 226 447 358 478; x_wconf 77' lang='lat' dir='ltr'>fuerisne</span> <span class='ocrx_word' id='word_1_48' title='bbox 380 448 411 475; x_wconf 90' lang='lat' dir='ltr'>in</span> <span class='ocrx_word' id='word_1_49' title='bbox 430 454 521 485; x_wconf 86' lang='lat' dir='ltr'>regno</span> <span class='ocrx_word' id='word_1_50' title='bbox 539 438 751 472; x_wconf 77' lang='lat' dir='ltr'>Mastanesosi?</span> <span class='ocrx_word' id='word_1_51' title='bbox 774 435 928 467; x_wconf 75' lang='lat' dir='ltr'>venerisne</span> <span class='ocrx_word' id='word_1_52' title='bbox 947 431 982 462; x_wconf 88' lang='lat' dir='ltr'>ad</span> <span class='ocrx_word' id='word_1_53' title='bbox 1002 429 1114 460; x_wconf 87' lang='lat' dir='ltr'>fretum</span> <span class='ocrx_word' id='word_1_54' title='bbox 1133 436 1184 466; x_wconf 88' lang='lat' dir='ltr'>per</span> 
     </span>
     <span class='ocr_line' id='line_1_8' title="bbox 230 469 1182 526; baseline -0.022 -8"><span class='ocrx_word' id='word_1_55' title='bbox 230 489 443 518; x_wconf 73' lang='lat' dir='ltr'>Mauritaniam</span> <span class='ocrx_word' id='word_1_56' title='bbox 455 489 464 513; x_wconf 85' lang='lat'><strong>?</strong></span> <span class='ocrx_word' id='word_1_57' title='bbox 475 494 565 526; x_wconf 90' lang='lat' dir='ltr'>quem</span> <span class='ocrx_word' id='word_1_58' title='bbox 578 484 647 513; x_wconf 86' lang='lat' dir='ltr'>scias</span> <span class='ocrx_word' id='word_1_59' title='bbox 659 489 801 521; x_wconf 78' lang='lat' dir='ltr'>umquam</span> <span class='ocrx_word' id='word_1_60' title='bbox 813 479 941 518; x_wconf 78' lang='lat' dir='ltr'>legatum</span> <span class='ocrx_word' id='word_1_61' title='bbox 952 469 1182 512; x_wconf 82' lang='lat' dir='ltr'>Hispaniensem</span> 
     </span>
     <span class='ocr_line' id='line_1_9' title="bbox 230 512 1186 567; baseline -0.023 -7"><span class='ocrx_word' id='word_1_62' title='bbox 230 529 284 567; x_wconf 66' lang='lat' dir='ltr'>istu</span> <span class='ocrx_word' id='word_1_63' title='bbox 294 527 440 558; x_wconf 73' lang='lat' dir='ltr'>itineribus</span> <span class='ocrx_word' id='word_1_64' title='bbox 452 530 483 557; x_wconf 88' lang='lat' dir='ltr'>in</span> <span class='ocrx_word' id='word_1_65' title='bbox 495 527 575 556; x_wconf 85' lang='lat' dir='ltr'>illam</span> <span class='ocrx_word' id='word_1_66' title='bbox 587 525 773 564; x_wconf 84' lang='lat' dir='ltr'>provinciam</span> <span class='ocrx_word' id='word_1_67' title='bbox 785 515 967 560; x_wconf 73' lang='lat' dir='ltr'>pei-venisse?</span> <span class='ocrx_word' id='word_1_68' title='bbox 987 513 1082 544; x_wconf 63' lang='lat' dir='ltr'>sanstus</span> <span class='ocrx_word' id='word_1_69' title='bbox 1093 521 1122 541; x_wconf 86' lang='lat' dir='ltr'>cs</span> <span class='ocrx_word' id='word_1_70' title='bbox 1133 512 1186 540; x_wconf 88' lang='lat' dir='ltr'>tri-</span> 
     </span>
     <span class='ocr_line' id='line_1_10' title="bbox 233 554 1184 610; baseline -0.023 -8"><span class='ocrx_word' id='word_1_71' title='bbox 233 573 332 603; x_wconf 86' lang='lat' dir='ltr'>bunus</span> <span class='ocrx_word' id='word_1_72' title='bbox 343 571 437 610; x_wconf 84' lang='lat' dir='ltr'>plebis</span> <span class='ocrx_word' id='word_1_73' title='bbox 451 568 535 609; x_wconf 74' lang='lat' dir='ltr'>(quid</span> <span class='ocrx_word' id='word_1_74' title='bbox 545 562 628 598; x_wconf 65' lang='lat' dir='ltr'>enim</span> <span class='ocrx_word' id='word_1_75' title='bbox 640 575 668 595; x_wconf 91' lang='lat' dir='ltr'>te</span> <span class='ocrx_word' id='word_1_76' title='bbox 679 564 714 594; x_wconf 87' lang='lat' dir='ltr'>de</span> <span class='ocrx_word' id='word_1_77' title='bbox 725 558 970 602; x_wconf 75' lang='lat' dir='ltr'>Hispaniensibus</span> <span class='ocrx_word' id='word_1_78' title='bbox 982 556 1102 596; x_wconf 82' lang='lat' dir='ltr'>flagitiis</span> <span class='ocrx_word' id='word_1_79' title='bbox 1114 554 1184 583; x_wconf 89' lang='lat' dir='ltr'>tuis,</span> 
     </span>
     <span class='ocr_line' id='line_1_11' title="bbox 234 593 1186 651; baseline -0.024 -6"><span class='ocrx_word' id='word_1_80' title='bbox 234 611 498 651; x_wconf 84' lang='lat' dir='ltr'>sordidiffimisque</span> <span class='ocrx_word' id='word_1_81' title='bbox 507 609 594 640; x_wconf 81' lang='lat' dir='ltr'>furtis</span> <span class='ocrx_word' id='word_1_82' title='bbox 604 606 811 648; x_wconf 80' lang='lat' dir='ltr'>interrogem?)</span> <span class='ocrx_word' id='word_1_83' title='bbox 822 607 831 623; x_wconf 90' lang='lat'>¹</span> <span class='ocrx_word' id='word_1_84' title='bbox 841 611 942 644; x_wconf 80' lang='lat' dir='ltr'>quaero</span> <span class='ocrx_word' id='word_1_85' title='bbox 953 600 1002 629; x_wconf 85' lang='lat' dir='ltr'>abs</span> <span class='ocrx_word' id='word_1_86' title='bbox 1012 606 1040 627; x_wconf 93' lang='lat' dir='ltr'>te</span> <span class='ocrx_word' id='word_1_87' title='bbox 1050 593 1186 636; x_wconf 71' lang='lat' dir='ltr'>primum</span> 
     </span>
     <span class='ocr_line' id='line_1_12' title="bbox 234 641 1188 694; baseline -0.024 -8"><span class='ocrx_word' id='word_1_88' title='bbox 234 654 375 686; x_wconf 73' lang='lat' dir='ltr'>universe</span> <span class='ocrx_word' id='word_1_89' title='bbox 388 674 396 687; x_wconf 87' lang='lat'>,</span> <span class='ocrx_word' id='word_1_90' title='bbox 413 652 495 694; x_wconf 86' lang='lat' dir='ltr'>quod</span> <span class='ocrx_word' id='word_1_91' title='bbox 515 660 608 693; x_wconf 85' lang='lat' dir='ltr'>genus</span> <span class='ocrx_word' id='word_1_92' title='bbox 626 648 825 689; x_wconf 71' lang='lat' dir='ltr'>improbitatis</span> <span class='ocrx_word' id='word_1_93' title='bbox 837 665 845 678; x_wconf 89' lang='lat'>‚</span> <span class='ocrx_word' id='word_1_94' title='bbox 866 644 898 674; x_wconf 73' lang='grc' dir='ltr'>δε</span> <span class='ocrx_word' id='word_1_95' title='bbox 909 642 1022 673; x_wconf 90' lang='lat' dir='ltr'>sceleris</span> <span class='ocrx_word' id='word_1_96' title='bbox 1034 641 1067 668; x_wconf 90' lang='lat' dir='ltr'>in</span> <span class='ocrx_word' id='word_1_97' title='bbox 1076 647 1112 666; x_wconf 89' lang='lat' dir='ltr'>eo</span> <span class='ocrx_word' id='word_1_98' title='bbox 1123 645 1188 665; x_wconf 84' lang='lat' dir='ltr'>ma-</span> 
     </span>
     <span class='ocr_line' id='line_1_13' title="bbox 234 681 1188 739; baseline -0.022 -13"><span class='ocrx_word' id='word_1_99' title='bbox 234 697 354 739; x_wconf 70' lang='lat' dir='ltr'>gistratu</span> <span class='ocrx_word' id='word_1_100' title='bbox 365 694 608 736; x_wconf 74' lang='lat' dir='ltr'>praetermiseris?</span> <span class='ocrx_word' id='word_1_101' title='bbox 622 694 665 720; x_wconf 83' lang='lat' dir='ltr'>Ac</span> <span class='ocrx_word' id='word_1_102' title='bbox 675 691 730 721; x_wconf 89' lang='lat' dir='ltr'>tibi</span> <span class='ocrx_word' id='word_1_103' title='bbox 741 690 801 727; x_wconf 75' lang='lat' dir='ltr'>jam</span> <span class='ocrx_word' id='word_1_104' title='bbox 812 686 883 716; x_wconf 88' lang='lat' dir='ltr'>inde</span> <span class='ocrx_word' id='word_1_105' title='bbox 893 681 1049 725; x_wconf 65' lang='lat' dir='ltr'>praescribo</span> <span class='ocrx_word' id='word_1_106' title='bbox 1059 700 1068 713; x_wconf 89' lang='lat'>‚</span> <span class='ocrx_word' id='word_1_107' title='bbox 1079 688 1115 708; x_wconf 89' lang='lat' dir='ltr'>ne</span> <span class='ocrx_word' id='word_1_108' title='bbox 1125 686 1188 708; x_wconf 88' lang='lat' dir='ltr'>tuas</span> 
     </span>
     <span class='ocr_line' id='line_1_14' title="bbox 232 720 1188 770; baseline -0.024 0"><span class='ocrx_word' id='word_1_109' title='bbox 232 739 346 770; x_wconf 86' lang='lat' dir='ltr'>sordeis</span> <span class='ocrx_word' id='word_1_110' title='bbox 358 748 428 768; x_wconf 90' lang='lat' dir='ltr'>cum</span> <span class='ocrx_word' id='word_1_111' title='bbox 441 733 670 766; x_wconf 69' lang='lat' dir='ltr'>clarissimorum</span> <span class='ocrx_word' id='word_1_112' title='bbox 682 734 818 762; x_wconf 81' lang='lat' dir='ltr'>vii-orum</span> <span class='ocrx_word' id='word_1_113' title='bbox 834 726 990 768; x_wconf 80' lang='lat' dir='ltr'>splendore</span> <span class='ocrx_word' id='word_1_114' title='bbox 1001 720 1188 763; x_wconf 85' lang='lat' dir='ltr'>permisceas.</span> 
     </span>
     <span class='ocr_line' id='line_1_15' title="bbox 235 766 1192 850; baseline -0.023 -39"><span class='ocrx_word' id='word_1_115' title='bbox 235 785 299 822; x_wconf 86' lang='lat' dir='ltr'>Ego</span> <span class='ocrx_word' id='word_1_116' title='bbox 310 790 338 810; x_wconf 80' lang='lat' dir='ltr'>te</span> <span class='ocrx_word' id='word_1_117' title='bbox 350 800 357 812; x_wconf 84' lang='lat'>,</span> <span class='ocrx_word' id='word_1_118' title='bbox 378 787 575 850; x_wconf 68' lang='lat' dir='ltr'>quaecumque</span> <span class='ocrx_word' id='word_1_119' title='bbox 588 775 698 816; x_wconf 67' lang='lat' dir='ltr'>rogabo</span> <span class='ocrx_word' id='word_1_120' title='bbox 709 794 717 807; x_wconf 87' lang='lat'>,</span> <span class='ocrx_word' id='word_1_121' title='bbox 739 773 774 802; x_wconf 84' lang='lat' dir='ltr'>de</span> <span class='ocrx_word' id='word_1_122' title='bbox 789 781 815 802; x_wconf 84' lang='lat' dir='ltr'>te</span> <span class='ocrx_word' id='word_1_123' title='bbox 830 770 893 810; x_wconf 88' lang='lat' dir='ltr'>ipso</span> <span class='ocrx_word' id='word_1_124' title='bbox 906 766 1015 808; x_wconf 81' lang='lat' dir='ltr'>rogabo</span> <span class='ocrx_word' id='word_1_125' title='bbox 1026 784 1034 798; x_wconf 91' lang='lat'>,</span> <span class='ocrx_word' id='word_1_126' title='bbox 1056 771 1153 802; x_wconf 88' lang='lat' dir='ltr'>neque</span> <span class='ocrx_word' id='word_1_127' title='bbox 1164 769 1192 789; x_wconf 90' lang='lat' dir='ltr'>te</span> 
     </span>
     <span class='ocr_line' id='line_1_16' title="bbox 235 805 1191 862; baseline -0.024 -9"><span class='ocrx_word' id='word_1_128' title='bbox 235 834 274 853; x_wconf 71' lang='lat' dir='ltr'>ex</span> <span class='ocrx_word' id='word_1_129' title='bbox 285 823 388 862; x_wconf 66' lang='lat' dir='ltr'>amplil</span> <span class='ocrx_word' id='word_1_130' title='bbox 402 820 457 851; x_wconf 78' lang='lat' dir='ltr'>imi</span> <span class='ocrx_word' id='word_1_131' title='bbox 468 822 525 849; x_wconf 74' lang='lat' dir='ltr'>viri</span> <span class='ocrx_word' id='word_1_132' title='bbox 535 818 680 857; x_wconf 75' lang='lat' dir='ltr'>dignitate</span> <span class='ocrx_word' id='word_1_133' title='bbox 691 836 699 849; x_wconf 90' lang='lat'>,</span> <span class='ocrx_word' id='word_1_134' title='bbox 716 814 764 845; x_wconf 87' lang='lat' dir='ltr'>sed</span> <span class='ocrx_word' id='word_1_135' title='bbox 774 823 811 843; x_wconf 61' lang='lat' dir='ltr'>ex</span> <span class='ocrx_word' id='word_1_136' title='bbox 823 813 880 842; x_wconf 85' lang='lat' dir='ltr'>tuis</span> <span class='ocrx_word' id='word_1_137' title='bbox 892 809 1021 840; x_wconf 87' lang='lat' dir='ltr'>tenebris</span> <span class='ocrx_word' id='word_1_138' title='bbox 1030 805 1191 835; x_wconf 79' lang='lat' dir='ltr'>extraham:</span> 
     </span>
     <span class='ocr_line' id='line_1_17' title="bbox 237 852 1194 904; baseline -0.023 -8"><span class='ocrx_word' id='word_1_139' title='bbox 237 866 401 904; x_wconf 74' lang='lat' dir='ltr'>omniaque</span> <span class='ocrx_word' id='word_1_140' title='bbox 413 873 478 892; x_wconf 81' lang='lat' dir='ltr'>mea</span> <span class='ocrx_word' id='word_1_141' title='bbox 488 862 545 891; x_wconf 79' lang='lat' dir='ltr'>tela</span> <span class='ocrx_word' id='word_1_142' title='bbox 554 858 632 889; x_wconf 85' lang='lat' dir='ltr'>sicin</span> <span class='ocrx_word' id='word_1_143' title='bbox 644 868 671 888; x_wconf 73' lang='lat' dir='ltr'>te</span> <span class='ocrx_word' id='word_1_144' title='bbox 682 858 892 893; x_wconf 50' lang='lat' dir='ltr'>conficientur,</span> <span class='ocrx_word' id='word_1_145' title='bbox 900 860 932 881; x_wconf 87' lang='lat' dir='ltr'>ut</span> <span class='ocrx_word' id='word_1_146' title='bbox 943 859 1047 881; x_wconf 86' lang='lat' dir='ltr'>nemo,</span> <span class='ocrx_word' id='word_1_147' title='bbox 1055 854 1101 887; x_wconf 78' lang='lat' dir='ltr'>per</span> <span class='ocrx_word' id='word_1_148' title='bbox 1111 852 1194 873; x_wconf 74' lang='lat' dir='ltr'>tuum</span> 
     </span>
     <span class='ocr_line' id='line_1_18' title="bbox 239 888 1193 946; baseline -0.025 -8"><span class='ocrx_word' id='word_1_149' title='bbox 239 908 316 935; x_wconf 63' lang='lat' dir='ltr'>latui</span> <span class='ocrx_word' id='word_1_150' title='bbox 327 905 418 946; x_wconf 68' lang='lat' dir='ltr'>(quod</span> <span class='ocrx_word' id='word_1_151' title='bbox 429 905 505 934; x_wconf 81' lang='lat' dir='ltr'>soles</span> <span class='ocrx_word' id='word_1_152' title='bbox 515 900 624 932; x_wconf 63' lang='lat' dir='ltr'>dicere)</span> <span class='ocrx_word' id='word_1_153' title='bbox 636 900 787 930; x_wconf 70' lang='lat' dir='ltr'>fiiuc‘ittur</span> <span class='ocrx_word' id='word_1_154' title='bbox 812 898 844 925; x_wconf 91' lang='lat' dir='ltr'>in</span> <span class='ocrx_word' id='word_1_155' title='bbox 854 896 912 924; x_wconf 84' lang='lat' dir='ltr'>tuis</span> <span class='ocrx_word' id='word_1_156' title='bbox 923 888 1121 932; x_wconf 79' lang='lat' dir='ltr'>pulmonibus</span> <span class='ocrx_word' id='word_1_157' title='bbox 1133 906 1142 919; x_wconf 88' lang='lat'>,</span> <span class='ocrx_word' id='word_1_158' title='bbox 1161 895 1193 914; x_wconf 89' lang='lat' dir='ltr'>ac</span> 
     </span>
     <span class='ocr_line' id='line_1_19' title="bbox 202 936 1195 980; baseline -0.024 0"><span class='ocrx_word' id='word_1_159' title='bbox 202 945 223 978; x_wconf 89' lang='lat'><strong>6</strong></span> <span class='ocrx_word' id='word_1_160' title='bbox 240 946 574 979; x_wconf 77' lang='lat' dir='ltr'>visceribusliaerebunt.</span> <span class='ocrx_word' id='word_1_161' title='bbox 619 945 656 972; x_wconf 82' lang='lat' dir='ltr'>Et</span> <span class='ocrx_word' id='word_1_162' title='bbox 668 962 675 973; x_wconf 88' lang='lat'>‚</span> <span class='ocrx_word' id='word_1_163' title='bbox 695 940 840 980; x_wconf 75' lang='lat' dir='ltr'>quoniam</span> <span class='ocrx_word' id='word_1_164' title='bbox 857 936 1000 965; x_wconf 84' lang='lat' dir='ltr'>omnium</span> <span class='ocrx_word' id='word_1_165' title='bbox 1016 939 1116 961; x_wconf 87' lang='lat' dir='ltr'>rerum</span> <span class='ocrx_word' id='word_1_166' title='bbox 1131 937 1195 956; x_wconf 90' lang='lat' dir='ltr'>ma-</span> 
     </span>
     <span class='ocr_line' id='line_1_20' title="bbox 238 970 1196 1032; baseline -0.024 -11"><span class='ocrx_word' id='word_1_167' title='bbox 238 999 364 1032; x_wconf 80' lang='lat' dir='ltr'>gnarum</span> <span class='ocrx_word' id='word_1_168' title='bbox 375 989 391 1018; x_wconf 69' lang='lat' dir='ltr'>a</span> <span class='ocrx_word' id='word_1_169' title='bbox 402 988 458 1018; x_wconf 78' lang='lat' dir='ltr'>diis</span> <span class='ocrx_word' id='word_1_170' title='bbox 469 983 728 1017; x_wconf 74' lang='lat' dir='ltr'>immmortalibus</span> <span class='ocrx_word' id='word_1_171' title='bbox 739 981 887 1020; x_wconf 82' lang='lat' dir='ltr'>principia</span> <span class='ocrx_word' id='word_1_172' title='bbox 900 977 1049 1006; x_wconf 87' lang='lat' dir='ltr'>ducuntur</span> <span class='ocrx_word' id='word_1_173' title='bbox 1058 992 1066 1006; x_wconf 89' lang='lat'>‚</span> <span class='ocrx_word' id='word_1_174' title='bbox 1076 970 1150 1001; x_wconf 92' lang='lat' dir='ltr'>volo</span> <span class='ocrx_word' id='word_1_175' title='bbox 1165 976 1196 998; x_wconf 90' lang='lat' dir='ltr'>ut</span> 
     </span>
     <span class='ocr_line' id='line_1_21' title="bbox 242 1010 1196 1070; baseline -0.024 -8"><span class='ocrx_word' id='word_1_176' title='bbox 242 1034 321 1062; x_wconf 85' lang='lat' dir='ltr'>mihi</span> <span class='ocrx_word' id='word_1_177' title='bbox 337 1030 513 1070; x_wconf 70' lang='lat' dir='ltr'>respondeas</span> <span class='ocrx_word' id='word_1_178' title='bbox 527 1036 558 1057; x_wconf 91' lang='lat' dir='ltr'>tu</span> <span class='ocrx_word' id='word_1_179' title='bbox 569 1046 577 1060; x_wconf 87' lang='lat'><em>‚</em></span> <span class='ocrx_word' id='word_1_180' title='bbox 598 1026 689 1066; x_wconf 88' lang='lat' dir='ltr'>quite</span> <span class='ocrx_word' id='word_1_181' title='bbox 700 1022 926 1063; x_wconf 80' lang='lat' dir='ltr'>Pythagoricum</span> <span class='ocrx_word' id='word_1_182' title='bbox 940 1017 1014 1048; x_wconf 89' lang='lat' dir='ltr'>soles</span> <span class='ocrx_word' id='word_1_183' title='bbox 1027 1015 1123 1045; x_wconf 82' lang='lat' dir='ltr'>dicere</span> <span class='ocrx_word' id='word_1_184' title='bbox 1135 1031 1143 1044; x_wconf 88' lang='lat'>‚</span> <span class='ocrx_word' id='word_1_185' title='bbox 1163 1010 1196 1039; x_wconf 65' lang='grc' dir='ltr'>ὃς</span> 
     </span>
     <span class='ocr_line' id='line_1_22' title="bbox 240 1053 1198 1104; baseline -0.026 1"><span class='ocrx_word' id='word_1_186' title='bbox 240 1074 378 1104; x_wconf 79' lang='lat' dir='ltr'>hominis</span> <span class='ocrx_word' id='word_1_187' title='bbox 396 1068 557 1101; x_wconf 57' lang='lat' dir='ltr'>doetiffimi</span> <span class='ocrx_word' id='word_1_188' title='bbox 577 1076 693 1097; x_wconf 90' lang='lat' dir='ltr'>nornen</span> <span class='ocrx_word' id='word_1_189' title='bbox 711 1067 769 1095; x_wconf 89' lang='lat' dir='ltr'>tuis</span> <span class='ocrx_word' id='word_1_190' title='bbox 787 1060 973 1093; x_wconf 82' lang='lat' dir='ltr'>immanibus</span> <span class='ocrx_word' id='word_1_191' title='bbox 986 1079 994 1092; x_wconf 97' lang='lat'>,</span> <span class='ocrx_word' id='word_1_192' title='bbox 1018 1058 1050 1087; x_wconf 69' lang='grc' dir='ltr'>ὃς</span> <span class='ocrx_word' id='word_1_193' title='bbox 1069 1053 1198 1084; x_wconf 81' lang='lat' dir='ltr'>barbaris</span> 
     </span>
     <span class='ocr_line' id='line_1_23' title="bbox 242 1095 1198 1153; baseline -0.024 -7"><span class='ocrx_word' id='word_1_194' title='bbox 242 1117 379 1146; x_wconf 77' lang='lat' dir='ltr'>moribus</span> <span class='ocrx_word' id='word_1_195' title='bbox 390 1111 568 1153; x_wconf 57' lang='lat' dir='ltr'>praetendere</span> <span class='ocrx_word' id='word_1_196' title='bbox 579 1129 587 1143; x_wconf 90' lang='lat'>,</span> <span class='ocrx_word' id='word_1_197' title='bbox 601 1119 665 1149; x_wconf 65' lang='lat' dir='ltr'>qua:</span> <span class='ocrx_word' id='word_1_198' title='bbox 677 1116 703 1137; x_wconf 90' lang='lat' dir='ltr'>te</span> <span class='ocrx_word' id='word_1_199' title='bbox 714 1115 792 1137; x_wconf 86' lang='lat' dir='ltr'>tanta</span> <span class='ocrx_word' id='word_1_200' title='bbox 800 1106 926 1145; x_wconf 88' lang='lat' dir='ltr'>pravitas</span> <span class='ocrx_word' id='word_1_201' title='bbox 939 1102 1049 1131; x_wconf 83' lang='lat' dir='ltr'>mentis</span> <span class='ocrx_word' id='word_1_202' title='bbox 1059 1095 1198 1128; x_wconf 87' lang='lat' dir='ltr'>tenuerit,</span> 
     </span>
     <span class='ocr_line' id='line_1_24' title="bbox 242 1136 1197 1198; baseline -0.023 -11"><span class='ocrx_word' id='word_1_203' title='bbox 242 1160 295 1198; x_wconf 88' lang='lat' dir='ltr'>qui</span> <span class='ocrx_word' id='word_1_204' title='bbox 307 1166 402 1186; x_wconf 85' lang='lat' dir='ltr'>tantus</span> <span class='ocrx_word' id='word_1_205' title='bbox 412 1154 496 1184; x_wconf 81' lang='lat' dir='ltr'>furor</span> <span class='ocrx_word' id='word_1_206' title='bbox 506 1173 513 1185; x_wconf 95' lang='lat'><strong>‚</strong></span> <span class='ocrx_word' id='word_1_207' title='bbox 530 1161 562 1181; x_wconf 89' lang='lat' dir='ltr'>ut</span> <span class='ocrx_word' id='word_1_208' title='bbox 572 1172 580 1184; x_wconf 83' lang='lat'><strong><em>‚</em></strong></span> <span class='ocrx_word' id='word_1_209' title='bbox 600 1150 673 1181; x_wconf 66' lang='lat' dir='ltr'>cum</span> <span class='ocrx_word' id='word_1_210' title='bbox 684 1147 817 1179; x_wconf 87' lang='lat' dir='ltr'>inaudita</span> <span class='ocrx_word' id='word_1_211' title='bbox 829 1166 836 1180; x_wconf 87' lang='lat'><em>‚</em></span> <span class='ocrx_word' id='word_1_212' title='bbox 858 1156 889 1176; x_wconf 89' lang='lat' dir='ltr'>ac</span> <span class='ocrx_word' id='word_1_213' title='bbox 900 1143 1011 1174; x_wconf 82' lang='lat' dir='ltr'>nefaria</span> <span class='ocrx_word' id='word_1_214' title='bbox 1020 1142 1095 1171; x_wconf 90' lang='lat' dir='ltr'>sacra</span> <span class='ocrx_word' id='word_1_215' title='bbox 1104 1136 1197 1180; x_wconf 55' lang='lat' dir='ltr'>suscess</span> 
     </span>
     <span class='ocr_line' id='line_1_25' title="bbox 243 1184 1202 1240; baseline -0.024 -10"><span class='ocrx_word' id='word_1_216' title='bbox 243 1202 319 1240; x_wconf 74' lang='lat' dir='ltr'>peris</span> <span class='ocrx_word' id='word_1_217' title='bbox 332 1219 340 1231; x_wconf 85' lang='lat'>‚</span> <span class='ocrx_word' id='word_1_218' title='bbox 360 1196 432 1228; x_wconf 80' lang='lat' dir='ltr'>cuni</span> <span class='ocrx_word' id='word_1_219' title='bbox 444 1194 613 1225; x_wconf 78' lang='lat' dir='ltr'>inferorum</span> <span class='ocrx_word' id='word_1_220' title='bbox 625 1194 740 1222; x_wconf 89' lang='lat' dir='ltr'>animas</span> <span class='ocrx_word' id='word_1_221' title='bbox 750 1190 855 1219; x_wconf 80' lang='lat' dir='ltr'>elicere</span> <span class='ocrx_word' id='word_1_222' title='bbox 867 1207 875 1221; x_wconf 91' lang='lat'>,</span> <span class='ocrx_word' id='word_1_223' title='bbox 895 1185 967 1216; x_wconf 78' lang='lat' dir='ltr'>curn</span> <span class='ocrx_word' id='word_1_224' title='bbox 974 1190 1123 1226; x_wconf 80' lang='lat' dir='ltr'>puerorum</span> <span class='ocrx_word' id='word_1_225' title='bbox 1134 1184 1202 1206; x_wconf 73' lang='lat' dir='ltr'>extu</span> 
     </span>
     <span class='ocr_line' id='line_1_26' title="bbox 245 1222 1201 1271; baseline -0.024 0"><span class='ocrx_word' id='word_1_226' title='bbox 245 1242 318 1271; x_wconf 76' lang='lat' dir='ltr'>deos</span> <span class='ocrx_word' id='word_1_227' title='bbox 330 1248 431 1269; x_wconf 75' lang='lat' dir='ltr'>manes</span> <span class='ocrx_word' id='word_1_228' title='bbox 443 1236 570 1267; x_wconf 56' lang='lat' dir='ltr'>maritare</span> <span class='ocrx_word' id='word_1_229' title='bbox 580 1235 672 1265; x_wconf 85' lang='lat' dir='ltr'>soleas</span> <span class='ocrx_word' id='word_1_230' title='bbox 685 1244 689 1262; x_wconf 90' lang='lat'>:</span> <span class='ocrx_word' id='word_1_231' title='bbox 701 1232 839 1271; x_wconf 87' lang='lat' dir='ltr'>auspicia,</span> <span class='ocrx_word' id='word_1_232' title='bbox 851 1228 960 1270; x_wconf 84' lang='lat' dir='ltr'>quibus</span> <span class='ocrx_word' id='word_1_233' title='bbox 971 1228 1033 1255; x_wconf 81' lang='lat' dir='ltr'>haec</span> <span class='ocrx_word' id='word_1_234' title='bbox 1045 1222 1115 1253; x_wconf 86' lang='lat' dir='ltr'>urbs</span> <span class='ocrx_word' id='word_1_235' title='bbox 1126 1228 1201 1249; x_wconf 90' lang='lat' dir='ltr'>con-</span> 
     </span>
     <span class='ocr_line' id='line_1_27' title="bbox 241 1269 1202 1321; baseline -0.025 -8"><span class='ocrx_word' id='word_1_236' title='bbox 241 1283 306 1313; x_wconf 82' lang='lat' dir='ltr'>dita</span> <span class='ocrx_word' id='word_1_237' title='bbox 320 1280 361 1311; x_wconf 86' lang='lat' dir='ltr'>cst</span> <span class='ocrx_word' id='word_1_238' title='bbox 372 1301 380 1314; x_wconf 91' lang='lat'>,</span> <span class='ocrx_word' id='word_1_239' title='bbox 400 1279 509 1321; x_wconf 84' lang='lat' dir='ltr'>quibus</span> <span class='ocrx_word' id='word_1_240' title='bbox 520 1278 622 1308; x_wconf 87' lang='lat' dir='ltr'>omnis</span> <span class='ocrx_word' id='word_1_241' title='bbox 632 1274 797 1314; x_wconf 86' lang='lat' dir='ltr'>respublica</span> <span class='ocrx_word' id='word_1_242' title='bbox 805 1281 891 1312; x_wconf 87' lang='lat' dir='ltr'>atque</span> <span class='ocrx_word' id='word_1_243' title='bbox 902 1269 1064 1308; x_wconf 89' lang='lat' dir='ltr'>imperium</span> <span class='ocrx_word' id='word_1_244' title='bbox 1076 1269 1202 1294; x_wconf 85' lang='lat' dir='ltr'>tenetur,</span> 
     </span>
     <span class='ocr_line' id='line_1_28' title="bbox 247 1304 1201 1359; baseline -0.024 -5"><span class='ocrx_word' id='word_1_245' title='bbox 247 1323 445 1355; x_wconf 80' lang='lat' dir='ltr'>contemseris</span> <span class='ocrx_word' id='word_1_246' title='bbox 457 1324 466 1349; x_wconf 86' lang='lat'>?</span> <span class='ocrx_word' id='word_1_247' title='bbox 486 1320 637 1359; x_wconf 88' lang='lat' dir='ltr'>initioque</span> <span class='ocrx_word' id='word_1_248' title='bbox 648 1317 814 1347; x_wconf 82' lang='lat' dir='ltr'>tribunatus</span> <span class='ocrx_word' id='word_1_249' title='bbox 828 1315 872 1343; x_wconf 86' lang='lat' dir='ltr'>tui</span> <span class='ocrx_word' id='word_1_250' title='bbox 886 1310 996 1341; x_wconf 87' lang='lat' dir='ltr'>senatui</span> <span class='ocrx_word' id='word_1_251' title='bbox 1006 1304 1201 1337; x_wconf 76' lang='lat' dir='ltr'>denuntiaris,</span> 
     </span>
     <span class='ocr_line' id='line_1_29' title="bbox 244 1347 1203 1402; baseline -0.025 -5"><span class='ocrx_word' id='word_1_252' title='bbox 244 1362 305 1398; x_wconf 77' lang='lat' dir='ltr'>tuis</span> <span class='ocrx_word' id='word_1_253' title='bbox 313 1364 485 1395; x_wconf 71' lang='lat' dir='ltr'>aCt‘ionibus</span> <span class='ocrx_word' id='word_1_254' title='bbox 495 1369 642 1402; x_wconf 81' lang='lat' dir='ltr'>augurum</span> <span class='ocrx_word' id='word_1_255' title='bbox 657 1356 813 1397; x_wconf 83' lang='lat' dir='ltr'>responsa,</span> <span class='ocrx_word' id='word_1_256' title='bbox 833 1363 919 1394; x_wconf 84' lang='lat' dir='ltr'>atque</span> <span class='ocrx_word' id='word_1_257' title='bbox 938 1353 1002 1391; x_wconf 80' lang='lat' dir='ltr'>ejus</span> <span class='ocrx_word' id='word_1_258' title='bbox 1020 1347 1142 1388; x_wconf 89' lang='lat' dir='ltr'>collegii</span> <span class='ocrx_word' id='word_1_259' title='bbox 1158 1354 1203 1373; x_wconf 81' lang='lat' dir='ltr'>ar-</span> 
     </span>
     <span class='ocr_line' id='line_1_30' title="bbox 245 1391 1205 1449; baseline -0.025 -10"><span class='ocrx_word' id='word_1_260' title='bbox 245 1408 414 1449; x_wconf 74' lang='lat' dir='ltr'>rogantiam</span> <span class='ocrx_word' id='word_1_261' title='bbox 425 1404 648 1444; x_wconf 86' lang='lat' dir='ltr'>impedimento</span> <span class='ocrx_word' id='word_1_262' title='bbox 660 1410 722 1430; x_wconf 89' lang='lat' dir='ltr'>non</span> <span class='ocrx_word' id='word_1_263' title='bbox 733 1398 883 1429; x_wconf 82' lang='lat' dir='ltr'>futuram?</span> <span class='ocrx_word' id='word_1_264' title='bbox 897 1391 1070 1425; x_wconf 87' lang='lat' dir='ltr'>Secundum</span> <span class='ocrx_word' id='word_1_265' title='bbox 1081 1399 1113 1419; x_wconf 91' lang='lat' dir='ltr'>ea</span> <span class='ocrx_word' id='word_1_266' title='bbox 1123 1396 1205 1428; x_wconf 86' lang='lat' dir='ltr'>quae-</span> 
     </span>
     <span class='ocr_line' id='line_1_31' title="bbox 248 1435 1202 1483; baseline -0.025 -2"><span class='ocrx_word' id='word_1_267' title='bbox 248 1461 284 1481; x_wconf 80' lang='lat' dir='ltr'>ro</span> <span class='ocrx_word' id='word_1_268' title='bbox 294 1470 302 1483; x_wconf 86' lang='lat'>‚</span> <span class='ocrx_word' id='word_1_269' title='bbox 323 1447 481 1479; x_wconf 83' lang='lat' dir='ltr'>servarisne</span> <span class='ocrx_word' id='word_1_270' title='bbox 493 1448 524 1476; x_wconf 86' lang='lat' dir='ltr'>in</span> <span class='ocrx_word' id='word_1_271' title='bbox 535 1455 572 1475; x_wconf 88' lang='lat' dir='ltr'>eo</span> <span class='ocrx_word' id='word_1_272' title='bbox 584 1442 696 1473; x_wconf 88' lang='lat' dir='ltr'>fidem?</span> <span class='ocrx_word' id='word_1_273' title='bbox 714 1450 789 1471; x_wconf 90' lang='lat' dir='ltr'>num</span> <span class='ocrx_word' id='word_1_274' title='bbox 800 1436 920 1480; x_wconf 88' lang='lat' dir='ltr'>quando</span> <span class='ocrx_word' id='word_1_275' title='bbox 931 1435 986 1465; x_wconf 90' lang='lat' dir='ltr'>tibi</span> <span class='ocrx_word' id='word_1_276' title='bbox 995 1441 1114 1463; x_wconf 89' lang='lat' dir='ltr'>moram</span> <span class='ocrx_word' id='word_1_277' title='bbox 1129 1437 1202 1458; x_wconf 36' lang='lat' dir='ltr'>attus</span> 
     </span>
     <span class='ocr_line' id='line_1_32' title="bbox 248 1472 1205 1531; baseline -0.024 -9"><span class='ocrx_word' id='word_1_278' title='bbox 248 1492 334 1524; x_wconf 85' lang='lat' dir='ltr'>lerit,</span> <span class='ocrx_word' id='word_1_279' title='bbox 354 1499 415 1531; x_wconf 91' lang='lat' dir='ltr'>quo</span> <span class='ocrx_word' id='word_1_280' title='bbox 435 1487 539 1518; x_wconf 74' lang='lat' dir='ltr'>minus</span> <span class='ocrx_word' id='word_1_281' title='bbox 558 1485 725 1516; x_wconf 86' lang='lat' dir='ltr'>concilium</span> <span class='ocrx_word' id='word_1_282' title='bbox 739 1481 896 1513; x_wconf 88' lang='lat' dir='ltr'>advocares</span> <span class='ocrx_word' id='word_1_283' title='bbox 908 1498 917 1512; x_wconf 91' lang='lat'>,</span> <span class='ocrx_word' id='word_1_284' title='bbox 936 1477 1094 1518; x_wconf 85' lang='lat' dir='ltr'>legemque</span> <span class='ocrx_word' id='word_1_285' title='bbox 1104 1472 1205 1503; x_wconf 81' lang='lat' dir='ltr'>feri-es,</span> 
     </span>
     <span class='ocr_line' id='line_1_33' title="bbox 248 1513 1202 1574; baseline -0.023 -10"><span class='ocrx_word' id='word_1_286' title='bbox 248 1533 331 1574; x_wconf 84' lang='lat' dir='ltr'>quod</span> <span class='ocrx_word' id='word_1_287' title='bbox 350 1542 386 1561; x_wconf 88' lang='lat' dir='ltr'>eo</span> <span class='ocrx_word' id='word_1_288' title='bbox 405 1530 451 1561; x_wconf 88' lang='lat' dir='ltr'>die</span> <span class='ocrx_word' id='word_1_289' title='bbox 471 1531 558 1560; x_wconf 88' lang='lat' dir='ltr'>scires</span> <span class='ocrx_word' id='word_1_290' title='bbox 574 1527 610 1558; x_wconf 88' lang='lat' dir='ltr'>de</span> <span class='ocrx_word' id='word_1_291' title='bbox 627 1526 706 1556; x_wconf 86' lang='lat' dir='ltr'>coelo</span> <span class='ocrx_word' id='word_1_292' title='bbox 719 1522 776 1554; x_wconf 84' lang='lat' dir='ltr'>effe</span> <span class='ocrx_word' id='word_1_293' title='bbox 790 1521 957 1553; x_wconf 82' lang='lat' dir='ltr'>servatum?</span> <span class='ocrx_word' id='word_1_294' title='bbox 981 1520 1036 1550; x_wconf 87' lang='lat' dir='ltr'>Et,</span> <span class='ocrx_word' id='word_1_295' title='bbox 1055 1513 1202 1557; x_wconf 65' lang='lat' dir='ltr'>quonian}</span> 
     </span>
     <span class='ocr_line' id='line_1_34' title="bbox 250 1551 1207 1610; baseline -0.023 -5"><span class='ocrx_word' id='word_1_296' title='bbox 250 1577 301 1605; x_wconf 90' lang='lat' dir='ltr'>hic</span> <span class='ocrx_word' id='word_1_297' title='bbox 311 1575 395 1604; x_wconf 91' lang='lat' dir='ltr'>locus</span> <span class='ocrx_word' id='word_1_298' title='bbox 406 1581 483 1602; x_wconf 85' lang='lat' dir='ltr'>unus</span> <span class='ocrx_word' id='word_1_299' title='bbox 495 1570 535 1601; x_wconf 84' lang='lat' dir='ltr'>est</span> <span class='ocrx_word' id='word_1_300' title='bbox 547 1590 556 1604; x_wconf 92' lang='lat'>,</span> <span class='ocrx_word' id='word_1_301' title='bbox 571 1578 662 1610; x_wconf 83' lang='lat' dir='ltr'>quem</span> <span class='ocrx_word' id='word_1_302' title='bbox 673 1567 728 1597; x_wconf 89' lang='lat' dir='ltr'>tibi</span> <span class='ocrx_word' id='word_1_303' title='bbox 738 1575 807 1596; x_wconf 88' lang='lat' dir='ltr'>cum</span> <span class='ocrx_word' id='word_1_304' title='bbox 818 1563 928 1594; x_wconf 78' lang='lat' dir='ltr'>Caesare</span> <span class='ocrx_word' id='word_1_305' title='bbox 939 1566 1140 1590; x_wconf 87' lang='lat' dir='ltr'>communem</span> <span class='ocrx_word' id='word_1_306' title='bbox 1149 1551 1207 1583; x_wconf 83' lang='lat' dir='ltr'>efle</span> 
     </span>
     <span class='ocr_line' id='line_1_35' title="bbox 252 1593 1206 1654; baseline -0.022 -7"><span class='ocrx_word' id='word_1_307' title='bbox 252 1617 350 1647; x_wconf 88' lang='lat' dir='ltr'>dicas:</span> <span class='ocrx_word' id='word_1_308' title='bbox 371 1615 523 1654; x_wconf 86' lang='lat' dir='ltr'>sejungam</span> <span class='ocrx_word' id='word_1_309' title='bbox 534 1621 561 1642; x_wconf 83' lang='lat' dir='ltr'>te</span> <span class='ocrx_word' id='word_1_310' title='bbox 571 1611 607 1641; x_wconf 88' lang='lat' dir='ltr'>ab</span> <span class='ocrx_word' id='word_1_311' title='bbox 616 1610 670 1640; x_wconf 92' lang='lat' dir='ltr'>illo</span> <span class='ocrx_word' id='word_1_312' title='bbox 681 1629 689 1643; x_wconf 98' lang='lat'>,</span> <span class='ocrx_word' id='word_1_313' title='bbox 705 1618 769 1638; x_wconf 90' lang='lat' dir='ltr'>non</span> <span class='ocrx_word' id='word_1_314' title='bbox 781 1605 880 1636; x_wconf 76' lang='lat' dir='ltr'>solum</span> <span class='ocrx_word' id='word_1_315' title='bbox 891 1605 964 1643; x_wconf 90' lang='lat' dir='ltr'>reip.</span> <span class='ocrx_word' id='word_1_316' title='bbox 975 1601 1060 1632; x_wconf 87' lang='lat' dir='ltr'>causa</span> <span class='ocrx_word' id='word_1_317' title='bbox 1070 1620 1079 1634; x_wconf 93' lang='lat'>,</span> <span class='ocrx_word' id='word_1_318' title='bbox 1098 1593 1206 1629; x_wconf 65' lang='lat' dir='ltr'>versun</span> 
     </span>
     <span class='ocr_line' id='line_1_36' title="bbox 252 1639 1207 1693; baseline -0.024 -4"><span class='ocrx_word' id='word_1_319' title='bbox 252 1661 343 1689; x_wconf 84' lang='lat' dir='ltr'>etiarn</span> <span class='ocrx_word' id='word_1_320' title='bbox 354 1656 474 1687; x_wconf 84' lang='lat' dir='ltr'>Caesaris</span> <span class='ocrx_word' id='word_1_321' title='bbox 484 1675 493 1689; x_wconf 95' lang='lat'>,</span> <span class='ocrx_word' id='word_1_322' title='bbox 513 1663 609 1693; x_wconf 85' lang='lat' dir='ltr'>nequa</span> <span class='ocrx_word' id='word_1_323' title='bbox 619 1661 657 1681; x_wconf 88' lang='lat' dir='ltr'>ex</span> <span class='ocrx_word' id='word_1_324' title='bbox 667 1660 716 1680; x_wconf 90' lang='lat' dir='ltr'>tua</span> <span class='ocrx_word' id='word_1_325' title='bbox 725 1650 841 1680; x_wconf 89' lang='lat' dir='ltr'>summa</span> <span class='ocrx_word' id='word_1_326' title='bbox 850 1645 1028 1686; x_wconf 84' lang='lat' dir='ltr'>indignitate</span> <span class='ocrx_word' id='word_1_327' title='bbox 1038 1640 1110 1672; x_wconf 82' lang='lat' dir='ltr'>labes</span> <span class='ocrx_word' id='word_1_328' title='bbox 1126 1639 1207 1669; x_wconf 89' lang='lat' dir='ltr'>illius</span> 
     </span>
     <span class='ocr_line' id='line_1_37' title="bbox 252 1680 1208 1741; baseline -0.023 -10"><span class='ocrx_word' id='word_1_329' title='bbox 252 1700 391 1741; x_wconf 81' lang='lat' dir='ltr'>dignitati</span> <span class='ocrx_word' id='word_1_330' title='bbox 408 1697 538 1737; x_wconf 86' lang='lat' dir='ltr'>adspersa</span> <span class='ocrx_word' id='word_1_331' title='bbox 551 1694 696 1725; x_wconf 84' lang='lat' dir='ltr'>videatur.</span> <span class='ocrx_word' id='word_1_332' title='bbox 719 1689 858 1722; x_wconf 81' lang='lat' dir='ltr'>Primum</span> <span class='ocrx_word' id='word_1_333' title='bbox 877 1697 995 1728; x_wconf 84' lang='lat' dir='ltr'>quaero,</span> <span class='ocrx_word' id='word_1_334' title='bbox 1018 1693 1094 1715; x_wconf 89' lang='lat' dir='ltr'>num</span> <span class='ocrx_word' id='word_1_335' title='bbox 1115 1691 1146 1712; x_wconf 90' lang='lat' dir='ltr'>tu</span> <span class='ocrx_word' id='word_1_336' title='bbox 1166 1680 1208 1710; x_wconf 85' lang='lat' dir='ltr'>se-</span> 
     </span>
     <span class='ocr_line' id='line_1_38' title="bbox 253 1722 1206 1776; baseline -0.02 -4"><span class='ocrx_word' id='word_1_337' title='bbox 253 1744 338 1773; x_wconf 89' lang='lat' dir='ltr'>natui</span> <span class='ocrx_word' id='word_1_338' title='bbox 357 1740 473 1771; x_wconf 83' lang='lat' dir='ltr'>causam</span> <span class='ocrx_word' id='word_1_339' title='bbox 493 1747 575 1768; x_wconf 84' lang='lat' dir='ltr'>tuam</span> <span class='ocrx_word' id='word_1_340' title='bbox 592 1736 764 1776; x_wconf 74' lang='lat' dir='ltr'>permittas,</span> <span class='ocrx_word' id='word_1_341' title='bbox 785 1730 865 1773; x_wconf 85' lang='lat' dir='ltr'>quod</span> <span class='ocrx_word' id='word_1_342' title='bbox 876 1730 944 1760; x_wconf 76' lang='lat' dir='ltr'>facit</span> <span class='ocrx_word' id='word_1_343' title='bbox 955 1727 1067 1758; x_wconf 81' lang='lat' dir='ltr'>Caesar?</span> <span class='ocrx_word' id='word_1_344' title='bbox 1087 1722 1206 1754; x_wconf 76' lang='lat' dir='ltr'>deinde,</span> 
     </span>
     <span class='ocr_line' id='line_1_39' title="bbox 252 1764 1210 1825; baseline -0.021 -11"><span class='ocrx_word' id='word_1_345' title='bbox 252 1794 321 1825; x_wconf 85' lang='lat' dir='ltr'>quae</span> <span class='ocrx_word' id='word_1_346' title='bbox 339 1781 372 1812; x_wconf 85' lang='lat' dir='ltr'>sit</span> <span class='ocrx_word' id='word_1_347' title='bbox 389 1780 549 1812; x_wconf 59' lang='lat' dir='ltr'>auctor-itas</span> <span class='ocrx_word' id='word_1_348' title='bbox 562 1779 625 1818; x_wconf 88' lang='lat' dir='ltr'>ejus</span> <span class='ocrx_word' id='word_1_349' title='bbox 637 1797 645 1810; x_wconf 93' lang='lat'>‚</span> <span class='ocrx_word' id='word_1_350' title='bbox 666 1777 720 1817; x_wconf 91' lang='lat' dir='ltr'>qui</span> <span class='ocrx_word' id='word_1_351' title='bbox 733 1776 760 1805; x_wconf 91' lang='lat' dir='ltr'>se</span> <span class='ocrx_word' id='word_1_352' title='bbox 774 1775 893 1805; x_wconf 84' lang='lat' dir='ltr'>alterius</span> <span class='ocrx_word' id='word_1_353' title='bbox 903 1770 982 1802; x_wconf 66' lang='lat' dir='ltr'>fasto</span> <span class='ocrx_word' id='word_1_354' title='bbox 992 1789 1000 1803; x_wconf 91' lang='lat'>,</span> <span class='ocrx_word' id='word_1_355' title='bbox 1020 1777 1085 1798; x_wconf 88' lang='lat' dir='ltr'>non</span> <span class='ocrx_word' id='word_1_356' title='bbox 1095 1767 1148 1797; x_wconf 90' lang='lat' dir='ltr'>suo</span> <span class='ocrx_word' id='word_1_357' title='bbox 1158 1764 1210 1794; x_wconf 84' lang='lat' dir='ltr'>de-</span> 
     </span>
     <span class='ocr_line' id='line_1_40' title="bbox 249 1814 1209 1859; baseline -0.02 -3"><span class='ocrx_word' id='word_1_358' title='bbox 249 1825 376 1856; x_wconf 62' lang='lat' dir='ltr'>fendat?</span> <span class='ocrx_word' id='word_1_359' title='bbox 396 1821 507 1853; x_wconf 81' lang='lat' dir='ltr'>deinde</span> <span class='ocrx_word' id='word_1_360' title='bbox 525 1822 673 1859; x_wconf 82' lang='lat' dir='ltr'>(erumpet</span> <span class='ocrx_word' id='word_1_361' title='bbox 683 1819 766 1848; x_wconf 89' lang='lat' dir='ltr'>enim</span> <span class='ocrx_word' id='word_1_362' title='bbox 776 1814 938 1856; x_wconf 87' lang='lat' dir='ltr'>aliquando</span> <span class='ocrx_word' id='word_1_363' title='bbox 948 1823 986 1843; x_wconf 87' lang='lat' dir='ltr'>ex</span> <span class='ocrx_word' id='word_1_364' title='bbox 997 1821 1046 1841; x_wconf 89' lang='lat' dir='ltr'>me</span> <span class='ocrx_word' id='word_1_365' title='bbox 1058 1819 1125 1841; x_wconf 88' lang='lat' dir='ltr'>vera</span> <span class='ocrx_word' id='word_1_366' title='bbox 1135 1817 1209 1837; x_wconf 72' lang='lat' dir='ltr'>vox,</span> 
     </span>
     <span class='ocr_line' id='line_1_41' title="bbox 257 1851 1211 1900; baseline -0.02 -3"><span class='ocrx_word' id='word_1_367' title='bbox 257 1867 292 1898; x_wconf 90' lang='lat'>&amp;</span> <span class='ocrx_word' id='word_1_368' title='bbox 311 1867 408 1897; x_wconf 86' lang='lat' dir='ltr'>dicam</span> <span class='ocrx_word' id='word_1_369' title='bbox 427 1863 488 1894; x_wconf 83' lang='lat' dir='ltr'>sine</span> <span class='ocrx_word' id='word_1_370' title='bbox 506 1861 698 1892; x_wconf 61' lang='lat' dir='ltr'>cunctatione</span> <span class='ocrx_word' id='word_1_371' title='bbox 716 1858 798 1900; x_wconf 91' lang='lat' dir='ltr'>quod</span> <span class='ocrx_word' id='word_1_372' title='bbox 817 1857 925 1896; x_wconf 87' lang='lat' dir='ltr'>sentio)</span> <span class='ocrx_word' id='word_1_373' title='bbox 945 1853 1036 1894; x_wconf 84' lang='lat' dir='ltr'>sijam</span> <span class='ocrx_word' id='word_1_374' title='bbox 1046 1851 1211 1883; x_wconf 84' lang='lat' dir='ltr'>violentior</span> 
     </span>
     <span class='ocr_line' id='line_1_42' title="bbox 255 1895 1212 1949; baseline -0.019 -10"><span class='ocrx_word' id='word_1_375' title='bbox 255 1909 356 1949; x_wconf 80' lang='lat' dir='ltr'>aliqua</span> <span class='ocrx_word' id='word_1_376' title='bbox 368 1909 401 1936; x_wconf 91' lang='lat' dir='ltr'>in</span> <span class='ocrx_word' id='word_1_377' title='bbox 414 1917 443 1936; x_wconf 89' lang='lat' dir='ltr'>re</span> <span class='ocrx_word' id='word_1_378' title='bbox 465 1905 598 1936; x_wconf 76' lang='lat' dir='ltr'>GCaesar</span> <span class='ocrx_word' id='word_1_379' title='bbox 617 1900 737 1934; x_wconf 86' lang='lat' dir='ltr'>fuisset,</span> <span class='ocrx_word' id='word_1_380' title='bbox 758 1899 779 1929; x_wconf 84' lang='lat' dir='ltr'>sl</span> <span class='ocrx_word' id='word_1_381' title='bbox 799 1909 868 1929; x_wconf 88' lang='lat' dir='ltr'>eum</span> <span class='ocrx_word' id='word_1_382' title='bbox 886 1895 1065 1939; x_wconf 81' lang='lat' dir='ltr'>magnitudo</span> <span class='ocrx_word' id='word_1_383' title='bbox 1086 1901 1212 1923; x_wconf 86' lang='lat' dir='ltr'>conten-</span> 
     </span>
     <span class='ocr_line' id='line_1_43' title="bbox 254 1936 1214 1988; baseline -0.02 -7"><span class='ocrx_word' id='word_1_384' title='bbox 254 1952 349 1982; x_wconf 88' lang='lat' dir='ltr'>tionis</span> <span class='ocrx_word' id='word_1_385' title='bbox 360 1970 368 1983; x_wconf 86' lang='lat'>,</span> <span class='ocrx_word' id='word_1_386' title='bbox 391 1947 525 1978; x_wconf 88' lang='lat' dir='ltr'>studium</span> <span class='ocrx_word' id='word_1_387' title='bbox 538 1947 641 1988; x_wconf 73' lang='lat' dir='ltr'>gloriae</span> <span class='ocrx_word' id='word_1_388' title='bbox 651 1964 659 1978; x_wconf 92' lang='lat'>,</span> <span class='ocrx_word' id='word_1_389' title='bbox 680 1941 818 1984; x_wconf 72' lang='lat' dir='ltr'>praestans</span> <span class='ocrx_word' id='word_1_390' title='bbox 831 1942 953 1971; x_wconf 87' lang='lat' dir='ltr'>animus</span> <span class='ocrx_word' id='word_1_391' title='bbox 963 1958 971 1972; x_wconf 95' lang='lat'>,</span> <span class='ocrx_word' id='word_1_392' title='bbox 992 1936 1143 1967; x_wconf 82' lang='lat' dir='ltr'>excellens</span> <span class='ocrx_word' id='word_1_393' title='bbox 1155 1943 1214 1963; x_wconf 87' lang='lat' dir='ltr'>no-</span> 
     </span>
     <span class='ocr_line' id='line_1_44' title="bbox 257 1975 1213 2031; baseline -0.02 -8"><span class='ocrx_word' id='word_1_394' title='bbox 257 1993 357 2023; x_wconf 86' lang='lat' dir='ltr'>bilitas</span> <span class='ocrx_word' id='word_1_395' title='bbox 369 1989 470 2031; x_wconf 75' lang='lat' dir='ltr'>aliqub</span> <span class='ocrx_word' id='word_1_396' title='bbox 485 1985 650 2028; x_wconf 75' lang='lat' dir='ltr'>impulisset</span> <span class='ocrx_word' id='word_1_397' title='bbox 661 2006 669 2020; x_wconf 88' lang='lat'>,</span> <span class='ocrx_word' id='word_1_398' title='bbox 690 1984 771 2025; x_wconf 86' lang='lat' dir='ltr'>quod</span> <span class='ocrx_word' id='word_1_399' title='bbox 788 1985 822 2013; x_wconf 91' lang='lat' dir='ltr'>in</span> <span class='ocrx_word' id='word_1_400' title='bbox 837 1982 893 2012; x_wconf 89' lang='lat' dir='ltr'>illo</span> <span class='ocrx_word' id='word_1_401' title='bbox 908 1983 975 2011; x_wconf 91' lang='lat' dir='ltr'>viro</span> <span class='ocrx_word' id='word_1_402' title='bbox 990 1980 1022 2009; x_wconf 89' lang='lat'>&amp;</span> <span class='ocrx_word' id='word_1_403' title='bbox 1036 1988 1100 2008; x_wconf 89' lang='lat' dir='ltr'>tum</span> <span class='ocrx_word' id='word_1_404' title='bbox 1115 1975 1213 2006; x_wconf 89' lang='lat' dir='ltr'>feren-</span> 
     </span>
     <span class='ocr_line' id='line_1_45' title="bbox 258 2017 1215 2066; baseline -0.021 -1"><span class='ocrx_word' id='word_1_405' title='bbox 258 2034 335 2065; x_wconf 87' lang='lat' dir='ltr'>dum</span> <span class='ocrx_word' id='word_1_406' title='bbox 346 2031 417 2063; x_wconf 80' lang='lat' dir='ltr'>ess‘et</span> <span class='ocrx_word' id='word_1_407' title='bbox 427 2052 435 2065; x_wconf 92' lang='lat'>,</span> <span class='ocrx_word' id='word_1_408' title='bbox 457 2031 490 2061; x_wconf 68' lang='grc' dir='ltr'>ὃς</span> <span class='ocrx_word' id='word_1_409' title='bbox 500 2030 643 2060; x_wconf 83' lang='lat' dir='ltr'>maximis</span> <span class='ocrx_word' id='word_1_410' title='bbox 653 2027 757 2060; x_wconf 87' lang='lat' dir='ltr'>rebus,</span> <span class='ocrx_word' id='word_1_411' title='bbox 779 2035 850 2066; x_wconf 84' lang='lat' dir='ltr'>quas</span> <span class='ocrx_word' id='word_1_412' title='bbox 860 2022 966 2064; x_wconf 58' lang='lat' dir='ltr'>,postea</span> <span class='ocrx_word' id='word_1_413' title='bbox 979 2019 1061 2063; x_wconf 85' lang='lat' dir='ltr'>geffit</span> <span class='ocrx_word' id='word_1_414' title='bbox 1074 2040 1082 2053; x_wconf 89' lang='lat'>,</span> <span class='ocrx_word' id='word_1_415' title='bbox 1103 2017 1215 2048; x_wconf 77' lang='lat' dir='ltr'>oblitte-</span> 
     </span>
     <span class='ocr_line' id='line_1_46' title="bbox 258 2061 1213 2106; baseline -0.019 0"><span class='ocrx_word' id='word_1_416' title='bbox 258 2076 401 2106; x_wconf 78' lang='lat' dir='ltr'>randum:</span> <span class='ocrx_word' id='word_1_417' title='bbox 418 2073 449 2104; x_wconf 91' lang='lat' dir='ltr'>id</span> <span class='ocrx_word' id='word_1_418' title='bbox 466 2082 497 2103; x_wconf 92' lang='lat' dir='ltr'>tu</span> <span class='ocrx_word' id='word_1_419' title='bbox 514 2072 590 2105; x_wconf 87' lang='lat' dir='ltr'>tibi,</span> <span class='ocrx_word' id='word_1_420' title='bbox 608 2069 749 2103; x_wconf 82' lang='lat' dir='ltr'>furcifer,</span> <span class='ocrx_word' id='word_1_421' title='bbox 770 2068 868 2098; x_wconf 90' lang='lat' dir='ltr'>sumes</span> <span class='ocrx_word' id='word_1_422' title='bbox 880 2085 889 2099; x_wconf 93' lang='lat'>,</span> <span class='ocrx_word' id='word_1_423' title='bbox 910 2064 1068 2095; x_wconf 88' lang='lat' dir='ltr'>&amp;Vatinii</span> <span class='ocrx_word' id='word_1_424' title='bbox 1078 2061 1213 2091; x_wconf 84' lang='lat' dir='ltr'>latronis,</span> 
     </span>
     <span class='ocr_line' id='line_1_47' title="bbox 259 2102 1212 2157; baseline -0.018 -9"><span class='ocrx_word' id='word_1_425' title='bbox 259 2129 293 2148; x_wconf 86' lang='lat' dir='ltr'>ac</span> <span class='ocrx_word' id='word_1_426' title='bbox 303 2117 432 2157; x_wconf 81' lang='lat' dir='ltr'>sacrilegi</span> <span class='ocrx_word' id='word_1_427' title='bbox 442 2125 503 2145; x_wconf 85' lang='lat' dir='ltr'>vox</span> <span class='ocrx_word' id='word_1_428' title='bbox 512 2113 648 2144; x_wconf 80' lang='lat' dir='ltr'>audietur</span> <span class='ocrx_word' id='word_1_429' title='bbox 657 2132 666 2145; x_wconf 86' lang='lat'>,</span> <span class='ocrx_word' id='word_1_430' title='bbox 678 2112 736 2141; x_wconf 89' lang='lat' dir='ltr'>hoc</span> <span class='ocrx_word' id='word_1_431' title='bbox 743 2108 932 2151; x_wconf 88' lang='lat' dir='ltr'>postulantis,</span> <span class='ocrx_word' id='word_1_432' title='bbox 944 2113 976 2136; x_wconf 91' lang='lat' dir='ltr'>ut</span> <span class='ocrx_word' id='word_1_433' title='bbox 985 2105 1067 2135; x_wconf 91' lang='lat' dir='ltr'>idem</span> <span class='ocrx_word' id='word_1_434' title='bbox 1079 2102 1132 2133; x_wconf 88' lang='lat' dir='ltr'>sibi</span> <span class='ocrx_word' id='word_1_435' title='bbox 1142 2111 1212 2132; x_wconf 89' lang='lat' dir='ltr'>con-</span> 
     </span>
     <span class='ocr_line' id='line_1_48' title="bbox 226 2145 1215 2206; baseline -0.02 -14"><span class='ocrx_word' id='word_1_436' title='bbox 226 2173 245 2206; x_wconf 91' lang='lat'><em>7</em></span> <span class='ocrx_word' id='word_1_437' title='bbox 261 2159 398 2191; x_wconf 85' lang='lat' dir='ltr'>cedatur,</span> <span class='ocrx_word' id='word_1_438' title='bbox 419 2156 501 2198; x_wconf 88' lang='lat' dir='ltr'>quod</span> <span class='ocrx_word' id='word_1_439' title='bbox 512 2156 635 2186; x_wconf 85' lang='lat' dir='ltr'>Caesari?</span> <span class='ocrx_word' id='word_1_440' title='bbox 656 2155 705 2184; x_wconf 91' lang='lat' dir='ltr'>Sic</span> <span class='ocrx_word' id='word_1_441' title='bbox 722 2154 806 2182; x_wconf 90' lang='lat' dir='ltr'>enim</span> <span class='ocrx_word' id='word_1_442' title='bbox 824 2160 862 2181; x_wconf 84' lang='lat' dir='ltr'>ex</span> <span class='ocrx_word' id='word_1_443' title='bbox 879 2159 907 2180; x_wconf 95' lang='lat' dir='ltr'>te</span> <span class='ocrx_word' id='word_1_444' title='bbox 924 2157 1036 2190; x_wconf 81' lang='lat' dir='ltr'>quaero.</span> <span class='ocrx_word' id='word_1_445' title='bbox 1059 2145 1215 2176; x_wconf 88' lang='lat' dir='ltr'>Tribunus</span> 
     </span>
     <span class='ocr_line' id='line_1_49' title="bbox 263 2186 1217 2242; baseline -0.017 -11"><span class='ocrx_word' id='word_1_446' title='bbox 263 2201 345 2242; x_wconf 86' lang='lat' dir='ltr'>pleb.</span> <span class='ocrx_word' id='word_1_447' title='bbox 356 2199 452 2229; x_wconf 85' lang='lat' dir='ltr'>fuisti.</span> <span class='ocrx_word' id='word_1_448' title='bbox 475 2202 489 2218; x_wconf 86' lang='lat'>2</span> <span class='ocrx_word' id='word_1_449' title='bbox 500 2198 621 2238; x_wconf 80' lang='lat' dir='ltr'>sejunge</span> <span class='ocrx_word' id='word_1_450' title='bbox 633 2204 661 2226; x_wconf 91' lang='lat' dir='ltr'>te</span> <span class='ocrx_word' id='word_1_451' title='bbox 675 2195 690 2226; x_wconf 75' lang='lat' dir='ltr'>a</span> <span class='ocrx_word' id='word_1_452' title='bbox 703 2193 836 2225; x_wconf 89' lang='lat' dir='ltr'>consule.</span> <span class='ocrx_word' id='word_1_453' title='bbox 860 2192 988 2232; x_wconf 87' lang='lat' dir='ltr'>collegas</span> <span class='ocrx_word' id='word_1_454' title='bbox 998 2186 1126 2219; x_wconf 90' lang='lat' dir='ltr'>habuisti</span> <span class='ocrx_word' id='word_1_455' title='bbox 1135 2188 1217 2216; x_wconf 87' lang='lat' dir='ltr'>viros</span> 
     </span>
     <span class='ocr_line' id='line_1_50' title="bbox 259 2227 1218 2276; baseline -0.018 -2"><span class='ocrx_word' id='word_1_456' title='bbox 259 2244 367 2275; x_wconf 80' lang='lat' dir='ltr'>forteis</span> <span class='ocrx_word' id='word_1_457' title='bbox 381 2251 503 2271; x_wconf 81' lang='lat' dir='ltr'>novem.</span> <span class='ocrx_word' id='word_1_458' title='bbox 527 2249 565 2269; x_wconf 86' lang='lat' dir='ltr'>ex</span> <span class='ocrx_word' id='word_1_459' title='bbox 579 2240 627 2268; x_wconf 91' lang='lat' dir='ltr'>his</span> <span class='ocrx_word' id='word_1_460' title='bbox 642 2247 699 2268; x_wconf 88' lang='lat' dir='ltr'>tres</span> <span class='ocrx_word' id='word_1_461' title='bbox 715 2244 796 2266; x_wconf 87' lang='lat' dir='ltr'>erant</span> <span class='ocrx_word' id='word_1_462' title='bbox 807 2255 816 2269; x_wconf 93' lang='lat'>,</span> <span class='ocrx_word' id='word_1_463' title='bbox 834 2244 908 2276; x_wconf 92' lang='lat' dir='ltr'>quos</span> <span class='ocrx_word' id='word_1_464' title='bbox 920 2243 950 2263; x_wconf 88' lang='lat' dir='ltr'>tu</span> <span class='ocrx_word' id='word_1_465' title='bbox 961 2231 1097 2273; x_wconf 89' lang='lat' dir='ltr'>quotidie</span> <span class='ocrx_word' id='word_1_466' title='bbox 1106 2227 1218 2259; x_wconf 86' lang='lat' dir='ltr'>sciebas</span> 
     </span>
     <span class='ocr_line' id='line_1_51' title="bbox 262 2269 1217 2321; baseline -0.018 -5"><span class='ocrx_word' id='word_1_467' title='bbox 262 2287 377 2317; x_wconf 84' lang='lat' dir='ltr'>servare</span> <span class='ocrx_word' id='word_1_468' title='bbox 398 2283 434 2312; x_wconf 86' lang='lat' dir='ltr'>de</span> <span class='ocrx_word' id='word_1_469' title='bbox 453 2281 543 2312; x_wconf 74' lang='lat' dir='ltr'>caelo:</span> <span class='ocrx_word' id='word_1_470' title='bbox 564 2289 640 2321; x_wconf 86' lang='lat' dir='ltr'>quos</span> <span class='ocrx_word' id='word_1_471' title='bbox 657 2277 816 2310; x_wconf 87' lang='lat' dir='ltr'>irridebas,</span> <span class='ocrx_word' id='word_1_472' title='bbox 831 2285 908 2316; x_wconf 90' lang='lat' dir='ltr'>quos</span> <span class='ocrx_word' id='word_1_473' title='bbox 926 2276 1059 2315; x_wconf 86' lang='lat' dir='ltr'>privatos</span> <span class='ocrx_word' id='word_1_474' title='bbox 1068 2269 1125 2302; x_wconf 82' lang='lat' dir='ltr'>esse</span> <span class='ocrx_word' id='word_1_475' title='bbox 1135 2270 1217 2300; x_wconf 85' lang='lat' dir='ltr'>dice-</span> 
     </span>
     <span class='ocr_line' id='line_1_52' title="bbox 259 2312 1214 2365; baseline -0.019 -7"><span class='ocrx_word' id='word_1_476' title='bbox 259 2327 314 2359; x_wconf 82' lang='lat' dir='ltr'>bas</span> <span class='ocrx_word' id='word_1_477' title='bbox 326 2338 332 2356; x_wconf 75' lang='grc' dir='ltr'>ι</span> <span class='ocrx_word' id='word_1_478' title='bbox 350 2324 388 2356; x_wconf 90' lang='lat' dir='ltr'>de</span> <span class='ocrx_word' id='word_1_479' title='bbox 398 2324 508 2365; x_wconf 86' lang='lat' dir='ltr'>quibus</span> <span class='ocrx_word' id='word_1_480' title='bbox 518 2322 593 2353; x_wconf 87' lang='lat' dir='ltr'>duos</span> <span class='ocrx_word' id='word_1_481' title='bbox 607 2327 794 2361; x_wconf 66' lang='lat' dir='ltr'>praetextatos</span> <span class='ocrx_word' id='word_1_482' title='bbox 805 2318 950 2348; x_wconf 87' lang='lat' dir='ltr'>sedenteis</span> <span class='ocrx_word' id='word_1_483' title='bbox 960 2315 1043 2344; x_wconf 87' lang='lat' dir='ltr'>vides</span> <span class='ocrx_word' id='word_1_484' title='bbox 1053 2334 1062 2348; x_wconf 93' lang='lat'>,</span> <span class='ocrx_word' id='word_1_485' title='bbox 1081 2322 1109 2342; x_wconf 90' lang='lat' dir='ltr'>te</span> <span class='ocrx_word' id='word_1_486' title='bbox 1119 2312 1214 2342; x_wconf 87' lang='lat' dir='ltr'>aedili-</span> 
     </span>
     <span class='ocr_line' id='line_1_53' title="bbox 264 2352 1219 2407; baseline -0.02 -8"><span class='ocrx_word' id='word_1_487' title='bbox 264 2371 338 2400; x_wconf 82' lang='lat' dir='ltr'>tiam</span> <span class='ocrx_word' id='word_1_488' title='bbox 353 2374 526 2407; x_wconf 74' lang='lat' dir='ltr'>praetextam</span> <span class='ocrx_word' id='word_1_489' title='bbox 543 2372 643 2405; x_wconf 87' lang='lat' dir='ltr'>togam</span> <span class='ocrx_word' id='word_1_490' title='bbox 656 2381 664 2395; x_wconf 87' lang='lat'>,</span> <span class='ocrx_word' id='word_1_491' title='bbox 684 2369 774 2401; x_wconf 83' lang='lat' dir='ltr'>quam</span> <span class='ocrx_word' id='word_1_492' title='bbox 787 2357 892 2387; x_wconf 67' lang='lat' dir='ltr'>frustra</span> <span class='ocrx_word' id='word_1_493' title='bbox 900 2356 1088 2387; x_wconf 83' lang='lat' dir='ltr'>confeceras,</span> <span class='ocrx_word' id='word_1_494' title='bbox 1108 2352 1219 2382; x_wconf 88' lang='lat' dir='ltr'>vendi-</span> 
     </span>
     <span class='ocr_line' id='line_1_54' title="bbox 264 2394 1218 2441; baseline -0.021 0"><span class='ocrx_word' id='word_1_495' title='bbox 264 2408 354 2441; x_wconf 75' lang='lat' dir='ltr'>diss&#39;e:</span> <span class='ocrx_word' id='word_1_496' title='bbox 374 2410 497 2438; x_wconf 82' lang='lat' dir='ltr'>tertium</span> <span class='ocrx_word' id='word_1_497' title='bbox 506 2406 562 2436; x_wconf 87' lang='lat' dir='ltr'>scis</span> <span class='ocrx_word' id='word_1_498' title='bbox 572 2414 610 2435; x_wconf 84' lang='lat' dir='ltr'>ex</span> <span class='ocrx_word' id='word_1_499' title='bbox 618 2403 673 2433; x_wconf 91' lang='lat' dir='ltr'>illo</span> <span class='ocrx_word' id='word_1_500' title='bbox 684 2398 798 2432; x_wconf 81' lang='lat' dir='ltr'>obseffo</span> <span class='ocrx_word' id='word_1_501' title='bbox 808 2419 816 2433; x_wconf 88' lang='lat'>,</span> <span class='ocrx_word' id='word_1_502' title='bbox 835 2408 920 2438; x_wconf 88' lang='lat' dir='ltr'>atque</span> <span class='ocrx_word' id='word_1_503' title='bbox 931 2395 1045 2426; x_wconf 69' lang='lat' dir='ltr'>affli&amp;o</span> <span class='ocrx_word' id='word_1_504' title='bbox 1055 2394 1218 2426; x_wconf 82' lang='lat' dir='ltr'>tribunatu,</span> 
     </span>
     <span class='ocr_line' id='line_1_55' title="bbox 254 2436 1218 2484; baseline -0.022 -1"><span class='ocrx_word' id='word_1_505' title='bbox 254 2450 452 2484; x_wconf 62' lang='lat' dir='ltr'>»consularem</span> <span class='ocrx_word' id='word_1_506' title='bbox 473 2447 680 2478; x_wconf 65' lang='lat' dir='ltr'>aue}01·itatem</span> <span class='ocrx_word' id='word_1_507' title='bbox 697 2464 706 2478; x_wconf 84' lang='lat'>‚</span> <span class='ocrx_word' id='word_1_508' title='bbox 734 2443 895 2472; x_wconf 88' lang='lat' dir='ltr'>hominem</span> <span class='ocrx_word' id='word_1_509' title='bbox 918 2437 976 2468; x_wconf 88' lang='lat' dir='ltr'>esse</span> <span class='ocrx_word' id='word_1_510' title='bbox 997 2436 1218 2469; x_wconf 87' lang='lat' dir='ltr'>adolescentem</span> 
     </span>
     <span class='ocr_line' id='line_1_56' title="bbox 265 2476 1215 2529; baseline -0.019 -5"><span class='ocrx_word' id='word_1_511' title='bbox 265 2493 461 2524; x_wconf 87' lang='lat' dir='ltr'>consecutum</span> <span class='ocrx_word' id='word_1_512' title='bbox 474 2500 479 2518; x_wconf 82' lang='lat' dir='ltr'>z</span> <span class='ocrx_word' id='word_1_513' title='bbox 500 2490 609 2529; x_wconf 81' lang='lat' dir='ltr'>reliqui</span> <span class='ocrx_word' id='word_1_514' title='bbox 623 2487 673 2516; x_wconf 89' lang='lat' dir='ltr'>sex</span> <span class='ocrx_word' id='word_1_515' title='bbox 686 2484 824 2515; x_wconf 79' lang='lat' dir='ltr'>fuerunt:</span> <span class='ocrx_word' id='word_1_516' title='bbox 844 2492 882 2512; x_wconf 87' lang='lat' dir='ltr'>ex</span> <span class='ocrx_word' id='word_1_517' title='bbox 892 2480 1001 2522; x_wconf 85' lang='lat' dir='ltr'>quibus</span> <span class='ocrx_word' id='word_1_518' title='bbox 1011 2479 1118 2519; x_wconf 85' lang='lat' dir='ltr'>partim</span> <span class='ocrx_word' id='word_1_519' title='bbox 1127 2476 1215 2516; x_wconf 71' lang='lat' dir='ltr'>plane</span> 
     </span>
     <span class='ocr_line' id='line_1_57' title="bbox 265 2520 1221 2570; baseline -0.021 -4"><span class='ocrx_word' id='word_1_520' title='bbox 265 2544 366 2566; x_wconf 85' lang='lat' dir='ltr'>tecum</span> <span class='ocrx_word' id='word_1_521' title='bbox 381 2531 559 2564; x_wconf 80' lang='lat' dir='ltr'>sentiebant,</span> <span class='ocrx_word' id='word_1_522' title='bbox 569 2530 676 2570; x_wconf 86' lang='lat' dir='ltr'>partim</span> <span class='ocrx_word' id='word_1_523' title='bbox 691 2526 830 2557; x_wconf 87' lang='lat' dir='ltr'>medium</span> <span class='ocrx_word' id='word_1_524' title='bbox 841 2522 991 2565; x_wconf 88' lang='lat' dir='ltr'>quendam</span> <span class='ocrx_word' id='word_1_525' title='bbox 1005 2520 1124 2551; x_wconf 80' lang='lat' dir='ltr'>cursum</span> <span class='ocrx_word' id='word_1_526' title='bbox 1139 2527 1221 2548; x_wconf 87' lang='lat' dir='ltr'>tene-</span> 
     </span>
     <span class='ocr_line' id='line_1_58' title="bbox 265 2560 1222 2610; baseline -0.02 -3"><span class='ocrx_word' id='word_1_527' title='bbox 265 2577 347 2608; x_wconf 80' lang='lat' dir='ltr'>bant.</span> <span class='ocrx_word' id='word_1_528' title='bbox 366 2584 479 2605; x_wconf 86' lang='lat' dir='ltr'>omnes</span> <span class='ocrx_word' id='word_1_529' title='bbox 492 2573 663 2602; x_wconf 81' lang='lat' dir='ltr'>habuerunt</span> <span class='ocrx_word' id='word_1_530' title='bbox 679 2569 756 2610; x_wconf 82' lang='lat' dir='ltr'>leges</span> <span class='ocrx_word' id='word_1_531' title='bbox 775 2566 992 2607; x_wconf 87' lang='lat' dir='ltr'>promulgatas:</span> <span class='ocrx_word' id='word_1_532' title='bbox 1011 2564 1046 2592; x_wconf 88' lang='lat' dir='ltr'>in</span> <span class='ocrx_word' id='word_1_533' title='bbox 1057 2562 1102 2590; x_wconf 91' lang='lat' dir='ltr'>his</span> <span class='ocrx_word' id='word_1_534' title='bbox 1114 2560 1222 2590; x_wconf 87' lang='lat' dir='ltr'>multas</span> 
     </span>
     <span class='ocr_line' id='line_1_59' title="bbox 269 2603 1222 2654; baseline -0.019 -6"><span class='ocrx_word' id='word_1_535' title='bbox 269 2614 542 2654; x_wconf 75' lang='lat' dir='ltr'>meusneceffarius</span> <span class='ocrx_word' id='word_1_536' title='bbox 554 2634 562 2647; x_wconf 92' lang='lat'>,</span> <span class='ocrx_word' id='word_1_537' title='bbox 585 2614 674 2643; x_wconf 87' lang='lat' dir='ltr'>etiam</span> <span class='ocrx_word' id='word_1_538' title='bbox 686 2610 722 2641; x_wconf 85' lang='lat' dir='ltr'>de</span> <span class='ocrx_word' id='word_1_539' title='bbox 741 2619 808 2639; x_wconf 88' lang='lat' dir='ltr'>mea</span> <span class='ocrx_word' id='word_1_540' title='bbox 825 2608 985 2639; x_wconf 84' lang='lat' dir='ltr'>sententia,</span> <span class='ocrx_word' id='word_1_541' title='bbox 1005 2607 1037 2634; x_wconf 89' lang='lat' dir='ltr'>C.</span> <span class='ocrx_word' id='word_1_542' title='bbox 1047 2603 1222 2634; x_wconf 88' lang='lat' dir='ltr'>Cosconius,</span> 
     </span>
     <span class='ocr_line' id='line_1_60' title="bbox 267 2645 1224 2701; baseline -0.019 -11"><span class='ocrx_word' id='word_1_543' title='bbox 267 2660 363 2701; x_wconf 83' lang='lat' dir='ltr'>judex</span> <span class='ocrx_word' id='word_1_544' title='bbox 380 2657 496 2688; x_wconf 84' lang='lat' dir='ltr'>noster:</span> <span class='ocrx_word' id='word_1_545' title='bbox 517 2665 607 2697; x_wconf 87' lang='lat' dir='ltr'>quem</span> <span class='ocrx_word' id='word_1_546' title='bbox 621 2675 628 2688; x_wconf 87' lang='lat'>,</span> <span class='ocrx_word' id='word_1_547' title='bbox 650 2662 682 2683; x_wconf 91' lang='lat' dir='ltr'>tu</span> <span class='ocrx_word' id='word_1_548' title='bbox 692 2652 886 2691; x_wconf 87' lang='lat' dir='ltr'>disrumperis</span> <span class='ocrx_word' id='word_1_549' title='bbox 897 2669 905 2682; x_wconf 94' lang='lat'>,</span> <span class='ocrx_word' id='word_1_550' title='bbox 925 2647 996 2679; x_wconf 80' lang='lat' dir='ltr'>cum</span> <span class='ocrx_word' id='word_1_551' title='bbox 1006 2645 1166 2676; x_wconf 86' lang='lat' dir='ltr'>aedilitium</span> <span class='ocrx_word' id='word_1_552' title='bbox 1179 2645 1224 2673; x_wconf 91' lang='lat' dir='ltr'>vi-</span> 
     </span>
     <span class='ocr_line' id='line_1_61' title="bbox 273 2687 1224 2736; baseline -0.019 -5"><span class='ocrx_word' id='word_1_553' title='bbox 273 2703 335 2732; x_wconf 88' lang='lat' dir='ltr'>des.</span> <span class='ocrx_word' id='word_1_554' title='bbox 359 2701 439 2729; x_wconf 89' lang='lat' dir='ltr'>Volo</span> <span class='ocrx_word' id='word_1_555' title='bbox 449 2700 493 2728; x_wconf 88' lang='lat' dir='ltr'>uti</span> <span class='ocrx_word' id='word_1_556' title='bbox 505 2699 582 2728; x_wconf 88' lang='lat' dir='ltr'>mihi</span> <span class='ocrx_word' id='word_1_557' title='bbox 592 2694 769 2736; x_wconf 79' lang='lat' dir='ltr'>respondeas</span> <span class='ocrx_word' id='word_1_558' title='bbox 780 2714 788 2725; x_wconf 90' lang='lat'>,</span> <span class='ocrx_word' id='word_1_559' title='bbox 809 2701 884 2722; x_wconf 92' lang='lat' dir='ltr'>num</span> <span class='ocrx_word' id='word_1_560' title='bbox 895 2692 961 2731; x_wconf 92' lang='lat' dir='ltr'>quis</span> <span class='ocrx_word' id='word_1_561' title='bbox 972 2699 1009 2719; x_wconf 83' lang='lat' dir='ltr'>ex</span> <span class='ocrx_word' id='word_1_562' title='bbox 1018 2690 1084 2718; x_wconf 74' lang='lat' dir='ltr'>t‘oto</span> <span class='ocrx_word' id='word_1_563' title='bbox 1095 2687 1224 2726; x_wconf 86' lang='lat' dir='ltr'>collegio</span> 
     </span>
     <span class='ocr_line' id='line_1_62' title="bbox 271 2729 1226 2784; baseline -0.018 -11"><span class='ocrx_word' id='word_1_564' title='bbox 271 2744 370 2784; x_wconf 86' lang='lat' dir='ltr'>legem</span> <span class='ocrx_word' id='word_1_565' title='bbox 384 2740 418 2771; x_wconf 86' lang='lat' dir='ltr'>sit</span> <span class='ocrx_word' id='word_1_566' title='bbox 428 2741 513 2770; x_wconf 83' lang='lat' dir='ltr'>ausus</span> <span class='ocrx_word' id='word_1_567' title='bbox 523 2739 596 2769; x_wconf 81' lang='lat' dir='ltr'>fei-re</span> <span class='ocrx_word' id='word_1_568' title='bbox 609 2759 616 2771; x_wconf 91' lang='lat'>,</span> <span class='ocrx_word' id='word_1_569' title='bbox 637 2745 739 2778; x_wconf 79' lang='lat' dir='ltr'>praeter</span> <span class='ocrx_word' id='word_1_570' title='bbox 749 2744 846 2765; x_wconf 87' lang='lat' dir='ltr'>unum</span> <span class='ocrx_word' id='word_1_571' title='bbox 858 2743 884 2763; x_wconf 90' lang='lat' dir='ltr'>te</span> <span class='ocrx_word' id='word_1_572' title='bbox 897 2736 906 2762; x_wconf 88' lang='lat'>?</span> <span class='ocrx_word' id='word_1_573' title='bbox 924 2741 988 2772; x_wconf 81' lang='lat' dir='ltr'>quae</span> <span class='ocrx_word' id='word_1_574' title='bbox 999 2739 1078 2761; x_wconf 90' lang='lat' dir='ltr'>tanta</span> <span class='ocrx_word' id='word_1_575' title='bbox 1088 2731 1121 2758; x_wconf 88' lang='lat' dir='ltr'>in</span> <span class='ocrx_word' id='word_1_576' title='bbox 1131 2729 1226 2758; x_wconf 71' lang='lat' dir='ltr'>tetuit</span> 
     </span>
     <span class='ocr_line' id='line_1_63' title="bbox 271 2769 1227 2823; baseline -0.019 -8"><span class='ocrx_word' id='word_1_577' title='bbox 271 2785 406 2815; x_wconf 82' lang='lat' dir='ltr'>audacia:</span> <span class='ocrx_word' id='word_1_578' title='bbox 427 2793 492 2823; x_wconf 86' lang='lat' dir='ltr'>quae</span> <span class='ocrx_word' id='word_1_579' title='bbox 502 2791 579 2811; x_wconf 86' lang='lat' dir='ltr'>tanta</span> <span class='ocrx_word' id='word_1_580' title='bbox 588 2789 649 2810; x_wconf 79' lang='lat' dir='ltr'>vis:</span> <span class='ocrx_word' id='word_1_581' title='bbox 666 2788 697 2808; x_wconf 91' lang='lat' dir='ltr'>ut</span> <span class='ocrx_word' id='word_1_582' title='bbox 706 2799 714 2812; x_wconf 90' lang='lat'>‚</span> <span class='ocrx_word' id='word_1_583' title='bbox 730 2777 801 2807; x_wconf 79' lang='lat' dir='ltr'>cum</span> <span class='ocrx_word' id='word_1_584' title='bbox 813 2784 926 2806; x_wconf 86' lang='lat' dir='ltr'>novem</span> <span class='ocrx_word' id='word_1_585' title='bbox 937 2775 979 2803; x_wconf 90' lang='lat' dir='ltr'>tui</span> <span class='ocrx_word' id='word_1_586' title='bbox 990 2772 1112 2812; x_wconf 82' lang='lat' dir='ltr'>collegae</span> <span class='ocrx_word' id='word_1_587' title='bbox 1124 2769 1177 2799; x_wconf 87' lang='lat' dir='ltr'>fibi</span> <span class='ocrx_word' id='word_1_588' title='bbox 1189 2770 1227 2799; x_wconf 88' lang='lat' dir='ltr'>ti-</span> 
     </span>
     <span class='ocr_line' id='line_1_64' title="bbox 271 2812 1228 2857; baseline -0.019 0"><span class='ocrx_word' id='word_1_589' title='bbox 271 2826 420 2857; x_wconf 90' lang='lat' dir='ltr'>mendum</span> <span class='ocrx_word' id='word_1_590' title='bbox 438 2823 495 2854; x_wconf 83' lang='lat' dir='ltr'>ess&#39;e</span> <span class='ocrx_word' id='word_1_591' title='bbox 512 2823 671 2854; x_wconf 83' lang='lat' dir='ltr'>duxerint,</span> <span class='ocrx_word' id='word_1_592' title='bbox 693 2820 723 2850; x_wconf 89' lang='lat' dir='ltr'>id</span> <span class='ocrx_word' id='word_1_593' title='bbox 737 2828 815 2849; x_wconf 91' lang='lat' dir='ltr'>unus</span> <span class='ocrx_word' id='word_1_594' title='bbox 832 2827 881 2851; x_wconf 89' lang='lat' dir='ltr'>tu,</span> <span class='ocrx_word' id='word_1_595' title='bbox 901 2815 1031 2846; x_wconf 82' lang='lat' dir='ltr'>emersus</span> <span class='ocrx_word' id='word_1_596' title='bbox 1050 2812 1062 2842; x_wconf 78' lang='grc' dir='ltr'><em>ὲ</em></span> <span class='ocrx_word' id='word_1_597' title='bbox 1081 2822 1171 2846; x_wconf 85' lang='lat' dir='ltr'>coeno,</span> <span class='ocrx_word' id='word_1_598' title='bbox 1193 2820 1228 2840; x_wconf 90' lang='lat' dir='ltr'>o-</span> 
     </span>
     <span class='ocr_line' id='line_1_65' title="bbox 275 2853 1226 2899; baseline -0.018 -1"><span class='ocrx_word' id='word_1_599' title='bbox 275 2870 398 2898; x_wconf 87' lang='lat' dir='ltr'>mnium</span> <span class='ocrx_word' id='word_1_600' title='bbox 417 2865 505 2896; x_wconf 73' lang='lat' dir='ltr'>facile</span> <span class='ocrx_word' id='word_1_601' title='bbox 526 2864 671 2894; x_wconf 87' lang='lat' dir='ltr'>omnibus</span> <span class='ocrx_word' id='word_1_602' title='bbox 691 2861 778 2891; x_wconf 86' lang='lat' dir='ltr'>rebus</span> <span class='ocrx_word' id='word_1_603' title='bbox 798 2859 931 2899; x_wconf 80' lang='lat' dir='ltr'>infimus,</span> <span class='ocrx_word' id='word_1_604' title='bbox 954 2853 1226 2887; x_wconf 88' lang='lat' dir='ltr'>contemnendum,</span> 
     </span>
    </p>
   </div>
   <div class='ocr_carea' id='block_1_3' title="bbox 270 2894 1247 2949">
    <p class='ocr_par' dir='ltr' id='par_1_3' title="bbox 270 2894 1247 2949">
     <span class='ocr_line' id='line_1_66' title="bbox 270 2894 1247 2949; baseline -0.017 -9"><span class='ocrx_word' id='word_1_605' title='bbox 270 2908 498 2949; x_wconf 88' lang='lat' dir='ltr'>despiciendum</span> <span class='ocrx_word' id='word_1_606' title='bbox 511 2927 519 2940; x_wconf 88' lang='lat'>,</span> <span class='ocrx_word' id='word_1_607' title='bbox 539 2904 728 2936; x_wconf 87' lang='lat' dir='ltr'>irridendum</span> <span class='ocrx_word' id='word_1_608' title='bbox 743 2904 878 2943; x_wconf 84' lang='lat' dir='ltr'>putares?</span> <span class='ocrx_word' id='word_1_609' title='bbox 897 2909 972 2930; x_wconf 88' lang='lat' dir='ltr'>num</span> <span class='ocrx_word' id='word_1_610' title='bbox 989 2907 1079 2939; x_wconf 89' lang='lat' dir='ltr'>quem</span> <span class='ocrx_word' id='word_1_611' title='bbox 1098 2894 1164 2936; x_wconf 91' lang='lat' dir='ltr'>post</span> <span class='ocrx_word' id='word_1_612' title='bbox 1181 2904 1229 2924; x_wconf 90' lang='lat' dir='ltr'>ur-</span> <span class='ocrx_word' id='word_1_613' title='bbox 1246 2909 1247 2913; x_wconf 65' lang='lat'><em>=</em></span> 
     </span>
    </p>
   </div>
   <div class='ocr_carea' id='block_1_4' title="bbox 276 2936 1230 2985">
    <p class='ocr_par' dir='ltr' id='par_1_4' title="bbox 276 2936 1230 2985">
     <span class='ocr_line' id='line_1_67' title="bbox 276 2936 1230 2985; baseline -0.018 -3"><span class='ocrx_word' id='word_1_614' title='bbox 276 2953 349 2984; x_wconf 90' lang='lat' dir='ltr'>bem</span> <span class='ocrx_word' id='word_1_615' title='bbox 359 2949 512 2981; x_wconf 85' lang='lat' dir='ltr'>conditam</span> <span class='ocrx_word' id='word_1_616' title='bbox 523 2949 593 2978; x_wconf 85' lang='lat' dir='ltr'>scias</span> <span class='ocrx_word' id='word_1_617' title='bbox 603 2947 761 2978; x_wconf 91' lang='lat' dir='ltr'>tribunum</span> <span class='ocrx_word' id='word_1_618' title='bbox 773 2944 850 2985; x_wconf 87' lang='lat' dir='ltr'>pleb.</span> <span class='ocrx_word' id='word_1_619' title='bbox 864 2940 951 2985; x_wconf 73' lang='lat' dir='ltr'>egisse</span> <span class='ocrx_word' id='word_1_620' title='bbox 962 2949 1032 2971; x_wconf 90' lang='lat' dir='ltr'>curn</span> <span class='ocrx_word' id='word_1_621' title='bbox 1038 2938 1128 2982; x_wconf 86' lang='lat' dir='ltr'>plebe</span> <span class='ocrx_word' id='word_1_622' title='bbox 1139 2957 1147 2972; x_wconf 95' lang='lat'>,</span> <span class='ocrx_word' id='word_1_623' title='bbox 1158 2936 1230 2967; x_wconf 67' lang='lat' dir='ltr'>cnm</span> 
     </span>
    </p>
   </div>
   <div class='ocr_carea' id='block_1_5' title="bbox 1204 212 1221 936">
    <p class='ocr_par' dir='ltr' id='par_1_5' title="bbox 1204 212 1221 936">
     <span class='ocr_line' id='line_1_68' title="bbox 1204 212 1221 936; baseline 0 0"><span class='ocrx_word' id='word_1_624' title='bbox 1204 212 1221 936; x_wconf 95' lang='lat' dir='ltr'> </span> 
     </span>
    </p>
   </div>
   <div class='ocr_carea' id='block_1_6' title="bbox 1228 1610 1252 2969">
    <p class='ocr_par' dir='ltr' id='par_1_6' title="bbox 1228 1610 1252 2969">
     <span class='ocr_line' id='line_1_69' title="bbox 1228 1610 1252 2969; baseline 0 0"><span class='ocrx_word' id='word_1_625' title='bbox 1228 1610 1252 2969; x_wconf 95' lang='lat' dir='ltr'> </span> 
     </span>
    </p>
   </div>
   <div class='ocr_carea' id='block_1_7' title="bbox 1217 134 1762 178">
    <p class='ocr_par' dir='ltr' id='par_1_7' title="bbox 1217 134 1762 178">
     <span class='ocr_line' id='line_1_70' title="bbox 1217 134 1762 178; baseline -0.015 0"><span class='ocrx_word' id='word_1_626' title='bbox 1217 134 1762 178; x_wconf 68' lang='lat' dir='ltr'>C-rcER0N13</span> 
     </span>
    </p>
   </div>
   <div class='ocr_carea' id='block_1_8' title="bbox 1222 207 2241 2992">
    <p class='ocr_par' dir='ltr' id='par_1_8' title="bbox 1222 207 2241 2992">
     <span class='ocr_line' id='line_1_71' title="bbox 1222 207 2180 259; baseline -0.004 -16"><span class='ocrx_word' id='word_1_627' title='bbox 1222 211 1369 259; x_wconf 83' lang='lat' dir='ltr'>constaret</span> <span class='ocrx_word' id='word_1_628' title='bbox 1387 210 1533 239; x_wconf 76' lang='lat' dir='ltr'>servatum</span> <span class='ocrx_word' id='word_1_629' title='bbox 1553 208 1610 239; x_wconf 86' lang='lat' dir='ltr'>effe</span> <span class='ocrx_word' id='word_1_630' title='bbox 1626 209 1663 240; x_wconf 89' lang='lat' dir='ltr'>de</span> <span class='ocrx_word' id='word_1_631' title='bbox 1680 211 1782 240; x_wconf 85' lang='lat' dir='ltr'>coelo?</span> <span class='ocrx_word' id='word_1_632' title='bbox 1804 208 1900 240; x_wconf 86' lang='lat' dir='ltr'>Simul</span> <span class='ocrx_word' id='word_1_633' title='bbox 1913 208 2003 240; x_wconf 78' lang='lat' dir='ltr'>etiam</span> <span class='ocrx_word' id='word_1_634' title='bbox 2018 207 2093 240; x_wconf 86' lang='lat' dir='ltr'>illud</span> <span class='ocrx_word' id='word_1_635' title='bbox 2105 207 2180 239; x_wconf 69' lang='lat' dir='ltr'>vole</span> 
     </span>
     <span class='ocr_line' id='line_1_72' title="bbox 1225 249 2181 302; baseline -0.003 -18"><span class='ocrx_word' id='word_1_636' title='bbox 1225 264 1267 301; x_wconf 88' lang='lat' dir='ltr'>uti</span> <span class='ocrx_word' id='word_1_637' title='bbox 1285 251 1458 302; x_wconf 73' lang='lat' dir='ltr'>respondeas</span> <span class='ocrx_word' id='word_1_638' title='bbox 1469 270 1478 283; x_wconf 94' lang='lat'>,</span> <span class='ocrx_word' id='word_1_639' title='bbox 1494 250 1574 297; x_wconf 25' lang='lat' dir='ltr'>*cum</span> <span class='ocrx_word' id='word_1_640' title='bbox 1585 270 1593 284; x_wconf 94' lang='lat'>,</span> <span class='ocrx_word' id='word_1_641' title='bbox 1613 260 1641 280; x_wconf 90' lang='lat' dir='ltr'>te</span> <span class='ocrx_word' id='word_1_642' title='bbox 1660 253 1784 282; x_wconf 87' lang='lat' dir='ltr'>tribuno</span> <span class='ocrx_word' id='word_1_643' title='bbox 1798 251 1910 291; x_wconf 88' lang='lat' dir='ltr'>plebis,</span> <span class='ocrx_word' id='word_1_644' title='bbox 1933 249 2102 281; x_wconf 76' lang='lat' dir='ltr'>ess‘etetiam</span> <span class='ocrx_word' id='word_1_645' title='bbox 2115 260 2181 281; x_wconf 88' lang='lat' dir='ltr'>tum</span> 
     </span>
     <span class='ocr_line' id='line_1_73' title="bbox 1224 291 2183 344; baseline -0.002 -20"><span class='ocrx_word' id='word_1_646' title='bbox 1224 307 1258 344; x_wconf 72' lang='lat' dir='ltr'>iri</span> <span class='ocrx_word' id='word_1_647' title='bbox 1268 303 1369 343; x_wconf 75' lang='lat' dir='ltr'>repub.</span> <span class='ocrx_word' id='word_1_648' title='bbox 1380 299 1430 322; x_wconf 77' lang='lat' dir='ltr'>lex</span> <span class='ocrx_word' id='word_1_649' title='bbox 1440 293 1537 338; x_wconf 76' lang='lat' dir='ltr'>AEha,</span> <span class='ocrx_word' id='word_1_650' title='bbox 1551 292 1582 321; x_wconf 86' lang='lat'>&amp;</span> <span class='ocrx_word' id='word_1_651' title='bbox 1593 291 1693 323; x_wconf 84' lang='lat' dir='ltr'>Fufia:</span> <span class='ocrx_word' id='word_1_652' title='bbox 1706 304 1772 334; x_wconf 86' lang='lat' dir='ltr'>quae</span> <span class='ocrx_word' id='word_1_653' title='bbox 1781 294 1858 334; x_wconf 88' lang='lat' dir='ltr'>leges</span> <span class='ocrx_word' id='word_1_654' title='bbox 1872 293 2075 333; x_wconf 81' lang='lat' dir='ltr'>saepenumero</span> <span class='ocrx_word' id='word_1_655' title='bbox 2087 292 2183 322; x_wconf 89' lang='lat' dir='ltr'>tribu-</span> 
     </span>
     <span class='ocr_line' id='line_1_74' title="bbox 1226 333 2183 376; baseline -0.005 -8"><span class='ocrx_word' id='word_1_656' title='bbox 1226 346 1318 368; x_wconf 88' lang='lat' dir='ltr'>nitios</span> <span class='ocrx_word' id='word_1_657' title='bbox 1336 334 1452 364; x_wconf 86' lang='lat' dir='ltr'>furores</span> <span class='ocrx_word' id='word_1_658' title='bbox 1471 333 1683 369; x_wconf 86' lang='lat' dir='ltr'>debilitarunt,</span> <span class='ocrx_word' id='word_1_659' title='bbox 1704 333 1960 375; x_wconf 69' lang='lat' dir='ltr'>&amp;represserunt,</span> <span class='ocrx_word' id='word_1_660' title='bbox 1984 344 2056 376; x_wconf 84' lang='lat' dir='ltr'>quas</span> <span class='ocrx_word' id='word_1_661' title='bbox 2068 342 2183 367; x_wconf 83' lang='lat' dir='ltr'>contra,</span> 
     </span>
     <span class='ocr_line' id='line_1_75' title="bbox 1225 375 2183 425; baseline -0.005 -16"><span class='ocrx_word' id='word_1_662' title='bbox 1225 388 1328 420; x_wconf 85' lang='lat' dir='ltr'>praeter</span> <span class='ocrx_word' id='word_1_663' title='bbox 1339 386 1364 406; x_wconf 90' lang='lat' dir='ltr'>te</span> <span class='ocrx_word' id='word_1_664' title='bbox 1377 397 1386 409; x_wconf 91' lang='lat'>,</span> <span class='ocrx_word' id='word_1_665' title='bbox 1406 385 1499 425; x_wconf 78' lang='lat' dir='ltr'>nemo</span> <span class='ocrx_word' id='word_1_666' title='bbox 1510 385 1655 415; x_wconf 90' lang='lat' dir='ltr'>umquam</span> <span class='ocrx_word' id='word_1_667' title='bbox 1666 376 1707 406; x_wconf 86' lang='lat' dir='ltr'>est</span> <span class='ocrx_word' id='word_1_668' title='bbox 1716 376 1809 407; x_wconf 85' lang='lat' dir='ltr'>facere</span> <span class='ocrx_word' id='word_1_669' title='bbox 1820 386 1943 406; x_wconf 89' lang='lat' dir='ltr'>conatus</span> <span class='ocrx_word' id='word_1_670' title='bbox 1954 397 1962 410; x_wconf 96' lang='lat'>,</span> <span class='ocrx_word' id='word_1_671' title='bbox 1980 386 2046 417; x_wconf 87' lang='lat' dir='ltr'>quae</span> <span class='ocrx_word' id='word_1_672' title='bbox 2058 375 2183 416; x_wconf 89' lang='lat' dir='ltr'>quidem</span> 
     </span>
     <span class='ocr_line' id='line_1_76' title="bbox 1226 416 2184 462; baseline -0.005 -11"><span class='ocrx_word' id='word_1_673' title='bbox 1226 424 1305 462; x_wconf 84' lang='lat' dir='ltr'>leges</span> <span class='ocrx_word' id='word_1_674' title='bbox 1318 427 1397 449; x_wconf 90' lang='lat' dir='ltr'>anno</span> <span class='ocrx_word' id='word_1_675' title='bbox 1410 416 1477 457; x_wconf 89' lang='lat' dir='ltr'>post</span> <span class='ocrx_word' id='word_1_676' title='bbox 1489 437 1496 449; x_wconf 82' lang='lat'><em>‚</em></span> <span class='ocrx_word' id='word_1_677' title='bbox 1518 417 1689 448; x_wconf 86' lang='lat' dir='ltr'>sedentibus</span> <span class='ocrx_word' id='word_1_678' title='bbox 1704 420 1735 448; x_wconf 91' lang='lat' dir='ltr'>in</span> <span class='ocrx_word' id='word_1_679' title='bbox 1746 419 1860 458; x_wconf 88' lang='lat' dir='ltr'>templo</span> <span class='ocrx_word' id='word_1_680' title='bbox 1870 418 1988 448; x_wconf 86' lang='lat' dir='ltr'>duobus</span> <span class='ocrx_word' id='word_1_681' title='bbox 1999 428 2062 448; x_wconf 91' lang='lat' dir='ltr'>non</span> <span class='ocrx_word' id='word_1_682' title='bbox 2073 417 2184 447; x_wconf 90' lang='lat' dir='ltr'>consu-</span> 
     </span>
     <span class='ocr_line' id='line_1_77' title="bbox 1227 458 2182 506; baseline -0.004 -14"><span class='ocrx_word' id='word_1_683' title='bbox 1227 464 1306 492; x_wconf 86' lang='lat' dir='ltr'>libus</span> <span class='ocrx_word' id='word_1_684' title='bbox 1318 481 1325 495; x_wconf 62' lang='lat'><em>2</em></span> <span class='ocrx_word' id='word_1_685' title='bbox 1346 459 1394 490; x_wconf 84' lang='lat' dir='ltr'>sed</span> <span class='ocrx_word' id='word_1_686' title='bbox 1409 458 1613 506; x_wconf 83' lang='lat' dir='ltr'>proditoribus</span> <span class='ocrx_word' id='word_1_687' title='bbox 1631 460 1720 499; x_wconf 89' lang='lat' dir='ltr'>hujus</span> <span class='ocrx_word' id='word_1_688' title='bbox 1734 461 1865 489; x_wconf 86' lang='lat' dir='ltr'>civitatis</span> <span class='ocrx_word' id='word_1_689' title='bbox 1877 480 1885 493; x_wconf 94' lang='lat'>,</span> <span class='ocrx_word' id='word_1_690' title='bbox 1904 470 1935 490; x_wconf 86' lang='lat' dir='ltr'>ac</span> <span class='ocrx_word' id='word_1_691' title='bbox 1949 459 2080 500; x_wconf 81' lang='lat' dir='ltr'>pestibus</span> <span class='ocrx_word' id='word_1_692' title='bbox 2092 479 2100 492; x_wconf 91' lang='lat'>‚</span> <span class='ocrx_word' id='word_1_693' title='bbox 2122 458 2182 488; x_wconf 66' lang='lat' dir='ltr'>una</span> 
     </span>
     <span class='ocr_line' id='line_1_78' title="bbox 1227 499 2186 541; baseline -0.002 -9"><span class='ocrx_word' id='word_1_694' title='bbox 1227 514 1298 534; x_wconf 79' lang='lat' dir='ltr'>cum</span> <span class='ocrx_word' id='word_1_695' title='bbox 1308 502 1444 541; x_wconf 79' lang='lat' dir='ltr'>auspiciis</span> <span class='ocrx_word' id='word_1_696' title='bbox 1455 519 1464 534; x_wconf 90' lang='lat'>‚</span> <span class='ocrx_word' id='word_1_697' title='bbox 1482 510 1553 530; x_wconf 88' lang='lat' dir='ltr'>cum</span> <span class='ocrx_word' id='word_1_698' title='bbox 1563 499 1819 530; x_wconf 65' lang='lat' dir='ltr'>intercessionibus</span> <span class='ocrx_word' id='word_1_699' title='bbox 1830 521 1837 534; x_wconf 96' lang='lat'>‚</span> <span class='ocrx_word' id='word_1_700' title='bbox 1857 511 1928 530; x_wconf 89' lang='lat' dir='ltr'>cum</span> <span class='ocrx_word' id='word_1_701' title='bbox 1943 503 2031 531; x_wconf 88' lang='lat' dir='ltr'>omni</span> <span class='ocrx_word' id='word_1_702' title='bbox 2044 503 2110 541; x_wconf 88' lang='lat' dir='ltr'>jure</span> <span class='ocrx_word' id='word_1_703' title='bbox 2129 509 2186 540; x_wconf 88' lang='lat' dir='ltr'>pu-</span> 
     </span>
     <span class='ocr_line' id='line_1_79' title="bbox 1230 541 2188 583; baseline -0.006 -7"><span class='ocrx_word' id='word_1_704' title='bbox 1230 547 1310 576; x_wconf 89' lang='lat' dir='ltr'>blico</span> <span class='ocrx_word' id='word_1_705' title='bbox 1325 541 1602 583; x_wconf 82' lang='lat' dir='ltr'>conflagraverunt:</span> <span class='ocrx_word' id='word_1_706' title='bbox 1621 541 1775 583; x_wconf 88' lang='lat' dir='ltr'>ecquando</span> <span class='ocrx_word' id='word_1_707' title='bbox 1787 541 1930 572; x_wconf 87' lang='lat' dir='ltr'>dubitaris</span> <span class='ocrx_word' id='word_1_708' title='bbox 1939 551 2043 572; x_wconf 84' lang='lat' dir='ltr'>contra</span> <span class='ocrx_word' id='word_1_709' title='bbox 2052 552 2099 573; x_wconf 88' lang='lat' dir='ltr'>eas</span> <span class='ocrx_word' id='word_1_710' title='bbox 2110 543 2188 583; x_wconf 84' lang='lat' dir='ltr'>leges</span> 
     </span>
     <span class='ocr_line' id='line_1_80' title="bbox 1231 583 2190 626; baseline -0.003 -9"><span class='ocrx_word' id='word_1_711' title='bbox 1231 597 1303 618; x_wconf 85' lang='lat' dir='ltr'>cum</span> <span class='ocrx_word' id='word_1_712' title='bbox 1316 585 1402 626; x_wconf 87' lang='lat' dir='ltr'>plebe</span> <span class='ocrx_word' id='word_1_713' title='bbox 1413 593 1494 624; x_wconf 85' lang='lat' dir='ltr'>agere</span> <span class='ocrx_word' id='word_1_714' title='bbox 1505 603 1514 616; x_wconf 85' lang='lat'>,</span> <span class='ocrx_word' id='word_1_715' title='bbox 1534 583 1567 613; x_wconf 92' lang='lat'>&amp;</span> <span class='ocrx_word' id='word_1_716' title='bbox 1582 585 1748 613; x_wconf 88' lang='lat' dir='ltr'>concilium</span> <span class='ocrx_word' id='word_1_717' title='bbox 1765 586 1950 613; x_wconf 86' lang='lat' dir='ltr'>convocare?</span> <span class='ocrx_word' id='word_1_718' title='bbox 1969 593 2138 624; x_wconf 89' lang='lat' dir='ltr'>numquem</span> <span class='ocrx_word' id='word_1_719' title='bbox 2151 592 2190 614; x_wconf 83' lang='lat' dir='ltr'>ex</span> 
     </span>
     <span class='ocr_line' id='line_1_81' title="bbox 1231 623 2190 671; baseline -0.004 -12"><span class='ocrx_word' id='word_1_720' title='bbox 1231 629 1360 659; x_wconf 87' lang='lat' dir='ltr'>tribunis</span> <span class='ocrx_word' id='word_1_721' title='bbox 1374 627 1645 671; x_wconf 37' lang='lat' dir='ltr'>pleb-quicumque</span> <span class='ocrx_word' id='word_1_722' title='bbox 1665 623 1796 656; x_wconf 87' lang='lat' dir='ltr'>seditiosi</span> <span class='ocrx_word' id='word_1_723' title='bbox 1816 624 1949 658; x_wconf 87' lang='lat' dir='ltr'>fuerint,</span> <span class='ocrx_word' id='word_1_724' title='bbox 1970 634 2030 655; x_wconf 87' lang='lat' dir='ltr'>tam</span> <span class='ocrx_word' id='word_1_725' title='bbox 2048 624 2190 655; x_wconf 85' lang='lat' dir='ltr'>audacem</span> 
     </span>
     <span class='ocr_line' id='line_1_82' title="bbox 1232 667 2189 715; baseline -0.005 -14"><span class='ocrx_word' id='word_1_726' title='bbox 1232 671 1359 701; x_wconf 87' lang='lat' dir='ltr'>audieris</span> <span class='ocrx_word' id='word_1_727' title='bbox 1373 667 1458 715; x_wconf 75' lang='lat' dir='ltr'>misse</span> <span class='ocrx_word' id='word_1_728' title='bbox 1469 687 1478 702; x_wconf 86' lang='lat'>‚</span> <span class='ocrx_word' id='word_1_729' title='bbox 1499 676 1532 696; x_wconf 89' lang='lat' dir='ltr'>ut</span> <span class='ocrx_word' id='word_1_730' title='bbox 1542 677 1688 707; x_wconf 88' lang='lat' dir='ltr'>umquam</span> <span class='ocrx_word' id='word_1_731' title='bbox 1698 675 1802 698; x_wconf 89' lang='lat' dir='ltr'>contra</span> <span class='ocrx_word' id='word_1_732' title='bbox 1810 668 1908 707; x_wconf 89' lang='lat' dir='ltr'>legem</span> <span class='ocrx_word' id='word_1_733' title='bbox 1920 668 2031 697; x_wconf 84' lang='lat' dir='ltr'>AEliam</span> <span class='ocrx_word' id='word_1_734' title='bbox 2043 686 2051 701; x_wconf 85' lang='lat'>‚</span> <span class='ocrx_word' id='word_1_735' title='bbox 2068 675 2117 697; x_wconf 88' lang='lat' dir='ltr'>aut</span> <span class='ocrx_word' id='word_1_736' title='bbox 2127 668 2189 696; x_wconf 83' lang='lat' dir='ltr'>Fu-</span> 
     </span>
     <span class='ocr_line' id='line_1_83' title="bbox 1235 708 2226 750; baseline -0.005 -7"><span class='ocrx_word' id='word_1_737' title='bbox 1235 712 1303 743; x_wconf 87' lang='lat' dir='ltr'>fiam</span> <span class='ocrx_word' id='word_1_738' title='bbox 1315 713 1482 742; x_wconf 82' lang='lat' dir='ltr'>concilium</span> <span class='ocrx_word' id='word_1_739' title='bbox 1493 709 1669 739; x_wconf 86' lang='lat' dir='ltr'>advocaret?</span> <span class='ocrx_word' id='word_1_740' title='bbox 1713 711 1823 750; x_wconf 83' lang='lat' dir='ltr'>Qaero</span> <span class='ocrx_word' id='word_1_741' title='bbox 1832 708 1909 738; x_wconf 87' lang='lat' dir='ltr'>illud</span> <span class='ocrx_word' id='word_1_742' title='bbox 1919 711 2009 740; x_wconf 89' lang='lat' dir='ltr'>etiam</span> <span class='ocrx_word' id='word_1_743' title='bbox 2021 719 2059 739; x_wconf 88' lang='lat' dir='ltr'>ex</span> <span class='ocrx_word' id='word_1_744' title='bbox 2069 718 2112 742; x_wconf 91' lang='lat' dir='ltr'>te,</span> <span class='ocrx_word' id='word_1_745' title='bbox 2136 718 2189 738; x_wconf 90' lang='lat' dir='ltr'>co-</span> <span class='ocrx_word' id='word_1_746' title='bbox 2207 708 2226 743; x_wconf 78' lang='lat'>8</span> 
     </span>
     <span class='ocr_line' id='line_1_84' title="bbox 1234 750 2189 791; baseline -0.007 -6"><span class='ocrx_word' id='word_1_747' title='bbox 1234 754 1358 785; x_wconf 85' lang='lat' dir='ltr'>natusne</span> <span class='ocrx_word' id='word_1_748' title='bbox 1376 751 1411 781; x_wconf 86' lang='lat' dir='ltr'>sis</span> <span class='ocrx_word' id='word_1_749' title='bbox 1422 772 1432 784; x_wconf 87' lang='lat'>‚</span> <span class='ocrx_word' id='word_1_750' title='bbox 1450 751 1637 784; x_wconf 88' lang='lat' dir='ltr'>voluerisne‚</span> <span class='ocrx_word' id='word_1_751' title='bbox 1656 750 1788 791; x_wconf 91' lang='lat' dir='ltr'>denique</span> <span class='ocrx_word' id='word_1_752' title='bbox 1805 752 1961 791; x_wconf 80' lang='lat' dir='ltr'>cogitaris,</span> <span class='ocrx_word' id='word_1_753' title='bbox 1984 750 2040 790; x_wconf 82' lang='lat' dir='ltr'>(est</span> <span class='ocrx_word' id='word_1_754' title='bbox 2049 760 2132 781; x_wconf 91' lang='lat' dir='ltr'>enim</span> <span class='ocrx_word' id='word_1_755' title='bbox 2143 759 2189 780; x_wconf 78' lang='lat' dir='ltr'>res</span> 
     </span>
     <span class='ocr_line' id='line_1_85' title="bbox 1235 791 2191 837; baseline -0.005 -11"><span class='ocrx_word' id='word_1_756' title='bbox 1235 794 1404 837; x_wconf 89' lang='lat' dir='ltr'>ejusmodi,</span> <span class='ocrx_word' id='word_1_757' title='bbox 1424 802 1475 827; x_wconf 87' lang='lat' dir='ltr'>ut,</span> <span class='ocrx_word' id='word_1_758' title='bbox 1495 791 1515 822; x_wconf 88' lang='lat' dir='ltr'>si</span> <span class='ocrx_word' id='word_1_759' title='bbox 1533 792 1590 822; x_wconf 86' lang='lat' dir='ltr'>tibi</span> <span class='ocrx_word' id='word_1_760' title='bbox 1608 792 1703 822; x_wconf 76' lang='lat' dir='ltr'>modo</span> <span class='ocrx_word' id='word_1_761' title='bbox 1718 795 1751 822; x_wconf 93' lang='lat' dir='ltr'>in</span> <span class='ocrx_word' id='word_1_762' title='bbox 1764 801 1899 822; x_wconf 87' lang='lat' dir='ltr'>mentem</span> <span class='ocrx_word' id='word_1_763' title='bbox 1917 795 2020 826; x_wconf 83' lang='lat' dir='ltr'>venit.</span> <span class='ocrx_word' id='word_1_764' title='bbox 2043 802 2135 822; x_wconf 90' lang='lat' dir='ltr'>nemo</span> <span class='ocrx_word' id='word_1_765' title='bbox 2146 791 2191 826; x_wconf 88' lang='lat' dir='ltr'>sit,</span> 
     </span>
     <span class='ocr_line' id='line_1_86' title="bbox 1236 833 2195 879; baseline -0.005 -11"><span class='ocrx_word' id='word_1_766' title='bbox 1236 841 1289 879; x_wconf 92' lang='lat' dir='ltr'>qui</span> <span class='ocrx_word' id='word_1_767' title='bbox 1305 847 1332 867; x_wconf 88' lang='lat' dir='ltr'>te</span> <span class='ocrx_word' id='word_1_768' title='bbox 1353 836 1437 866; x_wconf 91' lang='lat' dir='ltr'>nullo</span> <span class='ocrx_word' id='word_1_769' title='bbox 1453 836 1583 865; x_wconf 81' lang='lat' dir='ltr'>cruciatu</span> <span class='ocrx_word' id='word_1_770' title='bbox 1600 833 1658 864; x_wconf 85' lang='lat' dir='ltr'>effe</span> <span class='ocrx_word' id='word_1_771' title='bbox 1673 834 1833 875; x_wconf 86' lang='lat' dir='ltr'>indignum</span> <span class='ocrx_word' id='word_1_772' title='bbox 1845 834 2140 876; x_wconf 78' lang='lat' dir='ltr'>putet)cogitariffie‚</span> <span class='ocrx_word' id='word_1_773' title='bbox 2160 843 2195 863; x_wconf 85' lang='lat' dir='ltr'>in.</span> 
     </span>
     <span class='ocr_line' id='line_1_87' title="bbox 1237 875 2195 924; baseline -0.004 -15"><span class='ocrx_word' id='word_1_774' title='bbox 1237 881 1293 909; x_wconf 88' lang='lat' dir='ltr'>illo</span> <span class='ocrx_word' id='word_1_775' title='bbox 1310 888 1370 924; x_wconf 32' lang='lat' dir='ltr'>tuo·</span> <span class='ocrx_word' id='word_1_776' title='bbox 1382 876 1581 921; x_wconf 74' lang='lat' dir='ltr'>intolerabili,</span> <span class='ocrx_word' id='word_1_777' title='bbox 1605 886 1669 906; x_wconf 90' lang='lat' dir='ltr'>non</span> <span class='ocrx_word' id='word_1_778' title='bbox 1680 886 1760 916; x_wconf 81' lang='lat' dir='ltr'>regno</span> <span class='ocrx_word' id='word_1_779' title='bbox 1774 878 1856 915; x_wconf 74' lang='lat' dir='ltr'>(narn</span> <span class='ocrx_word' id='word_1_780' title='bbox 1871 879 1955 916; x_wconf 87' lang='lat' dir='ltr'>cupis</span> <span class='ocrx_word' id='word_1_781' title='bbox 1968 877 1999 906; x_wconf 89' lang='lat' dir='ltr'>id</span> <span class='ocrx_word' id='word_1_782' title='bbox 2013 876 2125 915; x_wconf 88' lang='lat' dir='ltr'>audire)</span> <span class='ocrx_word' id='word_1_783' title='bbox 2145 875 2195 906; x_wconf 87' lang='lat' dir='ltr'>sed</span> 
     </span>
     <span class='ocr_line' id='line_1_88' title="bbox 1238 918 2198 963; baseline -0.004 -13"><span class='ocrx_word' id='word_1_784' title='bbox 1238 921 1385 950; x_wconf 79' lang='lat' dir='ltr'>latrocznio</span> <span class='ocrx_word' id='word_1_785' title='bbox 1397 939 1405 953; x_wconf 96' lang='lat'>,</span> <span class='ocrx_word' id='word_1_786' title='bbox 1417 928 1508 963; x_wconf 77' lang='lat' dir='ltr'>augur</span> <span class='ocrx_word' id='word_1_787' title='bbox 1518 919 1583 947; x_wconf 81' lang='lat' dir='ltr'>heri</span> <span class='ocrx_word' id='word_1_788' title='bbox 1595 919 1627 947; x_wconf 92' lang='lat' dir='ltr'>in</span> <span class='ocrx_word' id='word_1_789' title='bbox 1637 918 1804 958; x_wconf 79' lang='lat' dir='ltr'>QMetelli</span> <span class='ocrx_word' id='word_1_790' title='bbox 1813 918 1916 948; x_wconf 87' lang='lat' dir='ltr'>locum</span> <span class='ocrx_word' id='word_1_791' title='bbox 1928 922 1937 946; x_wconf 87' lang='lat'>?</span> <span class='ocrx_word' id='word_1_792' title='bbox 1949 927 1982 948; x_wconf 88' lang='lat' dir='ltr'>ut</span> <span class='ocrx_word' id='word_1_793' title='bbox 1991 938 1999 951; x_wconf 88' lang='lat'>‚</span> <span class='ocrx_word' id='word_1_794' title='bbox 2011 920 2198 958; x_wconf 83' lang='lat' dir='ltr'>quicumque</span> 
     </span>
     <span class='ocr_line' id='line_1_89' title="bbox 1241 959 2195 1004; baseline -0.007 -10"><span class='ocrx_word' id='word_1_795' title='bbox 1241 973 1268 993; x_wconf 89' lang='lat' dir='ltr'>te</span> <span class='ocrx_word' id='word_1_796' title='bbox 1279 959 1463 1002; x_wconf 73' lang='lat' dir='ltr'>adspexisset,</span> <span class='ocrx_word' id='word_1_797' title='bbox 1476 959 1629 1000; x_wconf 89' lang='lat' dir='ltr'>duplicem</span> <span class='ocrx_word' id='word_1_798' title='bbox 1641 960 1778 989; x_wconf 85' lang='lat' dir='ltr'>dolorem</span> <span class='ocrx_word' id='word_1_799' title='bbox 1790 980 1798 993; x_wconf 93' lang='lat'>,</span> <span class='ocrx_word' id='word_1_800' title='bbox 1808 961 2016 1004; x_wconf 84' lang='lat' dir='ltr'>gemitumque</span> <span class='ocrx_word' id='word_1_801' title='bbox 2027 959 2195 999; x_wconf 83' lang='lat' dir='ltr'>susciperet,</span> 
     </span>
     <span class='ocr_line' id='line_1_90' title="bbox 1242 998 2198 1035; baseline -0.006 0"><span class='ocrx_word' id='word_1_802' title='bbox 1242 1006 1274 1035; x_wconf 89' lang='lat'>&amp;</span> <span class='ocrx_word' id='word_1_803' title='bbox 1284 1014 1322 1034; x_wconf 83' lang='lat' dir='ltr'>ex</span> <span class='ocrx_word' id='word_1_804' title='bbox 1333 1001 1476 1033; x_wconf 85' lang='lat' dir='ltr'>desiderio</span> <span class='ocrx_word' id='word_1_805' title='bbox 1488 998 1638 1031; x_wconf 85' lang='lat' dir='ltr'>clariffimi</span> <span class='ocrx_word' id='word_1_806' title='bbox 1649 1022 1657 1034; x_wconf 89' lang='lat'>,</span> <span class='ocrx_word' id='word_1_807' title='bbox 1674 1000 1865 1031; x_wconf 86' lang='lat' dir='ltr'>&amp;fortissimi</span> <span class='ocrx_word' id='word_1_808' title='bbox 1876 1002 1950 1031; x_wconf 89' lang='lat' dir='ltr'>civis</span> <span class='ocrx_word' id='word_1_809' title='bbox 1961 1021 1969 1034; x_wconf 83' lang='lat'>‚</span> <span class='ocrx_word' id='word_1_810' title='bbox 1990 1002 2022 1032; x_wconf 66' lang='grc' dir='ltr'>ὅ(</span> <span class='ocrx_word' id='word_1_811' title='bbox 2032 1011 2070 1031; x_wconf 85' lang='lat' dir='ltr'>ex</span> <span class='ocrx_word' id='word_1_812' title='bbox 2082 1002 2198 1030; x_wconf 87' lang='lat' dir='ltr'>honore</span> 
     </span>
     <span class='ocr_line' id='line_1_91' title="bbox 1242 1041 2198 1086; baseline -0.005 -10"><span class='ocrx_word' id='word_1_813' title='bbox 1242 1044 1400 1086; x_wconf 85' lang='lat' dir='ltr'>turpiffimi</span> <span class='ocrx_word' id='word_1_814' title='bbox 1412 1063 1420 1077; x_wconf 96' lang='lat'>,</span> <span class='ocrx_word' id='word_1_815' title='bbox 1440 1052 1527 1083; x_wconf 88' lang='lat' dir='ltr'>atque</span> <span class='ocrx_word' id='word_1_816' title='bbox 1542 1041 1776 1083; x_wconf 76' lang='lat' dir='ltr'>improbissimi?</span> <span class='ocrx_word' id='word_1_817' title='bbox 1798 1043 1923 1073; x_wconf 87' lang='lat' dir='ltr'>Adeone</span> <span class='ocrx_word' id='word_1_818' title='bbox 1940 1053 2004 1074; x_wconf 90' lang='lat' dir='ltr'>non</span> <span class='ocrx_word' id='word_1_819' title='bbox 2021 1041 2198 1073; x_wconf 66' lang='lat' dir='ltr'>labefa&amp;arn</span> 
     </span>
     <span class='ocr_line' id='line_1_92' title="bbox 1242 1083 2200 1126; baseline -0.003 -10"><span class='ocrx_word' id='word_1_820' title='bbox 1242 1097 1338 1126; x_wconf 86' lang='lat' dir='ltr'>remp.</span> <span class='ocrx_word' id='word_1_821' title='bbox 1350 1095 1377 1116; x_wconf 87' lang='lat' dir='ltr'>te</span> <span class='ocrx_word' id='word_1_822' title='bbox 1387 1086 1509 1115; x_wconf 88' lang='lat' dir='ltr'>tribuno</span> <span class='ocrx_word' id='word_1_823' title='bbox 1520 1104 1534 1118; x_wconf 67' lang='grc'>,,</span> <span class='ocrx_word' id='word_1_824' title='bbox 1550 1094 1648 1125; x_wconf 90' lang='lat' dir='ltr'>neque</span> <span class='ocrx_word' id='word_1_825' title='bbox 1660 1083 1879 1125; x_wconf 63' lang='lat' dir='ltr'>conquassatam</span> <span class='ocrx_word' id='word_1_826' title='bbox 1893 1087 2045 1115; x_wconf 86' lang='lat' dir='ltr'>civitatem</span> <span class='ocrx_word' id='word_1_827' title='bbox 2058 1105 2066 1117; x_wconf 80' lang='lat'>,</span> <span class='ocrx_word' id='word_1_828' title='bbox 2086 1084 2134 1114; x_wconf 85' lang='lat' dir='ltr'>sed</span> <span class='ocrx_word' id='word_1_829' title='bbox 2151 1094 2200 1114; x_wconf 80' lang='lat' dir='ltr'>ca-</span> 
     </span>
     <span class='ocr_line' id='line_1_93' title="bbox 1244 1127 2201 1176; baseline -0.003 -18"><span class='ocrx_word' id='word_1_830' title='bbox 1244 1138 1326 1176; x_wconf 82' lang='lat' dir='ltr'>ptam</span> <span class='ocrx_word' id='word_1_831' title='bbox 1336 1129 1412 1157; x_wconf 89' lang='lat' dir='ltr'>hanc</span> <span class='ocrx_word' id='word_1_832' title='bbox 1422 1127 1527 1156; x_wconf 89' lang='lat' dir='ltr'>urbem</span> <span class='ocrx_word' id='word_1_833' title='bbox 1537 1145 1545 1159; x_wconf 92' lang='lat'>,</span> <span class='ocrx_word' id='word_1_834' title='bbox 1557 1134 1644 1166; x_wconf 86' lang='lat' dir='ltr'>atque</span> <span class='ocrx_word' id='word_1_835' title='bbox 1654 1127 1784 1156; x_wconf 85' lang='lat' dir='ltr'>eversam</span> <span class='ocrx_word' id='word_1_836' title='bbox 1794 1136 1909 1166; x_wconf 90' lang='lat' dir='ltr'>putares</span> <span class='ocrx_word' id='word_1_837' title='bbox 1920 1147 1929 1159; x_wconf 90' lang='lat'>‚</span> <span class='ocrx_word' id='word_1_838' title='bbox 1946 1135 1979 1157; x_wconf 90' lang='lat' dir='ltr'>ut</span> <span class='ocrx_word' id='word_1_839' title='bbox 1987 1136 2128 1168; x_wconf 86' lang='lat' dir='ltr'>augurem</span> <span class='ocrx_word' id='word_1_840' title='bbox 2141 1128 2201 1155; x_wconf 89' lang='lat' dir='ltr'>Va-</span> 
     </span>
     <span class='ocr_line' id='line_1_94' title="bbox 1245 1165 2200 1208; baseline -0.004 -8"><span class='ocrx_word' id='word_1_841' title='bbox 1245 1172 1356 1200; x_wconf 87' lang='lat' dir='ltr'>tinium</span> <span class='ocrx_word' id='word_1_842' title='bbox 1367 1168 1442 1197; x_wconf 86' lang='lat' dir='ltr'>ferre</span> <span class='ocrx_word' id='word_1_843' title='bbox 1451 1165 1623 1207; x_wconf 72' lang='lat' dir='ltr'>possemus?</span> <span class='ocrx_word' id='word_1_844' title='bbox 1646 1169 1714 1196; x_wconf 93' lang='lat' dir='ltr'>Hoc</span> <span class='ocrx_word' id='word_1_845' title='bbox 1725 1167 1795 1197; x_wconf 89' lang='lat' dir='ltr'>loco</span> <span class='ocrx_word' id='word_1_846' title='bbox 1805 1178 1905 1208; x_wconf 88' lang='lat' dir='ltr'>quaero</span> <span class='ocrx_word' id='word_1_847' title='bbox 1913 1187 1921 1201; x_wconf 88' lang='lat'>,</span> <span class='ocrx_word' id='word_1_848' title='bbox 1934 1167 1954 1197; x_wconf 80' lang='lat' dir='ltr'>si</span> <span class='ocrx_word' id='word_1_849' title='bbox 1965 1188 1974 1201; x_wconf 91' lang='lat'>,</span> <span class='ocrx_word' id='word_1_850' title='bbox 1994 1169 2023 1197; x_wconf 89' lang='lat' dir='ltr'>id</span> <span class='ocrx_word' id='word_1_851' title='bbox 2034 1168 2114 1208; x_wconf 87' lang='lat' dir='ltr'>quod</span> <span class='ocrx_word' id='word_1_852' title='bbox 2124 1177 2200 1197; x_wconf 87' lang='lat' dir='ltr'>con-</span> 
     </span>
     <span class='ocr_line' id='line_1_95' title="bbox 1244 1207 2201 1252; baseline -0.005 -10"><span class='ocrx_word' id='word_1_853' title='bbox 1244 1213 1376 1252; x_wconf 90' lang='lat' dir='ltr'>cupieras</span> <span class='ocrx_word' id='word_1_854' title='bbox 1387 1230 1396 1243; x_wconf 90' lang='lat'>,</span> <span class='ocrx_word' id='word_1_855' title='bbox 1407 1218 1497 1250; x_wconf 90' lang='lat' dir='ltr'>augur</span> <span class='ocrx_word' id='word_1_856' title='bbox 1506 1207 1601 1237; x_wconf 66' lang='lat' dir='ltr'>faetus</span> <span class='ocrx_word' id='word_1_857' title='bbox 1611 1207 1700 1238; x_wconf 84' lang='lat' dir='ltr'>effes:</span> <span class='ocrx_word' id='word_1_858' title='bbox 1713 1210 1745 1238; x_wconf 87' lang='lat' dir='ltr'>in</span> <span class='ocrx_word' id='word_1_859' title='bbox 1754 1218 1812 1248; x_wconf 88' lang='lat' dir='ltr'>qua</span> <span class='ocrx_word' id='word_1_860' title='bbox 1821 1218 1870 1239; x_wconf 90' lang='lat' dir='ltr'>tua</span> <span class='ocrx_word' id='word_1_861' title='bbox 1878 1211 2057 1249; x_wconf 85' lang='lat' dir='ltr'>cogitatione</span> <span class='ocrx_word' id='word_1_862' title='bbox 2068 1218 2135 1241; x_wconf 85' lang='lat' dir='ltr'>nos,</span> <span class='ocrx_word' id='word_1_863' title='bbox 2147 1210 2201 1248; x_wconf 86' lang='lat' dir='ltr'>qui</span> 
     </span>
     <span class='ocr_line' id='line_1_96' title="bbox 1245 1248 2203 1290; baseline -0.005 -6"><span class='ocrx_word' id='word_1_864' title='bbox 1245 1263 1272 1284; x_wconf 91' lang='lat' dir='ltr'>te</span> <span class='ocrx_word' id='word_1_865' title='bbox 1284 1253 1442 1283; x_wconf 90' lang='lat' dir='ltr'>oderamus</span> <span class='ocrx_word' id='word_1_866' title='bbox 1452 1271 1461 1284; x_wconf 90' lang='lat'>,</span> <span class='ocrx_word' id='word_1_867' title='bbox 1478 1252 1533 1280; x_wconf 86' lang='lat' dir='ltr'>vix</span> <span class='ocrx_word' id='word_1_868' title='bbox 1543 1249 1682 1280; x_wconf 88' lang='lat' dir='ltr'>dolorem</span> <span class='ocrx_word' id='word_1_869' title='bbox 1691 1248 1860 1280; x_wconf 86' lang='lat' dir='ltr'>ferebamus</span> <span class='ocrx_word' id='word_1_870' title='bbox 1874 1261 1878 1279; x_wconf 81' lang='lat' dir='ltr'><em>z</em></span> <span class='ocrx_word' id='word_1_871' title='bbox 1892 1251 1943 1280; x_wconf 86' lang='lat' dir='ltr'>illi</span> <span class='ocrx_word' id='word_1_872' title='bbox 1952 1259 2051 1281; x_wconf 89' lang='lat' dir='ltr'>autem</span> <span class='ocrx_word' id='word_1_873' title='bbox 2063 1271 2072 1283; x_wconf 90' lang='lat'>‚</span> <span class='ocrx_word' id='word_1_874' title='bbox 2090 1251 2203 1290; x_wconf 84' lang='lat' dir='ltr'>quibus</span> 
     </span>
     <span class='ocr_line' id='line_1_97' title="bbox 1245 1291 2203 1333; baseline -0.005 -7"><span class='ocrx_word' id='word_1_875' title='bbox 1245 1305 1306 1326; x_wconf 87' lang='lat' dir='ltr'>eras</span> <span class='ocrx_word' id='word_1_876' title='bbox 1318 1297 1349 1324; x_wconf 89' lang='lat' dir='ltr'>in</span> <span class='ocrx_word' id='word_1_877' title='bbox 1361 1294 1477 1324; x_wconf 88' lang='lat' dir='ltr'>deliciis</span> <span class='ocrx_word' id='word_1_878' title='bbox 1489 1311 1497 1325; x_wconf 86' lang='lat'>‚</span> <span class='ocrx_word' id='word_1_879' title='bbox 1509 1293 1562 1322; x_wconf 84' lang='lat' dir='ltr'>vix</span> <span class='ocrx_word' id='word_1_880' title='bbox 1572 1292 1664 1321; x_wconf 88' lang='lat' dir='ltr'>risum</span> <span class='ocrx_word' id='word_1_881' title='bbox 1677 1292 1832 1323; x_wconf 85' lang='lat' dir='ltr'>tenebant:</span> <span class='ocrx_word' id='word_1_882' title='bbox 1843 1292 1893 1322; x_wconf 88' lang='lat' dir='ltr'>sed</span> <span class='ocrx_word' id='word_1_883' title='bbox 1903 1303 2003 1333; x_wconf 83' lang='lat' dir='ltr'>quaero</span> <span class='ocrx_word' id='word_1_884' title='bbox 2012 1311 2020 1326; x_wconf 97' lang='lat'>,</span> <span class='ocrx_word' id='word_1_885' title='bbox 2030 1291 2054 1322; x_wconf 88' lang='lat' dir='ltr'>fi</span> <span class='ocrx_word' id='word_1_886' title='bbox 2064 1292 2098 1322; x_wconf 89' lang='lat' dir='ltr'>ad</span> <span class='ocrx_word' id='word_1_887' title='bbox 2108 1301 2203 1322; x_wconf 89' lang='lat' dir='ltr'>cetera</span> 
     </span>
     <span class='ocr_line' id='line_1_98' title="bbox 1245 1332 2204 1376; baseline -0.005 -9"><span class='ocrx_word' id='word_1_888' title='bbox 1245 1338 1369 1367; x_wconf 82' lang='lat' dir='ltr'>vulnera</span> <span class='ocrx_word' id='word_1_889' title='bbox 1379 1355 1387 1369; x_wconf 92' lang='lat'>,</span> <span class='ocrx_word' id='word_1_890' title='bbox 1400 1334 1510 1376; x_wconf 90' lang='lat' dir='ltr'>quibus</span> <span class='ocrx_word' id='word_1_891' title='bbox 1517 1332 1626 1373; x_wconf 88' lang='lat' dir='ltr'>putasti</span> <span class='ocrx_word' id='word_1_892' title='bbox 1635 1334 1770 1373; x_wconf 85' lang='lat' dir='ltr'>rempub.</span> <span class='ocrx_word' id='word_1_893' title='bbox 1781 1334 1874 1364; x_wconf 87' lang='lat' dir='ltr'>deleri</span> <span class='ocrx_word' id='word_1_894' title='bbox 1886 1354 1894 1367; x_wconf 83' lang='lat'>‚</span> <span class='ocrx_word' id='word_1_895' title='bbox 1905 1337 1980 1365; x_wconf 87' lang='lat' dir='ltr'>hanc</span> <span class='ocrx_word' id='word_1_896' title='bbox 1989 1344 2108 1376; x_wconf 89' lang='lat' dir='ltr'>quoque</span> <span class='ocrx_word' id='word_1_897' title='bbox 2120 1342 2204 1363; x_wconf 87' lang='lat' dir='ltr'>mor-</span> 
     </span>
     <span class='ocr_line' id='line_1_99' title="bbox 1249 1372 2206 1418; baseline -0.006 -8"><span class='ocrx_word' id='word_1_898' title='bbox 1249 1378 1365 1410; x_wconf 79' lang='lat' dir='ltr'>tiferam</span> <span class='ocrx_word' id='word_1_899' title='bbox 1377 1378 1492 1418; x_wconf 87' lang='lat' dir='ltr'>plagam</span> <span class='ocrx_word' id='word_1_900' title='bbox 1502 1372 1659 1405; x_wconf 78' lang='lat' dir='ltr'>inflixiss&#39;es</span> <span class='ocrx_word' id='word_1_901' title='bbox 1668 1384 1822 1415; x_wconf 88' lang='lat' dir='ltr'>auguratus</span> <span class='ocrx_word' id='word_1_902' title='bbox 1837 1377 1898 1410; x_wconf 87' lang='lat' dir='ltr'>tui,</span> <span class='ocrx_word' id='word_1_903' title='bbox 1919 1375 2021 1406; x_wconf 77' lang='lat' dir='ltr'>utrum</span> <span class='ocrx_word' id='word_1_904' title='bbox 2033 1376 2206 1406; x_wconf 74' lang='lat' dir='ltr'>decreturus</span> 
     </span>
     <span class='ocr_line' id='line_1_100' title="bbox 1247 1417 2206 1459; baseline -0.004 -8"><span class='ocrx_word' id='word_1_905' title='bbox 1247 1420 1339 1451; x_wconf 84' lang='lat' dir='ltr'>fueris</span> <span class='ocrx_word' id='word_1_906' title='bbox 1349 1420 1380 1450; x_wconf 93' lang='lat' dir='ltr'>id</span> <span class='ocrx_word' id='word_1_907' title='bbox 1393 1439 1401 1453; x_wconf 86' lang='lat'>‚</span> <span class='ocrx_word' id='word_1_908' title='bbox 1422 1417 1503 1459; x_wconf 91' lang='lat' dir='ltr'>quod</span> <span class='ocrx_word' id='word_1_909' title='bbox 1520 1427 1642 1458; x_wconf 88' lang='lat' dir='ltr'>augures</span> <span class='ocrx_word' id='word_1_910' title='bbox 1659 1427 1768 1447; x_wconf 90' lang='lat' dir='ltr'>omnes</span> <span class='ocrx_word' id='word_1_911' title='bbox 1783 1418 1874 1458; x_wconf 90' lang='lat' dir='ltr'>usque</span> <span class='ocrx_word' id='word_1_912' title='bbox 1886 1417 1906 1447; x_wconf 57' lang='lat' dir='ltr'>‘a</span> <span class='ocrx_word' id='word_1_913' title='bbox 1916 1418 2054 1449; x_wconf 88' lang='lat' dir='ltr'>Romulo</span> <span class='ocrx_word' id='word_1_914' title='bbox 2063 1418 2206 1448; x_wconf 89' lang='lat' dir='ltr'>decreve-</span> 
     </span>
     <span class='ocr_line' id='line_1_101' title="bbox 1249 1458 2203 1505; baseline -0.005 -12"><span class='ocrx_word' id='word_1_915' title='bbox 1249 1471 1319 1493; x_wconf 89' lang='lat' dir='ltr'>runt</span> <span class='ocrx_word' id='word_1_916' title='bbox 1330 1482 1338 1496; x_wconf 93' lang='lat'>,</span> <span class='ocrx_word' id='word_1_917' title='bbox 1355 1463 1433 1503; x_wconf 88' lang='lat' dir='ltr'>Jove</span> <span class='ocrx_word' id='word_1_918' title='bbox 1444 1459 1594 1505; x_wconf 79' lang='lat' dir='ltr'>fulgente,</span> <span class='ocrx_word' id='word_1_919' title='bbox 1613 1469 1682 1489; x_wconf 87' lang='lat' dir='ltr'>cum</span> <span class='ocrx_word' id='word_1_920' title='bbox 1697 1460 1811 1499; x_wconf 89' lang='lat' dir='ltr'>populo</span> <span class='ocrx_word' id='word_1_921' title='bbox 1825 1461 1871 1500; x_wconf 86' lang='lat' dir='ltr'>agi</span> <span class='ocrx_word' id='word_1_922' title='bbox 1888 1458 1970 1490; x_wconf 84' lang='lat' dir='ltr'>nefas</span> <span class='ocrx_word' id='word_1_923' title='bbox 1988 1458 2064 1493; x_wconf 82' lang='lat' dir='ltr'>effe,</span> <span class='ocrx_word' id='word_1_924' title='bbox 2085 1470 2122 1490; x_wconf 86' lang='lat' dir='ltr'>an</span> <span class='ocrx_word' id='word_1_925' title='bbox 2132 1460 2203 1499; x_wconf 84' lang='lat' dir='ltr'>quia</span> 
     </span>
     <span class='ocr_line' id='line_1_102' title="bbox 1250 1499 2205 1550; baseline -0.005 -15"><span class='ocrx_word' id='word_1_926' title='bbox 1250 1514 1282 1535; x_wconf 92' lang='lat' dir='ltr'>tu</span> <span class='ocrx_word' id='word_1_927' title='bbox 1300 1503 1415 1543; x_wconf 87' lang='lat' dir='ltr'>semper</span> <span class='ocrx_word' id='word_1_928' title='bbox 1432 1500 1470 1550; x_wconf 72' lang='lat' dir='ltr'>sic</span> <span class='ocrx_word' id='word_1_929' title='bbox 1488 1499 1591 1542; x_wconf 90' lang='lat' dir='ltr'>egisses</span> <span class='ocrx_word' id='word_1_930' title='bbox 1602 1520 1612 1533; x_wconf 85' lang='lat'>,</span> <span class='ocrx_word' id='word_1_931' title='bbox 1630 1502 1756 1541; x_wconf 85' lang='lat' dir='ltr'>auspicia</span> <span class='ocrx_word' id='word_1_932' title='bbox 1773 1500 1867 1531; x_wconf 82' lang='lat' dir='ltr'>fueris</span> <span class='ocrx_word' id='word_1_933' title='bbox 1885 1511 1976 1543; x_wconf 86' lang='lat' dir='ltr'>augur</span> <span class='ocrx_word' id='word_1_934' title='bbox 1993 1500 2205 1532; x_wconf 77' lang='lat' dir='ltr'>dissoluturus?</span> 
     </span>
     <span class='ocr_line' id='line_1_103' title="bbox 1250 1541 2202 1584; baseline -0.004 -9"><span class='ocrx_word' id='word_1_935' title='bbox 1250 1550 1294 1577; x_wconf 86' lang='lat' dir='ltr'>Ac</span> <span class='ocrx_word' id='word_1_936' title='bbox 1304 1566 1312 1580; x_wconf 95' lang='lat'>,</span> <span class='ocrx_word' id='word_1_937' title='bbox 1325 1556 1362 1576; x_wconf 86' lang='lat' dir='ltr'>ne</span> <span class='ocrx_word' id='word_1_938' title='bbox 1375 1545 1489 1574; x_wconf 90' lang='lat' dir='ltr'>diutius</span> <span class='ocrx_word' id='word_1_939' title='bbox 1498 1545 1602 1583; x_wconf 87' lang='lat' dir='ltr'>loquar</span> <span class='ocrx_word' id='word_1_940' title='bbox 1610 1542 1646 1572; x_wconf 90' lang='lat' dir='ltr'>de</span> <span class='ocrx_word' id='word_1_941' title='bbox 1656 1551 1797 1583; x_wconf 86' lang='lat' dir='ltr'>auguratu</span> <span class='ocrx_word' id='word_1_942' title='bbox 1808 1552 1860 1573; x_wconf 91' lang='lat' dir='ltr'>tuo</span> <span class='ocrx_word' id='word_1_943' title='bbox 1870 1562 1879 1576; x_wconf 84' lang='lat'>,</span> <span class='ocrx_word' id='word_1_944' title='bbox 1898 1543 1979 1584; x_wconf 90' lang='lat' dir='ltr'>quod</span> <span class='ocrx_word' id='word_1_945' title='bbox 1989 1545 2103 1573; x_wconf 81' lang='lat' dir='ltr'>invitus</span> <span class='ocrx_word' id='word_1_946' title='bbox 2113 1541 2202 1576; x_wconf 83' lang='lat' dir='ltr'>facio,</span> 
     </span>
     <span class='ocr_line' id='line_1_104' title="bbox 1249 1582 2206 1626; baseline -0.004 -8"><span class='ocrx_word' id='word_1_947' title='bbox 1249 1598 1281 1618; x_wconf 91' lang='lat' dir='ltr'>ut</span> <span class='ocrx_word' id='word_1_948' title='bbox 1300 1587 1417 1617; x_wconf 79' lang='lat' dir='ltr'>recorder</span> <span class='ocrx_word' id='word_1_949' title='bbox 1436 1586 1531 1615; x_wconf 80' lang='lat' dir='ltr'>ruinas</span> <span class='ocrx_word' id='word_1_950' title='bbox 1549 1582 1762 1625; x_wconf 81' lang='lat' dir='ltr'>reipub.neque</span> <span class='ocrx_word' id='word_1_951' title='bbox 1774 1587 1860 1615; x_wconf 88' lang='lat' dir='ltr'>enirn</span> <span class='ocrx_word' id='word_1_952' title='bbox 1879 1593 1910 1615; x_wconf 91' lang='lat' dir='ltr'>tu</span> <span class='ocrx_word' id='word_1_953' title='bbox 1923 1595 2088 1626; x_wconf 84' lang='lat' dir='ltr'>umquam,</span> <span class='ocrx_word' id='word_1_954' title='bbox 2109 1583 2206 1614; x_wconf 86' lang='lat' dir='ltr'>stante</span> 
     </span>
     <span class='ocr_line' id='line_1_105' title="bbox 1249 1626 2206 1668; baseline -0.006 -8"><span class='ocrx_word' id='word_1_955' title='bbox 1249 1640 1313 1660; x_wconf 92' lang='lat' dir='ltr'>non</span> <span class='ocrx_word' id='word_1_956' title='bbox 1324 1628 1419 1660; x_wconf 74' lang='lat' dir='ltr'>modo</span> <span class='ocrx_word' id='word_1_957' title='bbox 1430 1626 1578 1668; x_wconf 87' lang='lat' dir='ltr'>majestate</span> <span class='ocrx_word' id='word_1_958' title='bbox 1588 1629 1697 1656; x_wconf 80' lang='lat' dir='ltr'>horum</span> <span class='ocrx_word' id='word_1_959' title='bbox 1711 1647 1720 1660; x_wconf 89' lang='lat'>‚</span> <span class='ocrx_word' id='word_1_960' title='bbox 1742 1626 1790 1656; x_wconf 88' lang='lat' dir='ltr'>sed</span> <span class='ocrx_word' id='word_1_961' title='bbox 1799 1628 1894 1657; x_wconf 79' lang='lat' dir='ltr'>etiam</span> <span class='ocrx_word' id='word_1_962' title='bbox 1909 1627 1981 1658; x_wconf 92' lang='lat' dir='ltr'>urbe</span> <span class='ocrx_word' id='word_1_963' title='bbox 1991 1647 1999 1661; x_wconf 90' lang='lat'>,</span> <span class='ocrx_word' id='word_1_964' title='bbox 2023 1635 2049 1657; x_wconf 90' lang='lat' dir='ltr'>te</span> <span class='ocrx_word' id='word_1_965' title='bbox 2062 1635 2206 1668; x_wconf 86' lang='lat' dir='ltr'>augurem</span> 
     </span>
     <span class='ocr_line' id='line_1_106' title="bbox 1249 1668 2241 1712; baseline -0.007 -9"><span class='ocrx_word' id='word_1_966' title='bbox 1249 1672 1314 1703; x_wconf 85' lang='lat' dir='ltr'>fore</span> <span class='ocrx_word' id='word_1_967' title='bbox 1325 1669 1443 1712; x_wconf 86' lang='lat' dir='ltr'>putasti.</span> <span class='ocrx_word' id='word_1_968' title='bbox 1489 1668 1605 1698; x_wconf 74' lang='lat' dir='ltr'>Verum</span> <span class='ocrx_word' id='word_1_969' title='bbox 1623 1677 1744 1702; x_wconf 72' lang='lat' dir='ltr'>tamen,</span> <span class='ocrx_word' id='word_1_970' title='bbox 1765 1678 1798 1698; x_wconf 90' lang='lat' dir='ltr'>ut</span> <span class='ocrx_word' id='word_1_971' title='bbox 1815 1669 1934 1699; x_wconf 87' lang='lat' dir='ltr'>somnia</span> <span class='ocrx_word' id='word_1_972' title='bbox 1953 1678 2002 1700; x_wconf 81' lang='lat' dir='ltr'>tua</span> <span class='ocrx_word' id='word_1_973' title='bbox 2019 1669 2200 1709; x_wconf 89' lang='lat' dir='ltr'>relinquam,</span> <span class='ocrx_word' id='word_1_974' title='bbox 2216 1676 2241 1710; x_wconf 89' lang='lat'><em>9</em></span> 
     </span>
     <span class='ocr_line' id='line_1_107' title="bbox 1251 1708 2205 1750; baseline -0.007 -5"><span class='ocrx_word' id='word_1_975' title='bbox 1251 1714 1286 1745; x_wconf 84' lang='lat' dir='ltr'>ad</span> <span class='ocrx_word' id='word_1_976' title='bbox 1301 1715 1406 1745; x_wconf 82' lang='lat' dir='ltr'>scelera</span> <span class='ocrx_word' id='word_1_977' title='bbox 1416 1713 1537 1742; x_wconf 88' lang='lat' dir='ltr'>veniam</span> <span class='ocrx_word' id='word_1_978' title='bbox 1548 1730 1557 1743; x_wconf 86' lang='lat'>,</span> <span class='ocrx_word' id='word_1_979' title='bbox 1576 1710 1648 1740; x_wconf 87' lang='lat' dir='ltr'>volo</span> <span class='ocrx_word' id='word_1_980' title='bbox 1659 1712 1701 1740; x_wconf 89' lang='lat' dir='ltr'>uti</span> <span class='ocrx_word' id='word_1_981' title='bbox 1711 1712 1789 1740; x_wconf 87' lang='lat' dir='ltr'>mihi</span> <span class='ocrx_word' id='word_1_982' title='bbox 1798 1710 1975 1750; x_wconf 86' lang='lat' dir='ltr'>respondeas</span> <span class='ocrx_word' id='word_1_983' title='bbox 1987 1722 1992 1740; x_wconf 89' lang='grc'>;</span> <span class='ocrx_word' id='word_1_984' title='bbox 2012 1708 2085 1740; x_wconf 75' lang='lat' dir='ltr'>cum</span> <span class='ocrx_word' id='word_1_985' title='bbox 2096 1712 2142 1739; x_wconf 89' lang='grc' dir='ltr'>Μ.</span> <span class='ocrx_word' id='word_1_986' title='bbox 2152 1710 2205 1739; x_wconf 93' lang='lat' dir='ltr'>Bi-</span> 
     </span>
     <span class='ocr_line' id='line_1_108' title="bbox 1252 1752 2204 1792; baseline -0.006 -6"><span class='ocrx_word' id='word_1_987' title='bbox 1252 1754 1528 1787; x_wconf 37' lang='lat' dir='ltr'>bulumiconsulem</span> <span class='ocrx_word' id='word_1_988' title='bbox 1539 1772 1547 1786; x_wconf 95' lang='lat'>,</span> <span class='ocrx_word' id='word_1_989' title='bbox 1568 1762 1633 1782; x_wconf 89' lang='lat' dir='ltr'>non</span> <span class='ocrx_word' id='word_1_990' title='bbox 1645 1752 1745 1783; x_wconf 89' lang='lat' dir='ltr'>dicam</span> <span class='ocrx_word' id='word_1_991' title='bbox 1759 1753 1836 1782; x_wconf 89' lang='lat' dir='ltr'>bene</span> <span class='ocrx_word' id='word_1_992' title='bbox 1849 1752 1885 1782; x_wconf 93' lang='lat' dir='ltr'>de</span> <span class='ocrx_word' id='word_1_993' title='bbox 1898 1752 2000 1792; x_wconf 88' lang='lat' dir='ltr'>repub.</span> <span class='ocrx_word' id='word_1_994' title='bbox 2012 1752 2204 1784; x_wconf 82' lang='lat' dir='ltr'>sentientem,</span> 
     </span>
     <span class='ocr_line' id='line_1_109' title="bbox 1252 1791 2208 1835; baseline -0.006 -7"><span class='ocrx_word' id='word_1_995' title='bbox 1252 1809 1290 1829; x_wconf 89' lang='lat' dir='ltr'>ne</span> <span class='ocrx_word' id='word_1_996' title='bbox 1302 1807 1334 1829; x_wconf 90' lang='lat' dir='ltr'>tu</span> <span class='ocrx_word' id='word_1_997' title='bbox 1343 1798 1422 1828; x_wconf 86' lang='lat' dir='ltr'>mihi</span> <span class='ocrx_word' id='word_1_998' title='bbox 1432 1797 1528 1825; x_wconf 90' lang='lat' dir='ltr'>homo</span> <span class='ocrx_word' id='word_1_999' title='bbox 1538 1803 1645 1835; x_wconf 91' lang='lat' dir='ltr'>potens</span> <span class='ocrx_word' id='word_1_1000' title='bbox 1656 1795 1774 1824; x_wconf 89' lang='lat' dir='ltr'>irascare</span> <span class='ocrx_word' id='word_1_1001' title='bbox 1785 1813 1793 1828; x_wconf 92' lang='lat'>,</span> <span class='ocrx_word' id='word_1_1002' title='bbox 1810 1796 1862 1835; x_wconf 91' lang='lat' dir='ltr'>qui</span> <span class='ocrx_word' id='word_1_1003' title='bbox 1871 1794 1907 1824; x_wconf 88' lang='lat' dir='ltr'>ab</span> <span class='ocrx_word' id='word_1_1004' title='bbox 1918 1804 1954 1824; x_wconf 89' lang='lat' dir='ltr'>eo</span> <span class='ocrx_word' id='word_1_1005' title='bbox 1964 1791 2119 1823; x_wconf 86' lang='lat' dir='ltr'>diffensisti</span> <span class='ocrx_word' id='word_1_1006' title='bbox 2131 1802 2137 1821; x_wconf 90' lang='lat'>:</span> <span class='ocrx_word' id='word_1_1007' title='bbox 2155 1791 2208 1828; x_wconf 79' lang='lat' dir='ltr'>sed</span> 
     </span>
     <span class='ocr_line' id='line_1_110' title="bbox 1252 1834 2207 1877; baseline -0.007 -6"><span class='ocrx_word' id='word_1_1008' title='bbox 1252 1842 1413 1871; x_wconf 87' lang='lat' dir='ltr'>hominem</span> <span class='ocrx_word' id='word_1_1009' title='bbox 1431 1836 1508 1868; x_wconf 73' lang='lat' dir='ltr'>certe</span> <span class='ocrx_word' id='word_1_1010' title='bbox 1527 1837 1673 1877; x_wconf 88' lang='lat' dir='ltr'>nusquam</span> <span class='ocrx_word' id='word_1_1011' title='bbox 1690 1836 1931 1877; x_wconf 84' lang='lat' dir='ltr'>progredientem</span> <span class='ocrx_word' id='word_1_1012' title='bbox 1942 1856 1951 1871; x_wconf 96' lang='lat'>,</span> <span class='ocrx_word' id='word_1_1013' title='bbox 1972 1835 2050 1866; x_wconf 88' lang='lat' dir='ltr'>nihil</span> <span class='ocrx_word' id='word_1_1014' title='bbox 2060 1836 2093 1865; x_wconf 86' lang='lat' dir='ltr'>in</span> <span class='ocrx_word' id='word_1_1015' title='bbox 2103 1834 2207 1875; x_wconf 47' lang='lat' dir='ltr'>repub*-</span> 
     </span>
     <span class='ocr_line' id='line_1_111' title="bbox 1253 1875 2211 1929; baseline -0.007 -16"><span class='ocrx_word' id='word_1_1016' title='bbox 1253 1883 1434 1929; x_wconf 76' lang='lat' dir='ltr'>molientem</span> <span class='ocrx_word' id='word_1_1017' title='bbox 1446 1900 1455 1914; x_wconf 90' lang='lat'>,</span> <span class='ocrx_word' id='word_1_1018' title='bbox 1476 1878 1594 1909; x_wconf 80' lang='lat' dir='ltr'>tantum</span> <span class='ocrx_word' id='word_1_1019' title='bbox 1609 1880 1714 1908; x_wconf 90' lang='lat' dir='ltr'>animo</span> <span class='ocrx_word' id='word_1_1020' title='bbox 1728 1879 1764 1908; x_wconf 85' lang='lat' dir='ltr'>ab</span> <span class='ocrx_word' id='word_1_1021' title='bbox 1779 1876 1949 1908; x_wconf 69' lang='lat' dir='ltr'>aEtionibus</span> <span class='ocrx_word' id='word_1_1022' title='bbox 1962 1879 2021 1908; x_wconf 91' lang='lat' dir='ltr'>tuis</span> <span class='ocrx_word' id='word_1_1023' title='bbox 2030 1875 2211 1907; x_wconf 72' lang='lat' dir='ltr'>dissentien-</span> 
     </span>
     <span class='ocr_line' id='line_1_112' title="bbox 1254 1918 2207 1955; baseline -0.006 0"><span class='ocrx_word' id='word_1_1024' title='bbox 1254 1935 1315 1955; x_wconf 87' lang='lat' dir='ltr'>tem</span> <span class='ocrx_word' id='word_1_1025' title='bbox 1328 1935 1334 1954; x_wconf 82' lang='lat'>2</span> <span class='ocrx_word' id='word_1_1026' title='bbox 1353 1932 1426 1954; x_wconf 88' lang='lat' dir='ltr'>cum</span> <span class='ocrx_word' id='word_1_1027' title='bbox 1438 1931 1509 1952; x_wconf 89' lang='lat' dir='ltr'>eum</span> <span class='ocrx_word' id='word_1_1028' title='bbox 1517 1930 1548 1950; x_wconf 89' lang='lat' dir='ltr'>tu</span> <span class='ocrx_word' id='word_1_1029' title='bbox 1560 1920 1715 1950; x_wconf 87' lang='lat' dir='ltr'>consulem</span> <span class='ocrx_word' id='word_1_1030' title='bbox 1727 1922 1759 1949; x_wconf 87' lang='lat' dir='ltr'>in</span> <span class='ocrx_word' id='word_1_1031' title='bbox 1768 1920 1869 1950; x_wconf 90' lang='lat' dir='ltr'>vincla</span> <span class='ocrx_word' id='word_1_1032' title='bbox 1879 1919 2000 1950; x_wconf 87' lang='lat' dir='ltr'>duceres</span> <span class='ocrx_word' id='word_1_1033' title='bbox 2010 1938 2019 1953; x_wconf 85' lang='lat'>,</span> <span class='ocrx_word' id='word_1_1034' title='bbox 2039 1919 2073 1949; x_wconf 67' lang='grc' dir='ltr'>ὃς</span> <span class='ocrx_word' id='word_1_1035' title='bbox 2082 1919 2098 1949; x_wconf 75' lang='lat' dir='ltr'>a</span> <span class='ocrx_word' id='word_1_1036' title='bbox 2109 1918 2207 1949; x_wconf 81' lang='lat' dir='ltr'>tabula</span> 
     </span>
     <span class='ocr_line' id='line_1_113' title="bbox 1254 1958 2209 2005; baseline -0.007 -8"><span class='ocrx_word' id='word_1_1037' title='bbox 1254 1967 1371 1997; x_wconf 87' lang='lat' dir='ltr'>Valeria</span> <span class='ocrx_word' id='word_1_1038' title='bbox 1386 1964 1508 2005; x_wconf 87' lang='lat' dir='ltr'>collegae</span> <span class='ocrx_word' id='word_1_1039' title='bbox 1524 1964 1567 1993; x_wconf 91' lang='lat' dir='ltr'>tui</span> <span class='ocrx_word' id='word_1_1040' title='bbox 1581 1964 1663 1992; x_wconf 89' lang='lat' dir='ltr'>mitti</span> <span class='ocrx_word' id='word_1_1041' title='bbox 1679 1961 1836 2002; x_wconf 87' lang='lat' dir='ltr'>juberent:</span> <span class='ocrx_word' id='word_1_1042' title='bbox 1854 1961 2000 1992; x_wconf 85' lang='lat' dir='ltr'>fecerisne</span> <span class='ocrx_word' id='word_1_1043' title='bbox 2017 1969 2085 1991; x_wconf 88' lang='lat' dir='ltr'>ante</span> <span class='ocrx_word' id='word_1_1044' title='bbox 2101 1958 2209 1990; x_wconf 87' lang='lat' dir='ltr'>Rostra</span> 
     </span>
     <span class='ocr_line' id='line_1_114' title="bbox 1255 2001 2209 2050; baseline -0.007 -11"><span class='ocrx_word' id='word_1_1045' title='bbox 1255 2017 1382 2050; x_wconf 84' lang='lat' dir='ltr'>pontem</span> <span class='ocrx_word' id='word_1_1046' title='bbox 1396 2026 1404 2041; x_wconf 88' lang='lat'>,</span> <span class='ocrx_word' id='word_1_1047' title='bbox 1422 2007 1607 2036; x_wconf 86' lang='lat' dir='ltr'>continuatis</span> <span class='ocrx_word' id='word_1_1048' title='bbox 1617 2003 1816 2034; x_wconf 89' lang='lat' dir='ltr'>tribunalibus</span> <span class='ocrx_word' id='word_1_1049' title='bbox 1824 2013 1877 2044; x_wconf 90' lang='lat' dir='ltr'>per</span> <span class='ocrx_word' id='word_1_1050' title='bbox 1885 2013 1977 2045; x_wconf 90' lang='lat' dir='ltr'>quem</span> <span class='ocrx_word' id='word_1_1051' title='bbox 1986 2002 2093 2033; x_wconf 91' lang='lat' dir='ltr'>consul</span> <span class='ocrx_word' id='word_1_1052' title='bbox 2101 2001 2209 2042; x_wconf 81' lang='lat' dir='ltr'>populi</span> 
     </span>
     <span class='ocr_line' id='line_1_115' title="bbox 1255 2044 2209 2082; baseline -0.008 -1"><span class='ocrx_word' id='word_1_1053' title='bbox 1255 2054 1351 2082; x_wconf 90' lang='lat' dir='ltr'>Rom.</span> <span class='ocrx_word' id='word_1_1054' title='bbox 1363 2045 1615 2079; x_wconf 72' lang='lat' dir='ltr'>moderatissimus</span> <span class='ocrx_word' id='word_1_1055' title='bbox 1624 2066 1633 2079; x_wconf 92' lang='lat'>,</span> <span class='ocrx_word' id='word_1_1056' title='bbox 1645 2044 1947 2080; x_wconf 86' lang='lat' dir='ltr'>&amp;constantiffimus,</span> <span class='ocrx_word' id='word_1_1057' title='bbox 1959 2046 2074 2076; x_wconf 87' lang='lat' dir='ltr'>sublato</span> <span class='ocrx_word' id='word_1_1058' title='bbox 2081 2044 2209 2077; x_wconf 84' lang='lat' dir='ltr'>auxilio,</span> 
     </span>
     <span class='ocr_line' id='line_1_116' title="bbox 1256 2083 2210 2129; baseline -0.008 -5"><span class='ocrx_word' id='word_1_1059' title='bbox 1256 2091 1380 2124; x_wconf 82' lang='lat' dir='ltr'>exclusis</span> <span class='ocrx_word' id='word_1_1060' title='bbox 1390 2093 1495 2121; x_wconf 83' lang='lat' dir='ltr'>amicis</span> <span class='ocrx_word' id='word_1_1061' title='bbox 1506 2109 1514 2123; x_wconf 89' lang='lat'>,</span> <span class='ocrx_word' id='word_1_1062' title='bbox 1526 2088 1750 2129; x_wconf 87' lang='lat' dir='ltr'>viperditorum</span> <span class='ocrx_word' id='word_1_1063' title='bbox 1760 2089 1924 2118; x_wconf 89' lang='lat' dir='ltr'>hominum</span> <span class='ocrx_word' id='word_1_1064' title='bbox 1933 2089 2069 2121; x_wconf 84' lang='lat' dir='ltr'>incitata,</span> <span class='ocrx_word' id='word_1_1065' title='bbox 2080 2083 2210 2126; x_wconf 83' lang='lat' dir='ltr'>turpiffi-</span> 
     </span>
     <span class='ocr_line' id='line_1_117' title="bbox 1257 2125 2209 2172; baseline -0.008 -7"><span class='ocrx_word' id='word_1_1066' title='bbox 1257 2145 1329 2170; x_wconf 88' lang='lat' dir='ltr'>mo,</span> <span class='ocrx_word' id='word_1_1067' title='bbox 1351 2133 1582 2172; x_wconf 86' lang='lat' dir='ltr'>miserrimoque</span> <span class='ocrx_word' id='word_1_1068' title='bbox 1598 2129 1786 2170; x_wconf 58' lang='lat' dir='ltr'>spectaculo,</span> <span class='ocrx_word' id='word_1_1069' title='bbox 1805 2140 1870 2160; x_wconf 89' lang='lat' dir='ltr'>non</span> <span class='ocrx_word' id='word_1_1070' title='bbox 1887 2132 1919 2160; x_wconf 92' lang='lat' dir='ltr'>in</span> <span class='ocrx_word' id='word_1_1071' title='bbox 1939 2139 2091 2164; x_wconf 81' lang='lat' dir='ltr'>carcerem,</span> <span class='ocrx_word' id='word_1_1072' title='bbox 2110 2127 2159 2157; x_wconf 85' lang='lat' dir='ltr'>sed</span> <span class='ocrx_word' id='word_1_1073' title='bbox 2171 2125 2209 2156; x_wconf 87' lang='lat' dir='ltr'>ad</span> 
     </span>
     <span class='ocr_line' id='line_1_118' title="bbox 1257 2170 2211 2218; baseline -0.009 -11"><span class='ocrx_word' id='word_1_1074' title='bbox 1257 2177 1439 2218; x_wconf 87' lang='lat' dir='ltr'>supplicium</span> <span class='ocrx_word' id='word_1_1075' title='bbox 1451 2195 1459 2208; x_wconf 88' lang='lat'>,</span> <span class='ocrx_word' id='word_1_1076' title='bbox 1473 2173 1513 2218; x_wconf 62' lang='lat'>⁴&amp;</span> <span class='ocrx_word' id='word_1_1077' title='bbox 1532 2172 1568 2204; x_wconf 93' lang='lat' dir='ltr'>ad</span> <span class='ocrx_word' id='word_1_1078' title='bbox 1587 2182 1693 2202; x_wconf 89' lang='lat' dir='ltr'>necem</span> <span class='ocrx_word' id='word_1_1079' title='bbox 1711 2172 1888 2202; x_wconf 87' lang='lat' dir='ltr'>duceretur?</span> <span class='ocrx_word' id='word_1_1080' title='bbox 1903 2182 2025 2213; x_wconf 85' lang='lat' dir='ltr'>quaero,</span> <span class='ocrx_word' id='word_1_1081' title='bbox 2047 2178 2122 2200; x_wconf 91' lang='lat' dir='ltr'>num</span> <span class='ocrx_word' id='word_1_1082' title='bbox 2142 2170 2211 2209; x_wconf 87' lang='lat' dir='ltr'>quis</span> 
     </span>
     <span class='ocr_line' id='line_1_119' title="bbox 1257 2211 2207 2254; baseline -0.011 -4"><span class='ocrx_word' id='word_1_1083' title='bbox 1257 2229 1325 2250; x_wconf 90' lang='lat' dir='ltr'>ante</span> <span class='ocrx_word' id='word_1_1084' title='bbox 1344 2227 1371 2249; x_wconf 93' lang='lat' dir='ltr'>te</span> <span class='ocrx_word' id='word_1_1085' title='bbox 1388 2226 1447 2248; x_wconf 88' lang='lat' dir='ltr'>tam</span> <span class='ocrx_word' id='word_1_1086' title='bbox 1467 2217 1556 2245; x_wconf 77' lang='lat' dir='ltr'>ruerit</span> <span class='ocrx_word' id='word_1_1087' title='bbox 1573 2214 1723 2247; x_wconf 82' lang='lat' dir='ltr'>nefarius,</span> <span class='ocrx_word' id='word_1_1088' title='bbox 1746 2216 1800 2254; x_wconf 87' lang='lat' dir='ltr'>qui</span> <span class='ocrx_word' id='word_1_1089' title='bbox 1818 2214 1849 2244; x_wconf 89' lang='lat' dir='ltr'>id</span> <span class='ocrx_word' id='word_1_1090' title='bbox 1868 2213 1972 2244; x_wconf 84' lang='lat' dir='ltr'>fecerit</span> <span class='ocrx_word' id='word_1_1091' title='bbox 1989 2215 2000 2241; x_wconf 90' lang='lat'>?</span> <span class='ocrx_word' id='word_1_1092' title='bbox 2022 2220 2055 2241; x_wconf 90' lang='lat' dir='ltr'>ut</span> <span class='ocrx_word' id='word_1_1093' title='bbox 2071 2211 2207 2243; x_wconf 78' lang='lat' dir='ltr'>sciamus,</span> 
     </span>
     <span class='ocr_line' id='line_1_120' title="bbox 1260 2254 2212 2293; baseline -0.012 -1"><span class='ocrx_word' id='word_1_1094' title='bbox 1260 2260 1364 2293; x_wconf 77' lang='lat' dir='ltr'>utrum</span> <span class='ocrx_word' id='word_1_1095' title='bbox 1373 2267 1513 2290; x_wconf 91' lang='lat' dir='ltr'>veterum</span> <span class='ocrx_word' id='word_1_1096' title='bbox 1523 2256 1693 2287; x_wconf 82' lang='lat' dir='ltr'>facinorum</span> <span class='ocrx_word' id='word_1_1097' title='bbox 1704 2254 1738 2286; x_wconf 87' lang='lat' dir='ltr'>fis</span> <span class='ocrx_word' id='word_1_1098' title='bbox 1749 2257 1901 2288; x_wconf 83' lang='lat' dir='ltr'>imitator,</span> <span class='ocrx_word' id='word_1_1099' title='bbox 1912 2264 1950 2284; x_wconf 84' lang='lat' dir='ltr'>an</span> <span class='ocrx_word' id='word_1_1100' title='bbox 1959 2256 2101 2284; x_wconf 88' lang='lat' dir='ltr'>inventor</span> <span class='ocrx_word' id='word_1_1101' title='bbox 2110 2261 2212 2282; x_wconf 90' lang='lat' dir='ltr'>novo-</span> 
     </span>
     <span class='ocr_line' id='line_1_121' title="bbox 1261 2293 2213 2340; baseline -0.011 -7"><span class='ocrx_word' id='word_1_1102' title='bbox 1261 2314 1340 2333; x_wconf 88' lang='lat' dir='ltr'>rum.</span> <span class='ocrx_word' id='word_1_1103' title='bbox 1364 2301 1510 2340; x_wconf 83' lang='lat' dir='ltr'>Idemque</span> <span class='ocrx_word' id='word_1_1104' title='bbox 1519 2308 1550 2328; x_wconf 91' lang='lat' dir='ltr'>tu</span> <span class='ocrx_word' id='word_1_1105' title='bbox 1560 2297 1630 2327; x_wconf 77' lang='lat' dir='ltr'>cum</span> <span class='ocrx_word' id='word_1_1106' title='bbox 1642 2298 1690 2326; x_wconf 84' lang='lat' dir='ltr'>his</span> <span class='ocrx_word' id='word_1_1107' title='bbox 1702 2316 1711 2329; x_wconf 87' lang='lat'>,</span> <span class='ocrx_word' id='word_1_1108' title='bbox 1730 2305 1815 2336; x_wconf 89' lang='lat' dir='ltr'>atque</span> <span class='ocrx_word' id='word_1_1109' title='bbox 1824 2295 1999 2335; x_wconf 82' lang='lat' dir='ltr'>hujusmodi</span> <span class='ocrx_word' id='word_1_1110' title='bbox 2009 2293 2161 2327; x_wconf 81' lang='lat' dir='ltr'>consiliis,</span> <span class='ocrx_word' id='word_1_1111' title='bbox 2179 2302 2213 2323; x_wconf 86' lang='lat' dir='ltr'>ac</span> 
     </span>
     <span class='ocr_line' id='line_1_122' title="bbox 1258 2336 2214 2377; baseline -0.01 -3"><span class='ocrx_word' id='word_1_1112' title='bbox 1258 2342 1455 2374; x_wconf 82' lang='lat' dir='ltr'>facinoribus,</span> <span class='ocrx_word' id='word_1_1113' title='bbox 1466 2341 1594 2368; x_wconf 87' lang='lat' dir='ltr'>nomine</span> <span class='ocrx_word' id='word_1_1114' title='bbox 1604 2337 1773 2369; x_wconf 78' lang='lat' dir='ltr'>C-Caesaris,</span> <span class='ocrx_word' id='word_1_1115' title='bbox 1784 2336 2007 2367; x_wconf 77' lang='lat' dir='ltr'>clementissimi</span> <span class='ocrx_word' id='word_1_1116' title='bbox 2016 2357 2024 2370; x_wconf 93' lang='lat'>,</span> <span class='ocrx_word' id='word_1_1117' title='bbox 2036 2345 2121 2377; x_wconf 87' lang='lat' dir='ltr'>atque</span> <span class='ocrx_word' id='word_1_1118' title='bbox 2132 2337 2214 2375; x_wconf 86' lang='lat' dir='ltr'>opti-</span> 
     </span>
     <span class='ocr_line' id='line_1_123' title="bbox 1261 2376 2211 2419; baseline -0.007 -5"><span class='ocrx_word' id='word_1_1119' title='bbox 1261 2388 1306 2414; x_wconf 88' lang='lat' dir='ltr'>mi</span> <span class='ocrx_word' id='word_1_1120' title='bbox 1317 2385 1374 2413; x_wconf 91' lang='lat' dir='ltr'>viri</span> <span class='ocrx_word' id='word_1_1121' title='bbox 1386 2402 1393 2414; x_wconf 91' lang='lat'>‚</span> <span class='ocrx_word' id='word_1_1122' title='bbox 1405 2382 1511 2411; x_wconf 85' lang='lat' dir='ltr'>scelere</span> <span class='ocrx_word' id='word_1_1123' title='bbox 1521 2377 1593 2409; x_wconf 72' lang='lat' dir='ltr'>vero</span> <span class='ocrx_word' id='word_1_1124' title='bbox 1604 2399 1612 2412; x_wconf 88' lang='lat'>‚</span> <span class='ocrx_word' id='word_1_1125' title='bbox 1625 2389 1711 2419; x_wconf 87' lang='lat' dir='ltr'>atque</span> <span class='ocrx_word' id='word_1_1126' title='bbox 1721 2378 1841 2408; x_wconf 88' lang='lat' dir='ltr'>audacia</span> <span class='ocrx_word' id='word_1_1127' title='bbox 1850 2387 1898 2409; x_wconf 88' lang='lat' dir='ltr'>tua</span> <span class='ocrx_word' id='word_1_1128' title='bbox 1908 2398 1915 2412; x_wconf 91' lang='lat'>‚</span> <span class='ocrx_word' id='word_1_1129' title='bbox 1929 2378 2120 2408; x_wconf 89' lang='lat' dir='ltr'>M.Bibulum</span> <span class='ocrx_word' id='word_1_1130' title='bbox 2130 2376 2211 2410; x_wconf 75' lang='lat' dir='ltr'>foro.</span> 
     </span>
     <span class='ocr_line' id='line_1_124' title="bbox 1259 2417 2214 2462; baseline -0.006 -8"><span class='ocrx_word' id='word_1_1131' title='bbox 1259 2427 1339 2456; x_wconf 88' lang='lat' dir='ltr'>curia</span> <span class='ocrx_word' id='word_1_1132' title='bbox 1351 2445 1359 2458; x_wconf 90' lang='lat'>,</span> <span class='ocrx_word' id='word_1_1133' title='bbox 1381 2422 1501 2462; x_wconf 88' lang='lat' dir='ltr'>templis</span> <span class='ocrx_word' id='word_1_1134' title='bbox 1513 2441 1521 2455; x_wconf 93' lang='lat'>‚</span> <span class='ocrx_word' id='word_1_1135' title='bbox 1541 2422 1616 2451; x_wconf 89' lang='lat' dir='ltr'>locis</span> <span class='ocrx_word' id='word_1_1136' title='bbox 1627 2421 1757 2461; x_wconf 86' lang='lat' dir='ltr'>publicis</span> <span class='ocrx_word' id='word_1_1137' title='bbox 1767 2421 1912 2450; x_wconf 88' lang='lat' dir='ltr'>omnibus</span> <span class='ocrx_word' id='word_1_1138' title='bbox 1923 2418 2082 2460; x_wconf 80' lang='lat' dir='ltr'>expulisses</span> <span class='ocrx_word' id='word_1_1139' title='bbox 2093 2439 2101 2453; x_wconf 98' lang='lat'>,</span> <span class='ocrx_word' id='word_1_1140' title='bbox 2122 2417 2214 2448; x_wconf 79' lang='lat' dir='ltr'>inclu—</span> 
     </span>
     <span class='ocr_line' id='line_1_125' title="bbox 1258 2461 2216 2509; baseline -0.006 -12"><span class='ocrx_word' id='word_1_1141' title='bbox 1258 2470 1323 2509; x_wconf 59' lang='lat' dir='ltr'>firm</span> <span class='ocrx_word' id='word_1_1142' title='bbox 1333 2466 1407 2496; x_wconf 84' lang='lat' dir='ltr'>domi</span> <span class='ocrx_word' id='word_1_1143' title='bbox 1415 2465 1585 2494; x_wconf 83' lang='lat' dir='ltr'>contineres</span> <span class='ocrx_word' id='word_1_1144' title='bbox 1595 2482 1604 2496; x_wconf 87' lang='lat'>,</span> <span class='ocrx_word' id='word_1_1145' title='bbox 1625 2472 1755 2503; x_wconf 90' lang='lat' dir='ltr'>cumque</span> <span class='ocrx_word' id='word_1_1146' title='bbox 1766 2472 1829 2492; x_wconf 92' lang='lat' dir='ltr'>non</span> <span class='ocrx_word' id='word_1_1147' title='bbox 1840 2461 1989 2503; x_wconf 80' lang='lat' dir='ltr'>majestate</span> <span class='ocrx_word' id='word_1_1148' title='bbox 1999 2463 2137 2502; x_wconf 84' lang='lat' dir='ltr'>imperii,</span> <span class='ocrx_word' id='word_1_1149' title='bbox 2150 2469 2216 2491; x_wconf 84' lang='lat' dir='ltr'>non</span> 
     </span>
     <span class='ocr_line' id='line_1_126' title="bbox 1259 2502 2218 2550; baseline -0.007 -11"><span class='ocrx_word' id='word_1_1150' title='bbox 1259 2519 1325 2550; x_wconf 71' lang='lat' dir='ltr'>jure</span> <span class='ocrx_word' id='word_1_1151' title='bbox 1343 2509 1444 2548; x_wconf 80' lang='lat' dir='ltr'>legum</span> <span class='ocrx_word' id='word_1_1152' title='bbox 1456 2525 1464 2539; x_wconf 86' lang='lat'>,</span> <span class='ocrx_word' id='word_1_1153' title='bbox 1486 2505 1535 2535; x_wconf 87' lang='lat' dir='ltr'>sed</span> <span class='ocrx_word' id='word_1_1154' title='bbox 1550 2506 1648 2544; x_wconf 73' lang='lat' dir='ltr'>janua:</span> <span class='ocrx_word' id='word_1_1155' title='bbox 1665 2502 1821 2545; x_wconf 79' lang='lat' dir='ltr'>praefidio,</span> <span class='ocrx_word' id='word_1_1156' title='bbox 1843 2505 1875 2535; x_wconf 75' lang='grc' dir='ltr'>δε</span> <span class='ocrx_word' id='word_1_1157' title='bbox 1893 2505 2040 2545; x_wconf 86' lang='lat' dir='ltr'>parietum</span> <span class='ocrx_word' id='word_1_1158' title='bbox 2058 2502 2218 2536; x_wconf 85' lang='lat' dir='ltr'>custodiis,</span> 
     </span>
     <span class='ocr_line' id='line_1_127' title="bbox 1261 2545 2218 2589; baseline -0.007 -8"><span class='ocrx_word' id='word_1_1159' title='bbox 1261 2551 1393 2584; x_wconf 87' lang='lat' dir='ltr'>consulis</span> <span class='ocrx_word' id='word_1_1160' title='bbox 1404 2550 1464 2578; x_wconf 84' lang='lat' dir='ltr'>vita</span> <span class='ocrx_word' id='word_1_1161' title='bbox 1473 2556 1633 2589; x_wconf 86' lang='lat' dir='ltr'>tegeretur:</span> <span class='ocrx_word' id='word_1_1162' title='bbox 1653 2546 1809 2576; x_wconf 86' lang='lat' dir='ltr'>miserisne</span> <span class='ocrx_word' id='word_1_1163' title='bbox 1822 2549 1966 2576; x_wconf 85' lang='lat' dir='ltr'>viatorem</span> <span class='ocrx_word' id='word_1_1164' title='bbox 1980 2566 1989 2580; x_wconf 92' lang='lat'>,</span> <span class='ocrx_word' id='word_1_1165' title='bbox 2007 2547 2060 2586; x_wconf 88' lang='lat' dir='ltr'>qui</span> <span class='ocrx_word' id='word_1_1166' title='bbox 2070 2547 2114 2574; x_wconf 78' lang='lat' dir='ltr'>M.</span> <span class='ocrx_word' id='word_1_1167' title='bbox 2126 2545 2218 2574; x_wconf 89' lang='lat' dir='ltr'>Bibu-</span> 
     </span>
     <span class='ocr_line' id='line_1_128' title="bbox 1263 2584 2219 2629; baseline -0.008 -5"><span class='ocrx_word' id='word_1_1168' title='bbox 1263 2596 1327 2624; x_wconf 87' lang='lat' dir='ltr'>lum</span> <span class='ocrx_word' id='word_1_1169' title='bbox 1340 2592 1435 2622; x_wconf 91' lang='lat' dir='ltr'>domo</span> <span class='ocrx_word' id='word_1_1170' title='bbox 1445 2592 1476 2620; x_wconf 87' lang='lat' dir='ltr'>vi</span> <span class='ocrx_word' id='word_1_1171' title='bbox 1485 2590 1666 2622; x_wconf 80' lang='lat' dir='ltr'>extraheret,</span> <span class='ocrx_word' id='word_1_1172' title='bbox 1687 2597 1720 2618; x_wconf 92' lang='lat' dir='ltr'>ut</span> <span class='ocrx_word' id='word_1_1173' title='bbox 1731 2608 1740 2621; x_wconf 92' lang='lat'>‚</span> <span class='ocrx_word' id='word_1_1174' title='bbox 1757 2588 1838 2629; x_wconf 92' lang='lat' dir='ltr'>quod</span> <span class='ocrx_word' id='word_1_1175' title='bbox 1852 2590 1885 2618; x_wconf 92' lang='lat' dir='ltr'>in</span> <span class='ocrx_word' id='word_1_1176' title='bbox 1903 2591 2025 2628; x_wconf 76' lang='lat' dir='ltr'>privatis</span> <span class='ocrx_word' id='word_1_1177' title='bbox 2041 2588 2157 2627; x_wconf 85' lang='lat' dir='ltr'>semper</span> <span class='ocrx_word' id='word_1_1178' title='bbox 2175 2584 2219 2616; x_wconf 83' lang='lat' dir='ltr'>est</span> 
     </span>
     <span class='ocr_line' id='line_1_129' title="bbox 1265 2626 2220 2678; baseline -0.009 -12"><span class='ocrx_word' id='word_1_1179' title='bbox 1265 2638 1414 2678; x_wconf 73' lang='lat' dir='ltr'>servatum</span> <span class='ocrx_word' id='word_1_1180' title='bbox 1424 2652 1432 2666; x_wconf 91' lang='lat'>,</span> <span class='ocrx_word' id='word_1_1181' title='bbox 1444 2631 1475 2662; x_wconf 89' lang='lat' dir='ltr'>id</span> <span class='ocrx_word' id='word_1_1182' title='bbox 1485 2651 1493 2665; x_wconf 90' lang='lat'>,</span> <span class='ocrx_word' id='word_1_1183' title='bbox 1505 2640 1533 2661; x_wconf 89' lang='lat' dir='ltr'>te</span> <span class='ocrx_word' id='word_1_1184' title='bbox 1543 2630 1665 2661; x_wconf 91' lang='lat' dir='ltr'>tribuno</span> <span class='ocrx_word' id='word_1_1185' title='bbox 1673 2630 1752 2670; x_wconf 86' lang='lat' dir='ltr'>pleb.</span> <span class='ocrx_word' id='word_1_1186' title='bbox 1763 2630 2000 2661; x_wconf 82' lang='lat' dir='ltr'>consulidomus</span> <span class='ocrx_word' id='word_1_1187' title='bbox 2010 2627 2148 2659; x_wconf 81' lang='lat' dir='ltr'>exsilium</span> <span class='ocrx_word' id='word_1_1188' title='bbox 2160 2626 2220 2658; x_wconf 80' lang='lat' dir='ltr'>esse</span> 
     </span>
     <span class='ocr_line' id='line_1_130' title="bbox 1266 2670 2220 2716; baseline -0.009 -8"><span class='ocrx_word' id='word_1_1189' title='bbox 1266 2688 1329 2708; x_wconf 91' lang='lat' dir='ltr'>non</span> <span class='ocrx_word' id='word_1_1190' title='bbox 1342 2674 1458 2716; x_wconf 76' lang='lat' dir='ltr'>postet?</span> <span class='ocrx_word' id='word_1_1191' title='bbox 1479 2672 1636 2713; x_wconf 90' lang='lat' dir='ltr'>Simulque</span> <span class='ocrx_word' id='word_1_1192' title='bbox 1649 2673 1727 2701; x_wconf 90' lang='lat' dir='ltr'>mihi</span> <span class='ocrx_word' id='word_1_1193' title='bbox 1739 2672 1918 2712; x_wconf 87' lang='lat' dir='ltr'>respondeto</span> <span class='ocrx_word' id='word_1_1194' title='bbox 1932 2681 1962 2702; x_wconf 94' lang='lat' dir='ltr'>tu</span> <span class='ocrx_word' id='word_1_1195' title='bbox 1977 2692 1986 2706; x_wconf 84' lang='lat'>,</span> <span class='ocrx_word' id='word_1_1196' title='bbox 2005 2672 2127 2712; x_wconf 87' lang='lat' dir='ltr'>quinos</span> <span class='ocrx_word' id='word_1_1197' title='bbox 2137 2689 2146 2704; x_wconf 79' lang='lat'>‚</span> <span class='ocrx_word' id='word_1_1198' title='bbox 2166 2670 2220 2710; x_wconf 87' lang='lat' dir='ltr'>qui</span> 
     </span>
     <span class='ocr_line' id='line_1_131' title="bbox 1268 2712 2220 2755; baseline -0.009 -6"><span class='ocrx_word' id='word_1_1199' title='bbox 1268 2721 1304 2751; x_wconf 90' lang='lat' dir='ltr'>de</span> <span class='ocrx_word' id='word_1_1200' title='bbox 1316 2717 1477 2750; x_wconf 88' lang='lat' dir='ltr'>communi</span> <span class='ocrx_word' id='word_1_1201' title='bbox 1487 2716 1579 2745; x_wconf 90' lang='lat' dir='ltr'>salute</span> <span class='ocrx_word' id='word_1_1202' title='bbox 1590 2715 1797 2744; x_wconf 89' lang='lat' dir='ltr'>consentimus</span> <span class='ocrx_word' id='word_1_1203' title='bbox 1807 2733 1815 2747; x_wconf 94' lang='lat'>,</span> <span class='ocrx_word' id='word_1_1204' title='bbox 1831 2721 1960 2755; x_wconf 69' lang='lat' dir='ltr'>tyrannos</span> <span class='ocrx_word' id='word_1_1205' title='bbox 1969 2723 2056 2743; x_wconf 91' lang='lat' dir='ltr'>vocas</span> <span class='ocrx_word' id='word_1_1206' title='bbox 2066 2732 2075 2746; x_wconf 94' lang='lat'>,</span> <span class='ocrx_word' id='word_1_1207' title='bbox 2089 2712 2220 2742; x_wconf 88' lang='lat' dir='ltr'>fuerisne</span> 
     </span>
     <span class='ocr_line' id='line_1_132' title="bbox 1269 2754 2220 2798; baseline -0.013 -5"><span class='ocrx_word' id='word_1_1208' title='bbox 1269 2772 1332 2793; x_wconf 91' lang='lat' dir='ltr'>non</span> <span class='ocrx_word' id='word_1_1209' title='bbox 1343 2760 1482 2792; x_wconf 86' lang='lat' dir='ltr'>tribunus</span> <span class='ocrx_word' id='word_1_1210' title='bbox 1491 2757 1571 2798; x_wconf 88' lang='lat' dir='ltr'>pleb.</span> <span class='ocrx_word' id='word_1_1211' title='bbox 1582 2756 1630 2786; x_wconf 90' lang='lat' dir='ltr'>sed</span> <span class='ocrx_word' id='word_1_1212' title='bbox 1640 2755 1846 2785; x_wconf 84' lang='lat' dir='ltr'>intolerandus</span> <span class='ocrx_word' id='word_1_1213' title='bbox 1864 2760 1876 2783; x_wconf 85' lang='lat'><em>3</em></span> <span class='ocrx_word' id='word_1_1214' title='bbox 1886 2765 1925 2786; x_wconf 84' lang='lat' dir='ltr'>ex</span> <span class='ocrx_word' id='word_1_1215' title='bbox 1937 2764 2027 2786; x_wconf 87' lang='lat' dir='ltr'>coeno</span> <span class='ocrx_word' id='word_1_1216' title='bbox 2039 2754 2140 2783; x_wconf 89' lang='lat' dir='ltr'>nescio</span> <span class='ocrx_word' id='word_1_1217' title='bbox 2153 2754 2220 2793; x_wconf 83' lang='lat' dir='ltr'>qui,</span> 
     </span>
     <span class='ocr_line' id='line_1_133' title="bbox 1269 2794 2224 2844; baseline -0.009 -11"><span class='ocrx_word' id='word_1_1218' title='bbox 1269 2813 1355 2844; x_wconf 80' lang='lat' dir='ltr'>atque</span> <span class='ocrx_word' id='word_1_1219' title='bbox 1375 2811 1412 2831; x_wconf 87' lang='lat' dir='ltr'>ex</span> <span class='ocrx_word' id='word_1_1220' title='bbox 1428 2800 1558 2830; x_wconf 85' lang='lat' dir='ltr'>tenebris</span> <span class='ocrx_word' id='word_1_1221' title='bbox 1577 2799 1740 2838; x_wconf 78' lang='lat' dir='ltr'>tyrannus?</span> <span class='ocrx_word' id='word_1_1222' title='bbox 1758 2799 1809 2839; x_wconf 87' lang='lat' dir='ltr'>qui</span> <span class='ocrx_word' id='word_1_1223' title='bbox 1824 2796 1960 2837; x_wconf 73' lang='lat' dir='ltr'>primurn</span> <span class='ocrx_word' id='word_1_1224' title='bbox 1973 2805 2038 2826; x_wconf 86' lang='lat' dir='ltr'>eam</span> <span class='ocrx_word' id='word_1_1225' title='bbox 2052 2794 2224 2834; x_wconf 90' lang='lat' dir='ltr'>rempubli-</span> 
     </span>
     <span class='ocr_line' id='line_1_134' title="bbox 1271 2835 2223 2884; baseline -0.011 -9"><span class='ocrx_word' id='word_1_1226' title='bbox 1271 2856 1337 2876; x_wconf 79' lang='lat' dir='ltr'>cam</span> <span class='ocrx_word' id='word_1_1227' title='bbox 1352 2864 1360 2878; x_wconf 80' lang='grc'><strong>,</strong></span> <span class='ocrx_word' id='word_1_1228' title='bbox 1378 2853 1442 2884; x_wconf 73' lang='lat' dir='ltr'>qua:</span> <span class='ocrx_word' id='word_1_1229' title='bbox 1461 2841 1597 2881; x_wconf 81' lang='lat' dir='ltr'>auspiciis</span> <span class='ocrx_word' id='word_1_1230' title='bbox 1615 2840 1748 2869; x_wconf 91' lang='lat' dir='ltr'>inventis</span> <span class='ocrx_word' id='word_1_1231' title='bbox 1761 2838 1920 2871; x_wconf 85' lang='lat' dir='ltr'>constituta</span> <span class='ocrx_word' id='word_1_1232' title='bbox 1928 2836 1989 2870; x_wconf 85' lang='lat' dir='ltr'>est,</span> <span class='ocrx_word' id='word_1_1233' title='bbox 2008 2836 2114 2867; x_wconf 88' lang='lat' dir='ltr'>iisdem</span> <span class='ocrx_word' id='word_1_1234' title='bbox 2124 2835 2223 2875; x_wconf 87' lang='lat' dir='ltr'>auspi-</span> 
     </span>
     <span class='ocr_line' id='line_1_135' title="bbox 1270 2876 2226 2921; baseline -0.013 -3"><span class='ocrx_word' id='word_1_1235' title='bbox 1270 2890 1324 2918; x_wconf 89' lang='lat' dir='ltr'>ciis</span> <span class='ocrx_word' id='word_1_1236' title='bbox 1335 2886 1456 2917; x_wconf 80' lang='lat' dir='ltr'>sublatis</span> <span class='ocrx_word' id='word_1_1237' title='bbox 1466 2892 1603 2914; x_wconf 84' lang='lat' dir='ltr'>conarere</span> <span class='ocrx_word' id='word_1_1238' title='bbox 1609 2890 1778 2921; x_wconf 65' lang='lat' dir='ltr'>vpervertere</span> <span class='ocrx_word' id='word_1_1239' title='bbox 1789 2891 1795 2909; x_wconf 87' lang='lat'>:</span> <span class='ocrx_word' id='word_1_1240' title='bbox 1810 2880 1918 2910; x_wconf 88' lang='lat' dir='ltr'>deinde</span> <span class='ocrx_word' id='word_1_1241' title='bbox 1929 2876 2119 2909; x_wconf 73' lang='lat' dir='ltr'>sanetiffimas</span> <span class='ocrx_word' id='word_1_1242' title='bbox 2128 2878 2226 2918; x_wconf 53' lang='lat' dir='ltr'>leges,</span> 
     </span>
     <span class='ocr_line' id='line_1_136' title="bbox 1274 2919 2222 2966; baseline -0.011 -7"><span class='ocrx_word' id='word_1_1243' title='bbox 1274 2930 1387 2961; x_wconf 83' lang='lat' dir='ltr'>AEliam</span> <span class='ocrx_word' id='word_1_1244' title='bbox 1396 2947 1405 2963; x_wconf 73' lang='lat'><em>2</em></span> <span class='ocrx_word' id='word_1_1245' title='bbox 1417 2927 1449 2957; x_wconf 88' lang='lat'>&amp;</span> <span class='ocrx_word' id='word_1_1246' title='bbox 1460 2923 1574 2960; x_wconf 78' lang='lat' dir='ltr'>Fufiam</span> <span class='ocrx_word' id='word_1_1247' title='bbox 1586 2923 1652 2957; x_wconf 82' lang='lat' dir='ltr'>dico</span> <span class='ocrx_word' id='word_1_1248' title='bbox 1662 2943 1671 2958; x_wconf 65' lang='lat'>2</span> <span class='ocrx_word' id='word_1_1249' title='bbox 1682 2932 1748 2966; x_wconf 86' lang='lat' dir='ltr'>quae</span> <span class='ocrx_word' id='word_1_1250' title='bbox 1757 2924 1790 2953; x_wconf 92' lang='lat' dir='ltr'>in</span> <span class='ocrx_word' id='word_1_1251' title='bbox 1800 2922 2003 2954; x_wconf 81' lang='lat' dir='ltr'>Gracchorum</span> <span class='ocrx_word' id='word_1_1252' title='bbox 2013 2919 2176 2953; x_wconf 85' lang='lat' dir='ltr'>ferocitate,</span> <span class='ocrx_word' id='word_1_1253' title='bbox 2187 2919 2222 2950; x_wconf 84' lang='lat'>&amp;</span> 
     </span>
     <span class='ocr_line' id='line_1_137' title="bbox 2089 2960 2223 2992; baseline 0 0"><span class='ocrx_word' id='word_1_1254' title='bbox 2089 2963 2125 2992; x_wconf 82' lang='lat' dir='ltr'>in</span> <span class='ocrx_word' id='word_1_1255' title='bbox 2133 2960 2223 2992; x_wconf 89' lang='lat' dir='ltr'>auda-</span> 
     </span>
    </p>
   </div>
   <div class='ocr_carea' id='block_1_9' title="bbox 327 3037 1333 3056">
    <p class='ocr_par' dir='ltr' id='par_1_9' title="bbox 327 3037 1333 3056">
     <span class='ocr_line' id='line_1_138' title="bbox 327 3037 1333 3056; baseline 0 0"><span class='ocrx_word' id='word_1_1256' title='bbox 327 3037 1333 3056; x_wconf 95' lang='lat' dir='ltr'> </span> 
     </span>
    </p>
   </div>
   <div class='ocr_carea' id='block_1_10' title="bbox 269 3078 1224 3189">
    <p class='ocr_par' dir='ltr' id='par_1_10' title="bbox 269 3078 1224 3189">
     <span class='ocr_line' id='line_1_139' title="bbox 310 3078 780 3115; baseline -0.015 -6"><span class='ocrx_word' id='word_1_1257' title='bbox 310 3091 320 3109; x_wconf 75' lang='lat'><strong>!</strong></span> <span class='ocrx_word' id='word_1_1258' title='bbox 329 3102 334 3109; x_wconf 93' lang='lat'>.</span> <span class='ocrx_word' id='word_1_1259' title='bbox 353 3083 433 3115; x_wconf 67' lang='lat' dir='ltr'>Qaero</span> <span class='ocrx_word' id='word_1_1260' title='bbox 442 3082 485 3106; x_wconf 82' lang='lat' dir='ltr'>abs</span> <span class='ocrx_word' id='word_1_1261' title='bbox 495 3087 516 3104; x_wconf 78' lang='lat' dir='ltr'>tc</span> <span class='ocrx_word' id='word_1_1262' title='bbox 532 3082 633 3113; x_wconf 80' lang='lat' dir='ltr'>primum</span> <span class='ocrx_word' id='word_1_1263' title='bbox 642 3078 780 3112; x_wconf 43' lang='lat' dir='ltr'>uni-nerse]</span> 
     </span>
     <span class='ocr_line' id='line_1_140' title="bbox 270 3111 1224 3154; baseline -0.015 -9"><span class='ocrx_word' id='word_1_1264' title='bbox 270 3119 341 3146; x_wconf 67' lang='lat' dir='ltr'>&amp;ori</span> <span class='ocrx_word' id='word_1_1265' title='bbox 360 3118 478 3154; x_wconf 81' lang='lat' dir='ltr'>primuni</span> <span class='ocrx_word' id='word_1_1266' title='bbox 489 3115 627 3141; x_wconf 84' lang='lat' dir='ltr'>Turnebus</span> <span class='ocrx_word' id='word_1_1267' title='bbox 647 3114 694 3140; x_wconf 88' lang='lat' dir='ltr'>lib.</span> <span class='ocrx_word' id='word_1_1268' title='bbox 707 3111 895 3140; x_wconf 71' lang='lat' dir='ltr'>xxi.Advers.</span> <span class='ocrx_word' id='word_1_1269' title='bbox 914 3121 970 3147; x_wconf 78' lang='lat' dir='ltr'>cap.</span> <span class='ocrx_word' id='word_1_1270' title='bbox 982 3119 1018 3137; x_wconf 72' lang='grc' dir='ltr'>ιι.</span> <span class='ocrx_word' id='word_1_1271' title='bbox 1037 3112 1224 3143; x_wconf 81' lang='lat' dir='ltr'>comparetque</span> 
     </span>
     <span class='ocr_line' id='line_1_141' title="bbox 269 3151 630 3189; baseline -0.022 -5"><span class='ocrx_word' id='word_1_1272' title='bbox 269 3156 298 3184; x_wconf 75' lang='lat' dir='ltr'>iu</span> <span class='ocrx_word' id='word_1_1273' title='bbox 309 3153 454 3189; x_wconf 66' lang='lat' dir='ltr'>exemplari</span> <span class='ocrx_word' id='word_1_1274' title='bbox 465 3154 492 3178; x_wconf 85' lang='lat' dir='ltr'>S.</span> <span class='ocrx_word' id='word_1_1275' title='bbox 503 3151 630 3177; x_wconf 53' lang='lat' dir='ltr'>Vibioris.</span> 
     </span>
    </p>
   </div>
   <div class='ocr_carea' id='block_1_11' title="bbox 800 3058 1695 3103">
    <p class='ocr_par' dir='ltr' id='par_1_11' title="bbox 800 3058 1695 3103">
     <span class='ocr_line' id='line_1_142' title="bbox 800 3058 1695 3103; baseline -0.021 0"><span class='ocrx_word' id='word_1_1276' title='bbox 800 3075 917 3103; x_wconf 82' lang='lat' dir='ltr'>Verbum</span> <span class='ocrx_word' id='word_1_1277' title='bbox 928 3073 1038 3103; x_wconf 61' lang='lat' dir='ltr'>univers&amp;</span> <span class='ocrx_word' id='word_1_1278' title='bbox 1048 3069 1165 3098; x_wconf 78' lang='lat' dir='ltr'>reddidit</span> <span class='ocrx_word' id='word_1_1279' title='bbox 1175 3078 1224 3095; x_wconf 78' lang='lat' dir='ltr'>au·</span> <span class='ocrx_word' id='word_1_1280' title='bbox 1243 3081 1244 3087; x_wconf 68' lang='lat'><em>=</em></span> <span class='ocrx_word' id='word_1_1281' title='bbox 1257 3068 1362 3103; x_wconf 69' lang='lat' dir='ltr'>fidibus.</span> <span class='ocrx_word' id='word_1_1282' title='bbox 1383 3062 1452 3100; x_wconf 85' lang='lat' dir='ltr'>quod</span> <span class='ocrx_word' id='word_1_1283' title='bbox 1464 3062 1588 3090; x_wconf 84' lang='lat' dir='ltr'>ultimum</span> <span class='ocrx_word' id='word_1_1284' title='bbox 1599 3058 1695 3096; x_wconf 82' lang='lat' dir='ltr'>placet.</span> 
     </span>
    </p>
   </div>
   <div class='ocr_carea' id='block_1_12' title="bbox 1348 3086 2220 3132">
    <p class='ocr_par' dir='ltr' id='par_1_12' title="bbox 1348 3086 2220 3132">
     <span class='ocr_line' id='line_1_143' title="bbox 1348 3086 2220 3132; baseline -0.018 -5"><span class='ocrx_word' id='word_1_1285' title='bbox 1348 3105 1388 3127; x_wconf 83' lang='lat' dir='ltr'>Ex</span> <span class='ocrx_word' id='word_1_1286' title='bbox 1398 3109 1456 3126; x_wconf 66' lang='grc' dir='ltr'>(ωηο</span> <span class='ocrx_word' id='word_1_1287' title='bbox 1474 3100 1545 3132; x_wconf 59' lang='lat' dir='ltr'>nescio</span> <span class='ocrx_word' id='word_1_1288' title='bbox 1556 3100 1597 3131; x_wconf 72' lang='lat' dir='ltr'>qui</span> <span class='ocrx_word' id='word_1_1289' title='bbox 1608 3115 1615 3127; x_wconf 94' lang='lat'>,</span> <span class='ocrx_word' id='word_1_1290' title='bbox 1637 3094 1705 3128; x_wconf 61' lang='grc' dir='ltr'>εἴγε]</span> <span class='ocrx_word' id='word_1_1291' title='bbox 1727 3093 1793 3120; x_wconf 82' lang='lat' dir='ltr'>Haee</span> <span class='ocrx_word' id='word_1_1292' title='bbox 1810 3091 1845 3118; x_wconf 87' lang='lat' dir='ltr'>est</span> <span class='ocrx_word' id='word_1_1293' title='bbox 1864 3090 2061 3126; x_wconf 78' lang='lat' dir='ltr'>antiquatarum</span> <span class='ocrx_word' id='word_1_1294' title='bbox 2069 3086 2220 3115; x_wconf 79' lang='lat' dir='ltr'>editionum</span> 
     </span>
    </p>
   </div>
   <div class='ocr_carea' id='block_1_13' title="bbox 305 3111 2220 3226">
    <p class='ocr_par' dir='ltr' id='par_1_13' title="bbox 305 3111 2220 3226">
     <span class='ocr_line' id='line_1_144' title="bbox 1244 3111 2220 3174; baseline -0.018 -9"><span class='ocrx_word' id='word_1_1295' title='bbox 1244 3135 1246 3174; x_wconf 60' lang='lat' dir='ltr'>j</span> <span class='ocrx_word' id='word_1_1296' title='bbox 1264 3111 1346 3165; x_wconf 51' lang='lat' dir='ltr'>lestio</span> <span class='ocrx_word' id='word_1_1297' title='bbox 1359 3157 1366 3169; x_wconf 94' lang='lat'>‚</span> <span class='ocrx_word' id='word_1_1298' title='bbox 1387 3134 1629 3170; x_wconf 79' lang='lat' dir='ltr'>cuiadstipulautui·</span> <span class='ocrx_word' id='word_1_1299' title='bbox 1641 3130 1788 3159; x_wconf 72' lang='lat' dir='ltr'>Pan-&#39;item</span> <span class='ocrx_word' id='word_1_1300' title='bbox 1798 3126 1906 3157; x_wconf 69' lang='lat' dir='ltr'>Geinbl.</span> <span class='ocrx_word' id='word_1_1301' title='bbox 1925 3126 1973 3155; x_wconf 77' lang='lat' dir='ltr'>nisi</span> <span class='ocrx_word' id='word_1_1302' title='bbox 1992 3123 2063 3162; x_wconf 85' lang='lat' dir='ltr'>quod</span> <span class='ocrx_word' id='word_1_1303' title='bbox 2085 3121 2220 3153; x_wconf 80' lang='lat' dir='ltr'>nonnulli,</span> 
     </span>
     <span class='ocr_line' id='line_1_145' title="bbox 305 3173 1533 3226; baseline -0.011 -8"><span class='ocrx_word' id='word_1_1304' title='bbox 305 3199 334 3221; x_wconf 67' lang='grc' dir='ltr'>ι,</span> <span class='ocrx_word' id='word_1_1305' title='bbox 353 3192 447 3226; x_wconf 71' lang='lat' dir='ltr'>sejunge</span> <span class='ocrx_word' id='word_1_1306' title='bbox 455 3188 500 3216; x_wconf 74' lang='lat' dir='ltr'>teci</span> <span class='ocrx_word' id='word_1_1307' title='bbox 512 3188 631 3224; x_wconf 52' lang='lat' dir='ltr'>Consule]</span> <span class='ocrx_word' id='word_1_1308' title='bbox 653 3185 805 3214; x_wconf 58' lang='lat' dir='ltr'>Palmenus</span> <span class='ocrx_word' id='word_1_1309' title='bbox 816 3186 946 3220; x_wconf 77' lang='lat' dir='ltr'>ijungerc.</span> <span class='ocrx_word' id='word_1_1310' title='bbox 966 3189 994 3212; x_wconf 83' lang='lat' dir='ltr'>at</span> <span class='ocrx_word' id='word_1_1311' title='bbox 1003 3178 1117 3211; x_wconf 82' lang='lat' dir='ltr'>Erfurd.</span> <span class='ocrx_word' id='word_1_1312' title='bbox 1136 3177 1225 3206; x_wconf 53' lang='lat' dir='ltr'><em>&amp;Con-</em></span> <span class='ocrx_word' id='word_1_1313' title='bbox 1243 3175 1246 3209; x_wconf 83' lang='lat' dir='ltr'>i</span> <span class='ocrx_word' id='word_1_1314' title='bbox 1265 3176 1328 3211; x_wconf 70' lang='lat' dir='ltr'>quis.</span> <span class='ocrx_word' id='word_1_1315' title='bbox 1350 3173 1470 3210; x_wconf 73' lang='lat' dir='ltr'>vulgata,</span> <span class='ocrx_word' id='word_1_1316' title='bbox 1479 3180 1533 3206; x_wconf 59' lang='lat'>*1¹³⁰-</span> 
     </span>
    </p>
   </div>
   <div class='ocr_carea' id='block_1_14' title="bbox 2108 3191 2226 3223">
    <p class='ocr_par' dir='ltr' id='par_1_14' title="bbox 2108 3191 2226 3223">
     <span class='ocr_line' id='line_1_146' title="bbox 2108 3191 2226 3223; baseline -0.025 -2"><span class='ocrx_word' id='word_1_1317' title='bbox 2108 3203 2121 3223; x_wconf 85' lang='lat'>1</span> <span class='ocrx_word' id='word_1_1318' title='bbox 2127 3213 2133 3221; x_wconf 83' lang='grc'><strong>.</strong></span> <span class='ocrx_word' id='word_1_1319' title='bbox 2142 3191 2226 3220; x_wconf 73' lang='lat' dir='ltr'>Sceleri</span> 
     </span>
    </p>
   </div>
   <div class='ocr_carea' id='block_1_15' title="bbox 2319 1218 2337 2335">
    <p class='ocr_par' dir='ltr' id='par_1_15' title="bbox 2319 1218 2337 2335">
     <span class='ocr_line' id='line_1_147' title="bbox 2319 1218 2337 2335; baseline 0 0"><span class='ocrx_word' id='word_1_1320' title='bbox 2319 1218 2337 2335; x_wconf 95' lang='lat' dir='ltr'> </span> 
     </span>
    </p>
   </div>
   <div class='ocr_carea' id='block_1_16' title="bbox 2328 1218 2337 1729">
    <p class='ocr_par' dir='ltr' id='par_1_16' title="bbox 2328 1218 2337 1729">
     <span class='ocr_line' id='line_1_148' title="bbox 2328 1218 2337 1729; baseline 0 0"><span class='ocrx_word' id='word_1_1321' title='bbox 2328 1218 2337 1729; x_wconf 95' lang='lat' dir='ltr'> </span> 
     </span>
    </p>
   </div>
  </div>
 </body>
</html>
