2297 3389
17 817 20 824 ,
65 779 110 816 16
125 792 245 815 veneno
263 782 367 812 tollere
385 792 508 812 conatus
518 781 571 814 sit,
589 780 767 821 cognoscite·
791 781 825 808 C.
840 779 872 808 &
883 780 918 808 L.
929 777 1056 807 Fabricii
1069 796 1076 808 ‚

60 2168 76 2194 χ
121 2153 213 2194 gnitis
226 2171 234 2185 ,
254 2152 495 2180 circumventum
515 2153 528 2176 5
544 2147 601 2178 esse
611 2149 707 2179 dicet?
732 2151 807 2188 Qiis
827 2158 971 2188 umquam
990 2147 1078 2177 auda-

499 165 768 210 ORArro
814 178 935 209 Pno
983 163 1039 209 A.
1072 164 1431 209 Cenem-10
1470 163 1700 208 Avir0.

93 278 95 280 ,
125 255 189 279 cus.
211 243 388 277 incendebat
396 242 459 283 ejus
475 244 639 274 amentiam
651 241 766 275 infesta,
779 251 864 281 atque
875 242 999 271 inimica
1013 239 1078 271 filio

125 299 221 319 mater
231 288 322 318 Aviti.
345 287 446 324 magni
458 293 558 314 autem
567 284 613 313 illi
630 284 680 314 sua
698 282 834 314 interefl'e
851 281 1076 314 arbitrabantur,

126 331 208 360 hunc
226 329 243 359 a
258 327 340 359 causa
356 326 541 356 Martialium
563 325 736 355 demovere.
776 324 897 354 Suberat
915 324 1004 351 etiarn
1024 323 1080 351 alia

125 372 209 401 causa
219 370 315 406 major
323 387 332 401 ‚
343 378 408 408 quae
418 368 584 407 Oppianici,
596 367 731 396 hominis
744 361 901 396 avariffimi
910 383 919 397 ,
931 372 1017 403 atque
1027 373 1079 392 au-

126 410 282 443 daciffimi,
295 418 429 438 mentem
439 408 574 438 maxime
585 407 809 438 commovebat.
823 413 901 436 ‘nam
913 407 1021 435 Avitus
1031 404 1078 433 us-

125 464 184 494 que
197 452 232 482 ad
242 451 325 480 illius
341 449 449 489 judicii
460 459 589 489 tempus,
601 450 720 479 nullum
731 447 922 484 testamentum
932 455 1078 485 umquam

123 495 241 524 fecerat.
264 501 361 531 neque
376 493 458 521 enim
473 491 566 532 legare
583 491 831 530 ejusmodimatri
850 497 963 529 poterat
972 489 1004 516 in
1014 488 1080 516 ani-

126 544 214 566 mum
225 532 365 563 inducere
376 544 382 562 :
401 543 498 573 neque
509 532 685 563 testamento
694 541 808 562 nomen
819 532 951 560 omnino
962 537 1080 568 praeter—
1100 569 1101 572 Ἰ

125 578 244 607 mittere
261 576 388 614 parentis.
411 574 445 604 Id
462 572 534 604 curn
552 575 736 614 Oppianicus
754 573 839 603 sciret
861 572 978 611 (neque
995 571 1078 599 enim
1099 600 1101 606 ,

125 626 185 648 erat
195 615 355 647 obscurum
366 617 376 655 )
396 615 595 657 intelligebat,
615 617 707 645 Avito
717 623 838 644 mortuo
848 633 857 646 ,
870 613 949 642 bona
961 612 1024 651 ejus
1043 621 1078 640 o-
1099 612 1101 618 '

125 660 211 690 mnia
228 657 263 687 ad
274 667 399 687 matrem
417 656 476 687 effe
492 666 632 686 ventura:
651 667 717 697 quae
734 656 770 686 ab
789 656 846 685 sese
856 653 973 694 postea,
995 651 1079 682 anna

124 701 251 742 pecunia
263 719 271 733 ,
290 698 401 737 majore
411 701 536 738 praemio
547 711 556 732 ;
574 699 674 728 orbata
684 696 765 730 filio,
788 697 906 726 minore
923 693 1056 734 periculo
1068 713 1076 726 ,

124 750 288 772 necaretur.
311 743 407 781 itaque
417 742 463 769 his
481 740 568 770 rebus
585 739 741 771 incensus,
761 747 817 779 qua
826 738 940 766 ratione
950 737 1077 765 Avitum
1099 750 1100 765 r

120 822 222 856 'fratres
232 825 347 864 gemini
363 822 541 853 fuerunt·ex
550 823 720 860 municipio
736 820 899 850 Aletrinate
910 840 918 852 ‚
937 819 1079 848 homines

123 869 202 898 inter
220 866 248 895 se
267 864 339 895 cum
356 864 472 897 forma,
490 872 562 893 tum>
579 863 715 892 moribus
736 861 863 891 fimiles:
882 861 1077 899 municipum
1098 866 1100 902 l

123 917 225 939 autem
247 907 368 937 suorum
386 904 595 935 diffimillimi:
614 906 647 934 in
664 904 773 945 quibus
786 912 913 944 quantus
937 900 1077 940 splendor

124 949 170 983 sit,
183 948 274 989 quam
283 947 374 987 prope
384 947 548 987 aequabilis,
559 946 649 987 quam
660 946 722 975 fere
732 947 874 975 omnium
883 942 1032 975 constans,
1044 942 1077 972 δε
1097 946 1099 976 ¹]

125 991 277 1021 moderata
292 992 365 1018 ratio
375 990 459 1021 vitae‚
483 998 576 1017 nemo
586 985 718 1017 vestrdm
729 1007 737 1019 ,
757 996 789 1016 ut
808 996 875 1016 mea
884 985 941 1015 fert
958 986 1075 1024 opinio,

124 1034 251 1073 ignorat.
274 1032 332 1059 His
342 1026 483 1060 Fabriciis
494 1029 608 1068 semper
618 1029 686 1058 usus
696 1027 739 1058 est
749 1029 929 1067 Oppianicus
949 1025 1077 1055 familia·
1097 1041 1098 1052 r

121 1072 244 1105 riffime.
267 1073 336 1113 Jam
347 1073 404 1101 hoc
421 1069 483 1100 fere
494 1071 572 1101 scitis
589 1080 696 1100 ornnes
708 1091 716 1103 ,
741 1078 912 1108 QJANTAM
937 1078 1004 1098 VIM
1026 1068 1077 1096 ha-

122 1115 190 1146 beat
208 1113 244 1144 ad
259 1112 483 1153 conjungendas
500 1114 645 1142 amicitias
655 1132 664 1145 ,
684 1111 864 1144 studiorum,
877 1121 909 1140 ac
920 1119 1029 1139 naturae
1040 1107 1076 1138 fi-

123 1155 277 1188 militudo.
301 1154 379 1184 Cum
399 1155 444 1183 illi
462 1156 501 1183 ita
515 1156 672 1186 viverent,
692 1154 840 1182 utnullam
857 1150 997 1193 quaes't'um
1015 1158 1077 1179 rur-

117 1206 184 1240 pem
195 1196 253 1227 effe
271 1197 492 1226 arbitrarentur:
506 1194 577 1225 curn
588 1197 692 1225 omnis
700 1195 736 1224 ab
747 1195 792 1223 his
804 1193 881 1223 fraus
890 1213 898 1226 ,
910 1202 1018 1222 omnes
1028 1194 1076 1221 in-

121 1239 202 1270 fidiae
217 1259 225 1272 ,
247 1237 594 1278 circumscriptionesque
616 1236 849 1266 adolescentium
869 1235 1075 1267 nascerentur,

123 1290 255 1320 cumque
276 1277 369 1309 effent
387 1280 489 1312 vitiis,
513 1287 601 1319 atque
621 1277 810 1317 improbitate
828 1276 972 1306 omnibus
993 1277 1074 1305 uoti:

126 1327 137 1343 ¹
159 1322 257 1352 studio
269 1341 277 1355 ,
291 1330 324 1350 ut
341 1320 425 1353 dixi,
437 1320 472 1350 ad
487 1330 592 1349 eorum
604 1320 632 1349 se
649 1319 881 1349 familiaritatem
895 1318 999 1347 multis
1011 1317 1073 1356 jam

125 1363 194 1395 ante
206 1365 292 1393 annis
311 1363 491 1401 Oppianicus
501 1362 665 1400 applicarat.
689 1362 808 1400 Itaque,
830 1368 896 1389 tum
916 1358 953 1388 fic
964 1357 1073 1392 statuit,
1096 1373 1098 1391 ι

122 1415 176 1446 per
192 1407 224 1434 C.
243 1403 411 1433 Fabricium
434 1403 523 1441 (nam
543 1404 575 1431 L.
601 1411 660 1431 erat
677 1402 835 1439 mortuus)
852 1399 971 1430 iusidias
982 1403 1075 1429 Avito

121 1455 301 1486 comparare.
325 1447 393 1474 Erat
407 1444 461 1473 illo
479 1453 613 1483 tempore
630 1441 752 1473 infirma
769 1441 940 1472 valetudine
956 1444 1075 1471 Avitus.
1096 1467 1098 1483 ,

121 1488 259 1518 utebatur
276 1494 374 1516 autem
396 1485 515 1515 medico
538 1485 689 1525 ignobili,
712 1484 760 1515 sed
779 1483 908 1524 spe&ato
926 1484 1053 1513 homine
1066 1502 1075 1516 ‚

123 1529 326 1569 Cleophanto:
343 1529 427 1563 cuius
445 1527 564 1557 sewum
582 1528 756 1568 Diogenem
775 1525 927 1556 Fabricius
942 1525 980 1554 ad
995 1535 1077 1553 vene-

120 1581 191 1601 num
201 1572 293 1600 Avito
310 1569 444 1600 dandum
462 1569 509 1608 spe
528 1569 664 1608 &pretio
682 1568 838 1598 sollicitare
848 1569 948 1606 coepit.
970 1569 1078 1597 Servus

122 1623 187 1644 non
201 1611 377 1644 incallidus,
401 1614 415 1630 2
431 1611 479 1640 sed
491 1631 504 1643 ‚.
521 1619 552 1640 ut
571 1611 631 1650 ipsa
639 1619 685 1639 res
694 1609 851 1640 declaravit
862 1630 870 1642 ,
881 1608 958 1650 frugi
969 1628 977 1642 ,
990 1617 1077 1648 atque

118 1656 244 1695 integer,
256 1654 427 1683 sermonem
438 1653 562 1682 Fabricii
572 1662 636 1681 non
647 1650 688 1681 est
698 1651 879 1691 aspernatus:
902 1660 965 1679 rem
977 1650 1011 1679 ad
1022 1650 1077 1679 do-

121 1698 244 1726 minum
261 1694 384 1724 detulit:
409 1694 608 1733 Cleophantus
625 1703 724 1723 autem
742 1703 814 1722 cum
827 1694 919 1722 Avito
938 1690 981 1721 est
992 1692 1077 1721 locu-

120 1745 181 1768 tus.
205 1738 310 1766 Avitus
328 1745 428 1766 autem
440 1735 537 1765 statim
551 1745 621 1764 cum
638 1737 682 1764 M.
695 1734 802 1764 Bebrio
822 1735 972 1767 senatore,
989 1732 1078 1762 fami-

119 1776 275 1810 liariffimo
288 1778 340 1807 suo
352 1798 360 1811 ,
373 1779 628 1807 communicavit:
649 1778 699 1817 qui
715 1786 772 1817 qua
783 1774 840 1806 fide
852 1797 863 1808 ,
876 1786 932 1816 qua
946 1774 1077 1815 pruden-

119 1822 161 1851 tia
171 1840 180 1854 ‚
193 1823 205 1847 3
217 1829 274 1860 qua
284 1819 426 1860 dignitate
435 1819 542 1852 suerit,
563 1817 734 1848 meminiss'e
753 1828 808 1848 vos
824 1817 956 1848 arbitror.
980 1819 1006 1846 ei
1016 1817 1079 1856 pla-

120 1864 183 1892 cuit
193 1881 201 1895 ,
220 1870 251 1890 ut
262 1863 433 1901 Diogenem
444 1862 551 1890 Avitus
562 1869 674 1889 emeret
687 1860 702 1889 a
714 1859 911 1898 Cleophanto,
925 1868 986 1899 quo
1004 1858 1078 1887 faci-

120 1902 182 1933 lius
200 1911 250 1932 aut
266 1901 568 1941 comprehenderetur
578 1911 624 1931 res
637 1903 700 1941 ejus
712 1901 827 1931 indicio
840 1921 849 1934 ,
869 1909 918 1930 aut
933 1900 1002 1929 falsa
1020 1897 1078 1929 esse

119 1944 354 1985 cognosceretur.
378 1946 427 1972 Ne
437 1943 556 1972 multis:
572 1945 724 1983 Diogenes
736 1944 864 1972 emitur:
886 1946 904 1969 4
923 1951 1076 1971 venenum

120 1986 227 2016 diebus
237 1987 337 2025 paucis
347 2004 355 2017 ‚
380 1983 554 2023 (multiviri
564 1983 637 2013 boni
650 1983 722 2013 cum
740 1994 774 2011 ex
784 1983 888 2012 occulto
908 1983 1077 2020 intervenis·
1097 2013 1099 2019 k

114 2027 198 2068 sent)
217 2028 402 2066 pecuniaque
413 2024 559 2065 obsignata
571 2045 578 2057 ,
598 2035 664 2065 quae
680 2025 716 2054 ad
730 2035 794 2054 eam
809 2034 876 2053 rem
884 2023 1022 2056 dabatur,
1043 2026 1078 2052 in

120 2068 262 2098 manibus
272 2066 441 2098 Scamandri
452 2087 467 2100 ,.
482 2066 580 2096 liberti
601 2066 802 2096 Fabriciorum
812 2085 821 2099 ,
839 2065 1078 2104 deprehenditur.

119 2109 178 2141 Pro
195 2109 239 2139 dii
258 2109 444 2138 immortales
460 2111 464 2137 3
484 2110 682 2147 Oppianicum
695 2108 861 2148 quisquam,
874 2109 919 2136 his
930 2106 1016 2136 rebus
1026 2116 1078 2135 co-

119 2196 204 2224 cio-r?
222 2194 288 2233 quis
300 2190 479 2221 nocentior?
495 2193 562 2231 quis
573 2192 700 2230 apertior
715 2193 748 2219 in
769 2191 914 2226 iudicium
934 2188 1078 2219 addufiffls
1096 2203 1099 2235 λ

119 2234 181 2266 est?
196 2233 286 2275 Qod
299 2235 467 2275 ingenium,
480 2243 545 2273 quae
556 2231 675 2262 facultas
686 2232 887 2272 dicendi‚qu:e
900 2232 915 2261 a
925 2241 1076 2271 quoquam

113 2279 281 2317 excogitata
298 2273 431 2305 defensio
443 2294 452 2308 ,
472 2275 543 2304 huic
562 2276 614 2303 uni
625 2275 747 2303 crimini
757 2276 855 2313 potuit
868 2272 1005 2302 obsistere
1017 2275 1027 2301 ?
1039 2271 1075 2301 fi-

115 2318 186 2351 mul
204 2316 322 2348 &illud
339 2318 406 2358 quis
424 2315 486 2349 est,
500 2318 551 2356 qui
561 2315 695 2349 dubitet,
711 2317 786 2356 quin
804 2316 858 2344 hac
870 2325 898 2344 re
913 2324 1074 2354 comperta,
1096 2339 1098 2344 .

117 2358 339 2399 manifestoque
348 2358 528 2398 deprehensa
538 2378 546 2391 ,
559 2366 607 2387 aut
617 2356 755 2386 obeunda
766 2367 849 2386 mors
860 2357 1014 2388 Cluentio,
1026 2364 1078 2385 aut

117 2400 303 2441 suscipienda
315 2400 459 2430 accusatio
468 2398 579 2429 fuerit?
599 2400 672 2429 Satis
682 2397 739 2428 effe
758 2399 883 2429 arbitror
892 2398 926 2428 de
932 2397 1077 2428 monstra-

119 2452 186 2474 tum
198 2463 206 2477 ,
221 2442 338 2483 judices
350 2462 358 2475 ‚
379 2443 416 2471 iis
425 2441 605 2471 criminibus
614 2440 781 2471 accusatum
792 2439 847 2470 effe
858 2442 1072 2481 Oppianicum,

118 2494 154 2515 ut
170 2483 294 2515 honeste
304 2483 417 2513 absolvi
428 2484 513 2513 nullo
532 2482 626 2513 modo
635 2485 774 2523 potuerit.
799 2484 977 2524 Cognoscite
995 2491 1076 2512 nunc

119 2528 162 2557 :ita
179 2536 265 2556 reum
284 2527 408 2555 citatum
427 2524 484 2554 efle
493 2525 603 2559 illum,
623 2533 674 2558 ut,
695 2535 724 2554 re
744 2525 853 2558 semel,
869 2533 955 2565 atque
965 2527 1075 2554 iterum
1095 2531 1097 2543 ¹

114 2568 297 2609 praejudicata
316 2587 324 2600 ,
348 2566 565 2597 condemnatus
585 2586 594 2600 ‚
619 2568 652 2595 in
671 2566 821 2605 judicium
845 2569 969 2596 venerit.
995 2568 1075 2595 Nam

75 2618 78 2620 ’
117 2608 419 2647 Cluentius,judices,
431 2607 567 2648 primum
580 2618 694 2638 nomen
714 2609 776 2647 ejus
793 2608 919 2641 detulit,
940 2608 1025 2643 cuius
1043 2609 1076 2636 in

117 2651 258 2681 manibus
269 2660 420 2680 venenum
431 2650 670 2690 deprehenderat.
686 2651 710 2678 is
722 2658 780 2679 erat
791 2649 915 2679 libertus
927 2649 1075 2679 Fabricio·
1093 2678 1095 2691 Λ

115 2702 186 2726 rum
199 2712 208 2726 ,
225 2691 413 2722 Scamander.
436 2693 586 2731 integrum
605 2689 764 2721 consilium
785 2701 790 2719 z
816 2691 924 2729 judicii
941 2691 1074 2730 corrupti
1093 2693 1094 2712 ἓ

117 2735 203 2766 nulla
213 2734 341 2774 suspicio
356 2731 498 2773 :fimplex
506 2743 539 2763 in
547 2732 698 2773 judicium
707 2733 800 2766 causa,
812 2741 889 2762 certa
899 2742 956 2765 res,
968 2742 1074 2762 verum
1091 2750 1094 2765 .

117 2892 184 2920 item
194 2893 253 2919 cod.
265 2894 291 2918 S.
302 2892 431 2918 Victoris.
450 2890 563 2926 impr-effi
574 2890 765 2922 ante‚-(711diqle;
777 2890 855 2915 ninus
868 2889 937 2915 lene.

155 2937 185 2954 2.
202 2929 282 2954 sedat
299 2929 349 2961 ipsa
367 2937 404 2952 res
414 2926 575 2960 decim-avit]
595 2926 708 2961 Legitur
721 2926 784 2951 alias
795 2926 821 2951 in
833 2925 977 2961 exemplari
990 2926 1017 2951 S.
1030 2924 1077 2951 Vi-

119 2962 203 2991 ‹storis
215 2984 224 2996 ,
233 2965 297 2995 &ut
310 2982 317 2995 ,
328 2963 398 2998 quod
411 2962 466 2988 fere
477 2962 580 2988 malim.

157 3007 184 3035 3.
202 3001 257 3033 Qu
266 3000 376 3032 dignitate
379 2999 484 3032 fuerit]
504 2997 647 3024 Lambinus
658 2996 748 3033 prodit
758 2997 784 3023 in
796 2996 846 3022 suis
859 2995 915 3022 mss.
928 2994 1003 3022 fuilse
1016 3016 1024 3027 ‚
1040 2997 1079 3021 di-

156 2866 180 2883 ι.
199 2858 297 2888 Studio,
315 2864 343 2882 ur
360 2857 435 2890 dixi]
456 2853 617 2880 Rex-ocanda
629 2855 693 2880 inihi
713 2854 764 2880 fuit
786 2854 868 2879 lectio
877 2856 997 2880 omnium
1009 2853 1076 2880 Pall.
1096 2863 1100 2952 <N

119 3037 227 3068 rigentia.
245 3044 295 3069 ego
306 3035 384 3060 testor
393 3035 419 3060 in
432 3034 499 3059 Pall.
510 3033 554 3059 sex
564 3032 734 3069 comparuisse
750 3032 817 3058 illud
827 3033 943 3059 alterum
956 3051 964 3064 ‚
985 3033 1080 3058 haeret·
1100 3037 1102 3084 ἡ

121 3080 173 3106 que
182 3071 246 3096 item
256 3070 283 3096 in
293 3070 354 3095 edd.
365 3069 560 3106 antiquissimis.
1100 3086 1103 3132 ἱ

154 3113 182 3137 4.
203 3106 315 3130 Venenum
324 3105 503 3138 (Imbros-paucas,
518 3107 596 3137 multi,
607 3105 674 3138 elya]
695 3104 738 3130 Sic
747 3113 837 3131 omnes
849 3104 918 3130 Pall.
929 3105 956 3130 &
968 3105 994 3129 S.
1006 3103 1078 3130 Viti.

118 3140 244 3167 vetustius
256 3138 320 3166 editi
331 3142 429 3173 ,paucis
440 3148 590 3173 comparatur
599 3151 607 3165 .·
623 3144 692 3166 murti
702 3142 754 3171 glyc.
776 3150 790 3166 a
802 3150 853 3175 qua
866 3147 952 3166 tamen
966 3139 1080 3178 lestionc
1101 3133 1104 3183 l

119 3175 348 3212 recentioresjure
358 3175 528 3206 recesserunt.
545 3175 663 3213 pendent
677 3176 750 3210 euim
760 3176 814 3205 haec
824 3175 856 3206 ab
867 3185 898 3205 eo
909 3175 981 3212 quod
992 3175 1079 3211 requi·
1102 3189 1105 3213 l

1980 175 2074 224 357

1120 244 1235 272 crimen
1245 242 1368 272 allatum
1386 241 1441 272 est·
1471 241 1530 273 Hic
1548 250 1613 272 tum
1632 241 1801 275 Fabricius,
1822 241 1865 275 is,
1883 240 1920 272 de
1930 250 1993 282 quo
2010 239 2082 271 ante.¹

1122 283 1188 312 dixi
1200 303 1208 316 ,
1220 285 1271 323 qui
1283 304 1291 316 ,
1311 282 1408 312 liberto
1419 283 1560 318 damnato,
1572 282 1624 314 sibi
1635 284 1709 314 illud
1720 282 1895 323 impendere
1911 283 2080 323 periculum

1123 324 1253 353 videret:
1265 324 1346 365 quod
1358 326 1434 354 mihi
1446 335 1515 354 cum
1528 325 1744 356 Aletrinatibus
1755 326 1955 357 vicinitatem,
1966 323 2080 354 &curn

1121 365 1268 404 plerisque
1286 375 1391 395 eorum
1410 376 1553 406 magnum
1571 368 1656 397 usum
1676 365 1732 397 ess'e
1754 366 1878 399 sciebat,
1898 365 2083 406 frequenteis

1123 414 1174 434 eos
1192 405 1226 434 ad
1239 416 1288 435 me
1298 406 1426 436 domurn
1445 407 1579 437 adduxit.
1604 410 1663 450 Qi
1681 418 1866 449 quamquam
1882 407 1919 438 de
1935 409 2079 440 homine,

1123 444 1318 476 sicutneceil'e
1328 456 1386 476 erat
1398 467 1406 480 ,
1427 449 1637 479 existimabant
1651 460 1656 478 t
1677 459 1790 483 tamen,
1801 449 1888 489 quod
1900 458 1959 479 erat
1978 458 2017 479 ex
2037 458 2082 477 eo-

1121 487 1183 515 dem
1200 487 1350 526 municipio
1362 507 1370 520 ,
1382 489 1439 518 suae
1450 489 1600 529 dignitatis
1611 489 1667 520 effe
1678 491 1898 524 arbitrabantur,
1912 501 1983 520 eum
1993 510 2002 524 ,
2011 491 2081 531 qui-

1124 529 1180 557 bus
1191 528 1277 557 rebus
1286 526 1404 567 possent
1414 549 1422 562 ,
1441 530 1598 560 detondere
1611 542 1616 560 z
1636 532 1726 572 idque
1737 535 1753 561 a
1765 542 1825 565 me,
1837 541 1868 562 ut
1879 532 2004 562 facerem
2015 551 2023 565 ,
2046 531 2080 561 &

1125 578 1158 599 ut
1176 570 1292 600 causam
1305 570 1475 600 Scamandri
1493 572 1668 610 susciperem
1681 593 1689 606 ,
1702 574 1857 613 petebant:
1877 576 1910 603 in
1923 583 1980 614 qua
1996 573 2082 603 causa

1122 612 1240 650 patroni
1253 621 1346 640 omne
1356 612 1523 650 periculum
1534 614 1753 644 continebatur.
1771 617 1901 656 Ego,qui
1912 625 2008 655 neque
2017 615 2081 644 illis

1099 651 1100 661 ¹
1122 653 1228 682 talibus
1238 654 1321 686 viris,
1333 662 1366 682 ac
1377 662 1437 682 tarn
1448 654 1616 683 amantibus
1628 657 1698 688 mei,
1711 666 1774 685 rem
1785 655 1900 696 poss'em
1912 657 2005 686 ullam
2026 665 2082 685 ne-

1120 704 1201 734 gare:
1221 704 1318 734 neque
1330 693 1405 723 illud
1415 696 1531 724 crimen
1542 715 1550 727 ,
1564 704 1679 725 tantum
1690 715 1698 729 ‚
1713 707 1745 726 ac
1757 706 1817 725 ram
1826 697 2011 737 manifeffum
2022 694 2082 727 effe

1120 733 1356 769 arbitrarer,ficut
1365 745 1419 765 nec
1429 735 1475 764 illi
1485 735 1608 776 quidem
1617 736 1679 776 ipsi,
1693 740 1744 777 qui
1755 740 1831 768 mihi
1842 748 1906 768 tum
1918 740 2002 769 iliam
2011 749 2083 769 cau-

1122 777 1183 806 sam
1196 776 1465 810 commendabant,
1480 777 1711 807 arbitrabantur:
1728 780 1880 818 pollicitus
1891 782 1927 810 iis
1939 781 2015 814 sum,
2030 790 2080 810 me

1122 820 1227 847 omnia
1239 838 1249 851 ⁷
1268 828 1332 858 quae
1352 819 1483 852 vellent,
1501 816 1558 848 effe
1575 818 1733 849 fafiturum.
1765 823 1826 850 Res
1843 824 1887 861 agi
1905 831 2000 861 coepta
2017 821 2075 851 est:

1121 861 1224 889 citatus
1243 858 1284 889 est
1301 860 1479 890 Scamander
1496 870 1580 889 reus:
1599 861 1749 891 accusabat
1768 865 1797 891 P.
1813 865 1978 892 Cannutius
1995 883 2004 896 ,
2024 864 2080 893 ho-

1122 911 1175 930 mo
1194 903 1226 930 in
1235 903 1344 940 primis
1355 902 1523 942 ingeniosus
1537 922 1544 934 ‚
1558 902 1634 931 &in
1644 902 1772 932 dicendo
1782 905 1957 933 exercitatus
1967 925 1975 937 ,
1994 915 2081 934 accu-

1122 943 1198 972 sabat
1213 952 1314 972 autem
1328 943 1380 972 ille
1397 943 1520 984 quidem
1531 943 1745 973 Scamandrum
1756 945 1854 974 verbis
1873 946 1966 974 tribus
1979 965 1988 979 ,
2008 949 2034 974 V
2045 955 2081 974 E·

1123 994 1144 1012 N
1158 994 1242 1014 ENU
1255 994 1282 1013 M
1314 994 1356 1014 Es
1370 994 1413 1014 sn
1441 994 1719 1015 DEPREHENSU
1731 996 1767 1015 M.
1801 987 2082 1016 Omniatelatotius

1123 1026 1319 1055 accusationis
1341 1027 1375 1055 in
1397 1027 1596 1065 Oppianicum
1617 1027 1877 1066 conjiciebantur:
1900 1028 2082 1066 aperiebatur

1119 1067 1202 1097 causa
1216 1065 1389 1097 insidiarum
1405 1078 1409 1095 :
1435 1067 1639 1097 Fabriciorum
1657 1068 1840 1099 familiaritas
1856 1079 2080 1099 commemora-

1122 1109 1208 1138 batur
1228 1118 1233 1137 :
1261 1110 1398 1138 hominis
1415 1111 1495 1142 vita,
1516 1109 1548 1138 ὃς
1561 1109 1679 1140 audacia
1694 1110 1897 1150 proferebatur
1915 1121 1921 1139 :
1949 1111 2080 1151 denique

1096 1154 1098 1163 '
1120 1152 1222 1179 omnis
1237 1151 1381 1180 accusatio
1391 1151 1469 1180 varie
1484 1170 1492 1184 ‚
1513 1153 1697 1191 graviterque
1708 1151 1834 1185 traciam,
1853 1152 1887 1182 ad
1906 1161 2082 1182 extremum

1120 1191 1277 1222 manifesta
1285 1194 1395 1221 veneni
1406 1191 1639 1232 deprehensione
1650 1194 1786 1224 conclusi
1797 1193 1847 1223 est.
1867 1192 1927 1224 Hic
1937 1204 1991 1235 ego
2005 1194 2079 1224 cum

1118 1233 1152 1263 ad
1171 1233 1415 1273 respondendum
1425 1234 1547 1266 surrexi,
1560 1244 1616 1274 qua
1626 1237 1713 1264 cura?
1733 1235 1776 1264 dii
1794 1236 2001 1270 immortales!
2021 1246 2080 1276 qua

1118 1275 1321 1305 sollicitudine
1332 1277 1428 1304 animi
1439 1276 1518 1316 ?quo
1529 1278 1658 1305 timore?
1680 1279 1803 1316 Semper
1818 1277 1961 1318 equidem
1969 1287 2081 1318 magno

1118 1327 1181 1346 cum
1193 1324 1270 1345 metu
1287 1318 1401 1356 incipio
1412 1317 1520 1346 dicere.
1543 1318 1790 1358 quotiescumque
1802 1318 1881 1352 dico,
1898 1320 1990 1349 *toties
2001 1319 2081 1348 mihi

1118 1357 1224 1387 videor
1232 1357 1424 1397 injudicium
1433 1360 1536 1388 venire
1546 1379 1555 1392 ,
1577 1369 1639 1388 non
1659 1361 1773 1400 ingenii
1785 1359 1885 1390 solum
1895 1381 1903 1393 ‚
1922 1360 1969 1389 sed
1987 1362 2079 1390 etiarn

1118 1401 1237 1429 virtutis
1249 1419 1256 1432 ,
1273 1409 1359 1440 atque
1370 1398 1464 1429 officii
1476 1410 1481 1429 :
1502 1410 1539 1430 ne
1549 1409 1599 1430 aut
1618 1400 1647 1430 id
1658 1399 1791 1440 profiteri
1801 1401 1910 1435 videar,
1923 1401 2002 1441 quod
2014 1412 2079 1431 non

1118 1439 1225 1481 poffim
1237 1442 1371 1480 implere,
1382 1441 1464 1482 quod
1487 1441 1530 1472 est
1546 1441 1737 1483 impudentia:
1759 1452 1808 1472 aut
1825 1443 1856 1472 id
1872 1453 1937 1473 non
1947 1441 2078 1475 efficere,

1119 1482 1199 1523 quod
1207 1481 1329 1522 possim,
1341 1482 1421 1523 quod
1431 1482 1473 1512 est
1482 1492 1530 1513 aut
1537 1483 1665 1524 perfidia,
1676 1493 1725 1514 aut
1734 1484 1916 1524 negligentia.
1929 1493 1994 1514 tum
2004 1483 2079 1513 verb

1119 1527 1159 1554 ita
1169 1527 1235 1553 sum
1245 1525 1429 1564 perturbatus
1440 1544 1448 1557 ,
1461 1534 1492 1554 ut
1504 1527 1611 1555 onmia
1621 1528 1760 1555 timerem
1773 1537 1778 1555 :
1800 1525 1821 1556 fi
1831 1526 1909 1555 nihil
1921 1524 2077 1559 dixissem,

1120 1576 1157 1595 ne
1168 1564 1384 1596 infantiss'imus
1399 1577 1404 1594 1
1420 1564 1441 1595 fi
1452 1567 1548 1596 multa
1558 1568 1590 1596 in
1605 1567 1755 1606 ejusmodi
1765 1566 1999 1598 causa-dixissem
2011 1589 2020 1601 ‚
2041 1577 2081 1596 ne

1119 1606 1395 1647 impudentissimus
1416 1607 1610 1638 existimarer.
1643 1609 1758 1650 Collegi
1781 1620 1830 1639 me
1847 1609 2007 1650 aliquando
2017 1629 2024 1643 ,
2046 1609 2078 1639 δε

1119 1652 1158 1679 ita
1176 1648 1340 1683 constitui,
1360 1648 1475 1679 fortiter
1492 1648 1550 1679 effe
1567 1650 1734 1690 agendum:
1756 1651 1802 1680 illi
1819 1654 1917 1685 aetati,
1938 1661 1995 1691 qua
2013 1660 2079 1681 turn

1122 1701 1201 1721 eiam
1213 1711 1221 1724 ‚
1237 1691 1329 1720 solere
1339 1691 1418 1719 laudi
1429 1691 1492 1719 dari
1503 1712 1511 1724 ‚
1531 1693 1620 1721 etiam
1631 1690 1693 1721 siin
1705 1691 1808 1722 minus
1819 1692 1914 1722 firmis
1923 1691 2011 1722 causis
2022 1694 2081 1721 ho-

1121 1735 1243 1762 minum
1253 1733 1391 1772 periculis
1401 1743 1466 1762 non
1477 1731 1646 1762 defuissem.
1670 1735 1765 1774 itaque
1777 1733 1834 1764 feci
1847 1745 1852 1763 :
1874 1733 1910 1764 fic
1924 1737 2053 1774 pugnavi
2065 1754 2078 1767 5,

1121 1773 1158 1804 fic
1171 1778 1260 1804 omni
1272 1776 1385 1804 ratione
1402 1774 1557 1807 contendi,
1570 1772 1607 1804 sic
1617 1774 1651 1804 ad
1668 1778 1773 1805 omnia
1782 1775 1916 1816 confugi,
1928 1785 2078 1816 quantum

1122 1826 1178 1857 ego
1189 1814 1297 1856 ass'equi
1311 1817 1414 1855 potui,
1434 1816 1582 1849 remedia,
1594 1827 1625 1846 ac
1634 1816 1767 1857 perfugia
1781 1817 1943 1851 causarum,
1959 1827 1991 1847 ut
2004 1818 2077 1851 hoc,

1119 1856 1200 1898 quod
1211 1857 1317 1887 timide
1330 1857 1428 1887 dicam
1439 1878 1447 1891 ,
1468 1858 1642 1887 consecutus
1653 1857 1706 1887 [πη
1717 1878 1725 1891 ,
1746 1860 1852 1898 nequis
1866 1859 1912 1888 illi
1922 1860 2013 1889 causae
2026 1869 2080 1898 pa-

1120 1908 1245 1929 tronum
1265 1897 1390 1928 defuisse
1400 1898 1595 1929 arbitraretur.
1619 1899 1674 1929 Sed
1686 1919 1694 1932 ,
1710 1908 1742 1929 ut
1750 1900 1897 1940 quidquid
1910 1910 1963 1941 ego
1974 1910 2080 1939 appre-

1120 1939 1398 1972 henderam‚statim
1407 1941 1554 1970 accusator
1564 1941 1758 1980 extorquebat
1769 1942 1785 1970 ἐ
1795 1941 1932 1971 manibus
1939 1944 1986 1971 ..Si
1996 1951 2080 1982 quae-

1121 1981 1240 2014 fictam,
1263 1991 1302 2011 an
1319 1981 1476 2010 inimicitia
1495 1982 1673 2012 Scamandro
1691 1992 1761 2012 curn
1783 1985 1892 2012 Avito:
1914 1982 2083 2017 fatebatur,

1120 2023 1219 2053 nullas
1230 2021 1332 2052 fuiss'e:
1354 2022 1402 2052 sed
1415 2024 1616 2062 Oppianicum
1630 2044 1638 2055 ‚
1657 2024 1806 2060 cujus-ille
1819 2023 2078 2058 minister-fuisset,

1120 2065 1190 2094 huic
1210 2062 1453 2093 inimiciffimum
1470 2063 1556 2094 fuiffe
1568 2084 1576 2098 ‚
1591 2074 1677 2104 atque
1690 2064 1749 2095 effe
1762 2065 1886 2095 dicebat.
1909 2069 1961 2096 Sin
1976 2075 2079 2096 autem

1119 2106 1196 2136 illud
1210 2115 1337 2146 egeram,
1351 2105 1472 2134 nullum
1485 2105 1520 2135 ad
1530 2106 1742 2136 Scamandrum
1758 2117 1853 2137 morte
1873 2109 1958 2137 Aviti
1968 2117 2079 2137 ventu-

1119 2158 1187 2177 rum
1199 2146 1508 2176 emolumentumfuiffe
1525 2168 1534 2180 ‚
1552 2147 1731 2178 concedebat
1746 2160 1755 2182 3
1770 2148 1818 2178 sed
1828 2149 1864 2178 ad
1879 2159 2005 2179 uxorem
2016 2152 2078 2188 Op-

1119 2191 1228 2228 pianici
1242 2209 1250 2221 ‚
1272 2190 1410 2217 hominis
1424 2190 1457 2217 in
1471 2189 1617 2218 uxoribus
1630 2189 1771 2219 necandis
1787 2192 1957 2223 exercitati,
1972 2194 2079 2220 omnia

1121 2232 1201 2260 bona
1211 2232 1295 2260 Aviti
1313 2239 1438 2260 ventura
1452 2229 1510 2259 esse
1523 2230 1647 2260 dicebat.
1671 2230 1750 2261 Cum
1760 2232 1812 2261 illa
1819 2231 1993 2262 defensione
2008 2232 2079 2262 usus

1121 2270 1212 2302 ess'em
1232 2291 1241 2305 ,
1264 2282 1328 2313 quae
1345 2274 1377 2301 in
1399 2271 1609 2301 libertinorum
1628 2271 1717 2302 causis
1739 2272 1943 2304 honestisfima
1962 2274 2079 2313 semper

1121 2313 1288 2343 existimata
1297 2312 1340 2343 est
1349 2333 1357 2346 ,
1369 2312 1581 2343 Scamandrum
1597 2321 1714 2354 patrono
1723 2313 1927 2356 effeprebatum
1936 2327 1947 2343 .·
1966 2315 2080 2345 fateba-

1120 2365 1182 2386 tur:
1204 2354 1254 2385 sed
1267 2355 1431 2395 quaerebat,
1447 2356 1495 2384 cui
1507 2355 1645 2394 probatus
1656 2354 1725 2385 esset
1743 2357 1802 2396 ipse
1821 2365 1973 2396 patronus.
1997 2356 2079 2388 curn

1120 2408 1175 2439 ego
1189 2398 1323 2437 pluribus
1337 2397 1435 2427 verbis
1449 2397 1483 2426 in
1502 2407 1538 2426 eo
1551 2406 1754 2429 commoratus
1773 2397 1862 2428 ess'em
1873 2419 1882 2433 ,
1896 2398 2078 2429 Scamandro

1120 2438 1209 2470 sanstas
1229 2438 1347 2479 insidias
1362 2437 1419 2469 effe
1435 2448 1487 2478 per
1511 2441 1681 2481 Diogenem
1693 2461 1701 2474 ‚
1724 2440 1981 2481 constitutumque
2000 2443 2080 2470 inter

1120 2491 1170 2512 eos
1185 2481 1221 2511 de
1232 2482 1287 2512 alia
1299 2492 1328 2511 rc
1342 2480 1426 2512 fuisse
1437 2500 1445 2513 ,
1462 2490 1493 2510 ut
1511 2482 1753 2516 medicamentum,
1771 2493 1822 2511 non
1832 2492 1978 2516 venenum,
1999 2483 2081 2512 Dio-

1119 2533 1209 2563 genes
1219 2522 1332 2553 afferret
1347 2534 1352 2552 τ
1373 2524 1430 2553 hoc
1448 2524 1543 2552 cuivis
1561 2524 1615 2552 usu
1631 2526 1732 2553 venire
1742 2523 1839 2563 poss'c:
1859 2524 2014 2563 quaerebat,
2026 2532 2080 2553 cur

1120 2569 1151 2594 in
1169 2565 1319 2599 eiusmodi
1330 2565 1433 2597 locum,
1445 2574 1505 2593 tam
1516 2564 1664 2597 abditum,
1680 2575 1733 2594 cur
1745 2565 1836 2597 solus,
1850 2563 1866 2585 ⁶
1876 2575 1928 2595 cur
1938 2575 2009 2595 cum
2020 2565 2080 2594 ob-

1120 2605 1226 2647 fignatzi
1238 2608 1377 2646 pecunia,
1390 2603 1521 2635 venisset.
1545 2607 1686 2646 Denique
1698 2606 1832 2636 hocloco
1850 2607 1934 2636 causa
1943 2605 2076 2640 restibus,

1119 2647 1332 2678 honestiffimis
1356 2647 1532 2677 horninibus
1543 2667 1550 2680 ,
1563 2647 1759 2686 premebatur.
1782 2649 1828 2676 M.
1839 2647 1962 2677 Bebrius
1974 2648 2011 2678 de
2024 2649 2078 2678 suo

1120 2688 1244 2719 consilio
1256 2691 1427 2729 Diogenem
1440 2697 1555 2717 emtum
1568 2699 1572 2716 :
1592 2689 1619 2717 se
1630 2689 1771 2727 praesente
1781 2689 1995 2719 Scamandrum
2005 2699 2078 2720 cum

1120 2741 1252 2765 veneno,
1269 2732 1451 2771 pecuniaque
1460 2730 1678 2770 deprehensum
1689 2728 1745 2760 esse
1756 2729 1879 2761 dicebat.
1907 2736 1921 2760 7
1931 2734 1961 2761 P.
1977 2733 2078 2773 Qin-

2016 2782 2080 2803 tius

1121 2861 1164 2880 tur
1177 2873 1184 2885 ‚
1197 2854 1383 2885 deprehenditur.

1159 2898 1183 2922 ς.
1204 2890 1254 2923 Es:
1274 2890 1357 2922 diser]
1380 2890 1420 2913 Ita
1431 2888 1492 2913 alias
1505 2887 1556 2922 legi
1569 2894 1724 2914 annotatum
1737 2888 1761 2914 in
1783 2889 1809 2914 S.
1820 2886 1962 2914 Victorino
1974 2907 1982 2919 ‚
2001 2887 2080 2914 sono-

1121 2925 1179 2985 riulsl
1195 2925 1281 2951 multo
1300 2927 1379 2960 quain
1391 2923 1458 2950 illud
1474 2924 1551 2959 vulgo
1567 2933 1701 2961 receptum
1720 2925 1776 2950 dicit
1795 2925 1851 2958 effi5
1871 2923 1942 2959 quod
1953 2932 2040 2950 tamen
2051 2925 2078 2951 in

1124 2962 1157 2986 l‘a
1186 2981 1191 2986 .
1203 2971 1228 2986 o.

1157 2997 1185 3022 6.
1206 2997 1263 3021 Cfrm
1273 2997 1387 3029 abstenti-fa
1394 2998 1493 3028 pccmu'a
1502 2995 1626 3029 venifffit]
1647 2996 1687 3021 Ita
1699 2995 1782 3022 solum
1794 2995 1849 3021 Pal.
1861 2993 1966 3021 secund.
1982 2995 2079 3030 reliqui.

1121 3032 1238 3067 quinque
1251 3051 1259 3062 ‚
1271 3032 1387 3062 tennifflw,
1399 3040 1454 3066 qua:
1466 3030 1591 3066 scriptura
1601 3032 1681 3058 etiam
1691 3032 1718 3058 in
1731 3034 1758 3058 5.
1769 3030 1886 3058 mebris
1895 3032 1922 3057 in
1934 3039 2022 3057 textu.
2037 3031 2079 3058 al-

1122 3075 1180 3094 tera
1197 3077 1254 3092 cero
1266 3066 1436 3103 superscripta
1449 3086 1455 3098 ‚
1467 3067 1584 3093 cerialia.

1159 3111 1186 3136 7.
1207 3104 1363 3134 P.an11m
1374 3103 1478 3135 Varum]
1492 3103 1635 3129 Lambinus
1646 3103 1734 3129 voluit
1741 3104 1884 3135 Qinrilim‚
1897 3101 1958 3128 &id
1971 3102 2081 3128 omnine

1123 3139 1203 3164 etiam
1226 3137 1416 3164 restituendum
1435 3138 1537 3165 antron
1556 3147 1635 3174 urget
1648 3139 1752 3165 Paullus
1765 3138 1869 3164 Merula
1878 3138 1960 3164 Notis
1981 3137 2011 3162 ad
2026 3138 2079 3162 En-

1124 3175 1213 3208 uium5
1233 3173 1276 3202 scd
1285 3183 1338 3204 non
1348 3173 1488 3212 obsequor,
1499 3182 1591 3241 ‘⁰¹¹‘ss
1602 3174 1660 3202 mss.
1671 3182 1764 3205 contr-t
1774 3175 1904 3206 rationem
1915 3173 2070 3234 melioigm3

1599 3220 1614 3248 y
1638 3218 1650 3246 3
1968 3217 1990 3237 ι,
2018 3216 2068 3235 dim

2105 826 2146 859 18

2104 1620 2146 1651 19
