2339 3379
367 169 578 218 prsr.
603 183 678 216 An
707 167 1352 226 SER.Su1.1›101uM,E⁷r
1379 173 1708 232 CETEROS,
1733 178 1970 228 L1n.1V'.

480 283 678 367 ¹M.·
735 265 1136 348 TULer

239 387 1190 501 EPISTO

2108 180 2204 242 665-

1233 289 1848 356 CicERoNrs

1276 369 2197 511 LARUM

639 528 1021 597 LIBER
1114 529 1784 602 .QUARTU8‚

422 644 426 650 .
1155 619 1196 663 A

485 694 776 756 SER.

385 808 482 840 M.T.
495 811 528 840 C.
550 811 652 842 SER.
674 808 933 844 SULPICIO‚
957 808 1037 837 s.D.

416 877 458 892 a..
496 857 606 900 AJus'
631 859 790 898 Trebatius
809 878 818 892 ,
844 857 1000 888 familiaris
1019 867 1107 888 meus
1125 877 1134 893 ‚
1151 858 1187 889 ad

443 908 459 935 ,·
494 913 546 933 me
566 900 692 948 stripfit‚
714 910 741 931 te
751 910 789 930 ex
811 900 839 930 se
863 898 1014 941 quaesiffe,
1033 901 1143 942 quibus
1154 903 1186 931 in

450 938 452 946 ’
492 945 568 974 locis
576 942 684 974 essem:
707 941 893 983 molesteque
904 951 931 972 te
941 941 1028 976 ferre,
1040 941 1121 983 quod
1137 952 1186 973 me

490 994 611 1026 propter
621 984 822 1015 vahtudinem
834 993 914 1014 tuam
926 1004 935 1018 ‚
946 994 1016 1015 cum
1028 984 1064 1014 ad
1079 984 1182 1015 urbem

430 1012 457 1028 sl
801 1027 806 1032 .
835 1028 838 1031 .
867 1025 873 1029 -

317 1030 328 1064 j
406 1051 428 1068 f„
436 1046 462 1057 e.
489 1025 668 1058 accessiss‘em
680 1046 688 1060 ‚
702 1035 765 1056 non
776 1024 899 1056 vidifles
911 1037 916 1054 z
937 1026 970 1056 &
981 1027 1039 1056 hoc
1049 1034 1184 1067 tempore

356 1061 461 1114 w&
488 1069 603 1100 vellete
613 1078 748 1102 mecum,
760 1065 781 1097 fi
792 1067 918 1108 propius
928 1066 1105 1108 access'ifi'em
1116 1088 1125 1102 ,
1145 1068 1183 1099 de

330 1112 335 1119 '
370 1113 371 1116 ’
430 1112 459 1125 ‘⁴
486 1109 593 1141 efficio
619 1110 772 1151 utriusque
790 1110 927 1140 nostrum
945 1110 1182 1141 communicare.

224 1156 363 1189 Utinam,
375 1156 468 1189 Servi,
480 1154 568 1185 salvis
577 1153 664 1183 rebus
675 1171 684 1186 ‚
706 1149 763 1191 (sic
773 1150 912 1182 enim‘est
923 1152 1089 1182 dicendum
1100 1152 1182 1192 >col-

221 1196 308 1237 loqui
316 1196 515 1238 potu'rffemus
526 1196 604 1224 inter
613 1204 682 1225 nos.
693 1192 829 1234 profecto
840 1194 952 1234 aliquid
963 1196 1030 1234 opis
1039 1193 1183 1224 occiden-

221 1240 246 1268 ti
263 1241 336 1279 reip.
359 1237 539 1269 tuliffemus.
560 1238 733 1277 Cognoram
750 1238 835 1265 enim
851 1236 914 1275 jam
935 1235 1055 1269 absens,
1079 1245 1107 1266 te
1119 1237 1182 1267 haec

222 1280 303 1311 mala
322 1280 422 1311 multo
440 1279 508 1311 ante
526 1278 756 1319 providentem,
777 1277 967 1308 defensorem
988 1280 1066 1318 pacis
1078 1297 1087 1311 ‚
1106 1278 1181 1308 &in

222 1322 378 1352 consulatu
390 1330 443 1353 tuo
455 1342 464 1355 ,
484 1319 592 1361 &po-st
601 1319 793 1350 consulatum
803 1318 898 1349 fuifl'e.
924 1321 987 1360 Ego
997 1329 1096 1349 autem
1107 1319 1178 1350 cum

219 1363 382 1394 confilium
404 1373 492 1395 tuum
511 1362 668 1398 probarem
680 1381 689 1396 ‚
709 1361 835 1391 &idem
844 1361 905 1400 ipse
914 1361 1056 1391 sentirem
1069 1381 1078 1395 ‚
1100 1361 1180 1391 nihil

245 1404 429 1436 reficiebam.
462 1409 473 1424 ¹
484 1399 556 1435 Sero
573 1405 658 1433 enim
680 1412 820 1433 veneram
842 1413 847 1431 :
867 1402 947 1439 solus
966 1413 1045 1433 cram
1068 1413 1075 1432 :
1096 1403 1180 1433 rudis

219 1445 292 1486 (etfi
303 1447 444 1487 videbar)
463 1449 495 1476 in
506 1446 604 1476 causa:
631 1444 796 1474 incideram
807 1446 839 1475 in
851 1445 1016 1475 hominum
1026 1444 1177 1486 pugnandi

217 1487 398 1529 cupidorum
407 1489 546 1518 insanias.
570 1489 671 1520 Nunc,
684 1487 828 1527 quoniam
844 1487 922 1516 nihil
930 1488 994 1526 jam
1005 1487 1179 1517 videbimur

217 1530 358 1570 opitulari
377 1528 460 1570 posse
470 1531 541 1570 reip.
552 1527 573 1558 fi
583 1528 659 1569 quid
674 1528 716 1559 est
727 1548 737 1562 ‚
758 1530 790 1558 in
801 1538 862 1569 quo
873 1528 1094 1569 nobismetipsis
1102 1538 1177 1559 con-

215 1572 311 1603 sulere
333 1570 480 1612 poffirnus
493 1591 502 1604 ‚
523 1581 587 1601 non
612 1579 646 1600 ut
662 1570 777 1611 aliquid
802 1580 840 1600 ex
849 1570 977 1611 pristino
988 1569 1062 1601 statu
1073 1570 1176 1601 nostro

213 1614 408 1648 retineamus,
424 1614 473 1644 sed
485 1614 616 1654 utquam
627 1611 836 1643 honestissime
846 1614 1000 1653 lugeamus
1013 1623 1123 1643 :nemo
1132 1612 1174 1643 est

214 1657 359 1686 omnium
371 1675 380 1690 ,
400 1653 523 1697 quicum
535 1654 638 1695 potius
648 1656 726 1685 mihi
738 1675 747 1689 ,
762 1653 962 1695 quamtecum
976 1675 984 1689 ‚
998 1658 1175 1686 communi-

213 1697 345 1728 candum
363 1706 477 1738 putem.
501 1699 567 1728 Nec
579 1698 665 1727 enim
675 1695 1051 1728 clarissimorumvirorum
1066 1717 1075 1731 ‚
1094 1707 1173 1738 quo-

211 1748 282 1769 rum
294 1738 405 1770 fimiles
415 1737 473 1770 efl'e
481 1739 794 1779 debemus‚exempla:
808 1749 905 1780 neque
914 1738 1172 1773 doctissimorum,

212 1790 291 1821 quos
313 1781 429 1821 semper
444 1780 565 1812 coluisti
577 1801 586 1816 ‚
605 1785 619 1801 ²
629 1791 771 1822 praecepta
794 1790 822 1811 te
839 1783 970 1822 fugiunt.
994 1785 1093 1823 Atque
1111 1782 1173 1822 ipse

193 1834 195 1837 ¹
214 1822 301 1853 antea
310 1822 346 1852 ad
357 1831 384 1852 te
394 1821 566 1863 scripfiffem
579 1843 588 1857 ‚
608 1831 636 1854 te
644 1822 750 1854 frustra
759 1825 792 1852 in
802 1823 937 1859 senatum
950 1843 959 1856 ‚
980 1822 1040 1853 five
1050 1823 1152 1863 potius
1161 1843 1170 1858 ,

214 1865 249 1893 in
261 1873 448 1894 conventum
459 1865 630 1895 senatorum
640 1863 697 1895 effe
706 1873 882 1898 venturum,
894 1866 926 1894 ni
935 1867 1047 1895 veritus
1057 1863 1148 1895 efl'em
1157 1885 1168 1900 ,

212 1915 253 1936 ne
261 1906 326 1945 ejus
334 1907 472 1936 animum
485 1905 671 1937 offenderem
684 1925 692 1941 ‚
702 1909 756 1947 qui
765 1906 849 1939 ame,
865 1915 898 1936 ut
908 1915 935 1936 te
943 1908 1078 1948 imitarer
1095 1926 1104 1941 ‚
1115 1916 1169 1946 pe-

212 1946 302 1977 tebat.
323 1949 380 1978 Cui
393 1947 518 1988 quidem
528 1958 584 1989 ego
593 1967 602 1982 ‚
613 1957 664 1978 me
677 1947 748 1978 cum
757 1956 870 1988 rogaret
880 1967 888 1981 ,
901 1957 934 1977 ut
942 1946 1070 1978 adefl'em
1081 1950 1114 1978 in
1125 1949 1170 1978 se-

186 2020 190 2022 ,
211 1996 294 2023 natu,
309 1988 413 2019 cadem
424 1991 528 2019 omnia
537 2009 546 2023 ‚
558 1999 622 2030 quae
632 1989 648 2020 a
658 1998 685 2019 te
695 1989 731 2019 de
739 1999 809 2029 pace
822 2009 831 2022 ,
847 1989 879 2019 &
889 1989 926 2020 de
937 1990 1079 2030 Hispanis
1088 1989 1168 2022 dieb

188 2068 190 2070 v
211 2030 298 2064 sunt,
318 2029 436 2061 ostendi
453 2040 503 2061 me
511 2029 569 2061 effe
579 2031 744 2061 diERurum.
771 2033 784 2058 3
799 2032 860 2060 Res
870 2031 953 2062 vides
963 2042 1025 2072 quo
1034 2032 1130 2062 modo
1140 2032 1168 2062 se

209 2071 331 2102 habeat:
344 2072 448 2102 orbem
460 2081 615 2106 terrarum,
625 2074 762 2112 imperiis
771 2071 947 2107 distributis,
958 2074 1058 2103 ardere
1068 2074 1149 2104 bello
1163 2084 1168 2103 :

208 2112 318 2143 urbem
327 2112 386 2143 fine
398 2114 524 2155 legibus,
537 2113 597 2145 fine
607 2115 732 2155 judiciis
750 2135 759 2148 ,
771 2113 904 2154 sinejure
915 2135 924 2149 ‚
936 2114 996 2146 fine
1005 2114 1064 2146 fide
1076 2135 1085 2150 ,
1095 2116 1165 2145 reli-

206 2153 286 2185 Ctam
298 2155 460 2195 direptioni
472 2180 479 2191 ,
490 2155 523 2185 δε
533 2156 691 2186 incendiis.
717 2159 818 2195 Itaque
830 2158 907 2187 mihi
919 2159 1021 2188 venire
1035 2159 1067 2187 in
1077 2167 1167 2188 men-

208 2204 272 2226 tem
284 2197 361 2226 nihil
376 2195 482 2236 potest,
493 2207 556 2227 non
566 2196 662 2228 modo
675 2197 748 2238 quid
758 2198 870 2236 sperem
885 2197 949 2227 :sed
960 2200 1080 2237 vixjam
1091 2199 1164 2239 quid

205 2238 332 2268 audeam
349 2247 458 2278 optare.
481 2241 534 2269 Sin
552 2247 650 2269 autem
667 2240 722 2270 tibi
736 2259 746 2273 ‚
767 2239 889 2268 homini
908 2238 1140 2279 prudentissimo
1154 2260 1163 2274 ,

202 2279 321 2310 videtur
329 2281 404 2310 utile
416 2278 475 2310 esse
486 2300 495 2314 ‚
512 2291 567 2310 nos
577 2281 731 2322 colloqui:
748 2290 930 2321 quamquam
942 2281 1064 2323 longius
1075 2279 1165 2312 etiam

204 2321 369 2362 cogitabam
390 2321 427 2352 ab
443 2322 515 2352 urbe
526 2322 696 2357 discedere,
715 2324 800 2362 cujus
810 2323 872 2361 jam
883 2332 973 2352 etiam
984 2333 1099 2354 nomen
1117 2326 1165 2354 in-

202 2364 283 2393 vitus
301 2363 392 2394 audio
404 2374 410 2393 t
429 2372 532 2394 tamen
552 2365 677 2404 propius
687 2363 835 2394 accedam.-
863 2365 1066 2406 Trebatioque
1076 2375 1163 2396 man-

204 2403 272 2435 davi
284 2424 292 2438 ,
305 2400 379 2440 ut‚‘s1
387 2405 461 2446 quid
475 2415 506 2436 tu
517 2416 587 2437 eum
597 2407 689 2436 velles
699 2406 733 2436 ad
751 2416 800 2435 me
810 2406 940 2440 mittere,
953 2416 991 2436 ne
999 2407 1161 2438 recusaret:

201 2445 292 2486 idque
311 2455 343 2476 ut
360 2445 446 2477 facias
456 2467 465 2481 ‚
484 2448 596 2478 velim:
615 2457 664 2479 aut
676 2468 685 2482 ‚
694 2452 712 2475 4
721 2447 742 2478 si
760 2457 852 2488 quem
880 2457 1001 2478 tuorum
1022 2447 1160 2479 fidelium

200 2491 286 2519 voles
296 2507 305 2522 ,
325 2488 361 2519 ad
380 2498 430 2535 me
448 2490 549 2521 mittas
567 2500 620 2521 :ne
630 2499 679 2522 aut
689 2490 744 2521 tibi
756 2492 837 2521 exire
846 2499 884 2519 ex
901 2490 972 2520 urbe
982 2489 1098 2522 necess'e
1109 2490 1142 2521 fit
1151 2511 1160 2526 ‚

1229 618 1274 662 D

958 693 1930 763 SULPIC'IUM.

1231 809 1368 855 autmihi
1383 809 1530 842 accedere.
1554 814 1619 854 Ego
1629 820 1747 845 tantum
1759 815 1814 847 tibi
1825 817 1934 852 tribuo,
1951 829 2096 861 quantum
2109 823 2187 852 mihi

1228 849 1348 882 fortasse
1365 862 1469 894 arrogo
1491 864 1497 882 :
1524 863 1556 884 ut
1573 856 1763 895 exploratum
1788 859 1912 890 habeam
1930 881 1938 894 ‚
1965 863 2110 903 Quidquid
2131 874 2190 894 nos

1227 896 1389 924 communi
1412 894 1755 930 sententiastatuerimus
1974 893 1984 902 ⁴

1225 933 1354 966 baturos.
1379 937 1461 966 Vale.

1385 988 1525 1018 M.T.C.
1548 990 1651 1020 SER.
1674 993 1937 1028 SULP1C10‚
1961 997 2042 1025 SD,

1256 1027 1282 1102 q
1353 1029 1394 1059 D.
1414 1031 1488 1059 111.
1511 1030 1577 1059 Kal.
1601 1033 1697 1072 Majas
1716 1033 1786 1065 cum
1807 1034 1898 1067 ess'em
1913 1039 1944 1066 in
1955 1039 2092 1068 Cumano
2107 1057 2115 1071 ,
2139 1047 2187 1069 π’

1317 1091 1325 1100 .
1337 1072 1403 1111 cepi
1422 1079 1486 1101 tuas
1505 1072 1614 1103 litteras
1628 1075 1752 1115 :quibus
1763 1076 1848 1107 leeris
1863 1096 1871 1112 ,
1883 1081 2033 1120 cognovi,
2046 1089 2109 1109 non
2120 1081 2187 1110 satis

1221 1111 1384 1150 prudenter
1401 1110 1504 1143 fecifle
1521 1114 1724 1147 Philotimum
1739 1129 1743 1146 z
1766 1122 1818 1159 qui
1830 1139 1838 1153 ,
1857 1119 1929 1150 cum
1946 1121 1997 1150 abs
2016 1129 2044 1150 tc
2061 1122 2187 1151 manda-

1223 1161 1251 1183 ta
1266 1153 1387 1184 haberet
1397 1174 1405 1189 ‚
1424 1163 1458 1185 ut
1470 1155 1573 1185 scribis
1588 1176 1596 1189 ‚
1612 1157 1648 1187 de
1659 1159 1900 1191 omnibumbus
1912 1181 1920 1195 ‚
1941 1162 2003 1202 ipse
2012 1162 2047 1193 ad
2057 1173 2108 1192 me
2118 1173 2182 1193 non

1222 1194 1350 1226 venifl'et
1367 1216 1377 1230 ,
1400 1197 1511 1227 litteras
1531 1206 1594 1228 tuas
1613 1199 1735 1231 misisset
1752 1213 1757 1230 ;
1788 1213 1859 1243 quas
1875 1205 2015 1234 intellexi
2032 1204 2187 1236 breviores

1221 1235 1327 1287 fuisse,
1350 1237 1434 1279 quod
1455 1249 1526 1270 eum
1536 1241 1718 1280 perlaturum
1734 1243 1870 1283 putasses.
1893 1245 1948 1275 Sed
1961 1255 2079 1279 tamen,
2101 1246 2187 1287 post-

1220 1287 1312 1319 quam
1331 1279 1441 1311 litteras
1458 1289 1521 1311 tuas
1540 1283 1599 1323 legi
1618 1303 1627 1317 ‚
1652 1284 1807 1316 Postumia
1827 1296 1875 1317 tua
1896 1297 1946 1317 me
1962 1289 2124 1322 convenit,
2149 1289 2185 1319 δεῖ

1219 1323 1339 1351 Servius
1356 1321 1465 1353 noster.
1499 1325 1557 1353 His
1566 1325 1698 1364 placuit,
1717 1335 1790 1357 uttu
1810 1330 1842 1358 in
1853 1332 2024 1360 Cumanum
2043 1332 2182 1360 venires:

1220 1363 1326 1403 rquod
1339 1365 1429 1394 etiam
1440 1374 1561 1396 mecum
1576 1387 1585 1400 ‚
1607 1376 1640 1398 ut
1652 1368 1686 1399 ad
1698 1378 1725 1399 te
1739 1370 1897 1401 scriberem
1910 1391 1918 1404 ,
1929 1380 2062 1412 egerunt.
2085 1371 2179 1410 Quod

1219 1414 1325 1435 meum
1335 1405 1496 1437 confilium
1514 1411 1664 1449 exquiris:
1685 1411 1717 1441 id
1732 1411 1775 1442 est
1792 1413 1848 1442 tale
1864 1433 1874 1447 ,
1892 1418 2044 1452 utlcapere
2059 1412 2181 1443 facilius

1218 1446 1396 1487 ipsepossim
1409 1468 1418 1482 ‚
1442 1450 1534 1491 quam
1552 1452 1635 1481 alteri
1653 1451 1733 1482 dare.
1756 1453 1838 1494 Qd
1857 1457 1942 1485 enim
1952 1454 2013 1489 est,
2031 1455 2111 1496 quod
2125 1464 2178 1484 au-

1218 1489 1305 1519 deam
1322 1490 1441 1520 suadere
1460 1491 1516 1522 tibi
1531 1511 1539 1526 ‚
1558 1493 1678 1523 homini
1696 1495 1815 1527 summa
1832 1495 2006 1527 auetoritate
2020 1516 2030 1530 ,
2049 1496 2183 1526 summa«-

1217 1540 1274 1570 que
1284 1531 1440 1571 prudentia
1459 1537 1469 1562 ?
1497 1534 1527 1563 Si
1539 1535 1611 1574 quid
1622 1534 1817 1567 reEtiffimum
1829 1537 1882 1571 fit,
1900 1540 2065 1579 quaerimus
2087 1548 2092 1566 :
2111 1547 2180 1578 per—

1215 1573 1353 1612 spicuum
1372 1573 1423 1604 est.
1447 1573 1468 1604 fi
1484 1577 1557 1616 quid
1568 1578 1703 1608 maxime
1716 1579 1873 1619 expediat.
1894 1580 2066 1611 obscurum.
2089 1578 2133 1610 fin
2151 1580 2176 1609 ii

1215 1615 1338 1649 summ,
1359 1617 1411 1656 qui
1429 1616 1570 1656 profecto
1590 1617 1647 1648 effe
1666 1618 1811 1651 debemus
1830 1641 1838 1654 ‚
1860 1622 1981 1651 utnihil
1998 1621 2178 1652 arbitremur

1215 1656 1357 1696 expedire
1370 1678 1378 1691 ,
1395 1656 1451 1688 nisi
1459 1659 1540 1699 quod
1551 1658 1666 1690 regium
1678 1680 1686 1694 ‚
1703 1661 1926 1704 honestumque
1936 1662 1987 1694 fit:
2003 1673 2066 1694 non
2078 1662 2177 1703 potest

1216 1696 1274 1728 efl'e
1299 1699 1426 1730 dubium
1439 1720 1447 1733 ‚
1467 1700 1540 1742 quid
1550 1700 1721 1733 faciendum
1732 1704 1821 1735 nobis
1831 1704 1873 1736 sit.
1897 1704 1988 1746 Qod
1999 1704 2154 1736 existimas
2162 1724 2174 1739 ,

1214 1750 1313 1771 meam
1334 1742 1450 1772 causam
1470 1742 1666 1784 conjunCtam
1684 1744 1743 1776 effe
1762 1757 1833 1777 cum
1847 1756 1914 1778 tua:
1934 1747 2013 1778 certe
2022 1746 2129 1777 similis
2139 1749 2174 1779 in

1215 1792 1342 1824 utroque
1359 1783 1496 1815 nostrum
1515 1805 1524 1819 ,
1545 1784 1618 1816 cum
1638 1788 1754 1827 optime
1776 1789 1956 1820 sentiremus
1973 1808 1982 1824 ‚
2002 1799 2082 1820 error
2102 1788 2172 1819 fuit.

1212 1827 1294 1855 Nam
1317 1828 1423 1857 onmia
1443 1827 1597 1898 utriustipe
1617 1827 1741 1860 confina
1754 1830 1790 1861 ad
1809 1831 2003 1862 concordiam
2020 1830 2171 1872 Γρεὸὶεεινει

1210 1876 1298 1897 runt:
1317 1865 1400 1908 ⁶qua
1418 1867 1489 1898 cum
1508 1870 1541 1909 ip
1554 1879 1564 1899 1
1587 1871 1693 1901 Caesari
1713 1873 1791 1902 nihil
1811 1871 1881 1903 esset
1902 1873 2028 1906 utilius,
2043 1875 2171 1914 gratiam

1209 1918 1331 1949 quoque
1349 1919 1406 1939 nos
1426 1912 1504 1941 inire
1513 1911 1550 1941 ab
1559 1921 1616 1945 eo,
1635 1911 1823 1943 defendenda
1833 1923 1924 1953 pace,
1943 1914 2170 1945 arbitrabamur.

1209 1952 1366 1991 Qantum
1376 1960 1433 1981 nos
1441 1951 1583 1982 fefellerit
1600 1972 1609 1986 ,
1620 1953 1654 1983 δε
1665 1963 1758 1994 quem
1768 1957 1802 1985 in
1812 1956 1916 1986 locum
1929 1965 1974 1986 res
1984 1955 2112 1987 dedu&
2121 1955 2169 1990 fit,

1208 1993 1304 2022 vides.
1328 1994 1437 2033 Neque
1446 1993 1545 2023 solum
1558 2004 1591 2024 ea
1600 1994 1740 2035 perspicis
1754 2016 1763 2029 ‚
1783 2006 1850 2037 quae
1863 2006 2005 2039 geruntur
2016 2017 2026 2030 ,
2043 2006 2171 2039 quaeque

1204 2034 1268 2072 jam
1287 2033 1366 2074 gesta
1385 2035 1469 2065 sunt:
1488 2034 1538 2064 sed
1561 2038 1672 2070 etiam,
1693 2038 1746 2078 qui
1755 2038 1856 2068 cursus
1867 2048 1988 2073 rerum,
2007 2042 2060 2080 qui
2069 2041 2172 2070 exitus

1206 2073 1325 2105 futurus
1343 2074 1384 2106 fit.
1417 2079 1496 2117 Ergo
1513 2086 1562 2106 aut
1578 2077 1702 2117 probare
1721 2088 1838 2120 oportet
1855 2090 1888 2111 ea
1899 2101 1908 2115 ‚
1926 2091 1993 2123 quae
2013 2079 2170 2112 fiuntxiut

1205 2115 1341 2147 interesse
1350 2137 1358 2151 ,
1377 2119 1468 2148 etiam
1479 2117 1499 2148 fi
1509 2128 1571 2148 non
1581 2120 1690 2159 probes
1702 2131 1706 2149 :
1717 2130 1848 2161 quorum
1866 2123 1956 2154 altera
1965 2123 2043 2153 mihi
2053 2125 2164 2163 turpis:

1205 2159 1293 2189 altera
1310 2161 1402 2190 etiam
1412 2160 1579 2200 periculosa
1588 2162 1799 2193 ratiovidetur.
1823 2163 1942 2199 Restat,
1967 2164 2168 2195 utdisceden·

1205 2199 1278 2230 dum
1289 2209 1404 2240 putem.
1427 2204 1464 2231 In
1475 2211 1536 2242 quo
1546 2203 1659 2243 reliqua
1668 2204 1786 2235 videtur
1795 2203 1853 2235 effe
1864 2206 2040 2240 deliberatio
2051 2225 2060 2240 ,
2080 2205 2166 2247 qnod

1204 2241 1365 2272 consilium
1381 2244 1413 2272 in
1425 2241 1549 2274 discess‘u
1562 2264 1570 2277 ‚
1590 2254 1656 2285 quae
1667 2246 1732 2277 loca
1750 2246 1915 2287 sequamur.
1940 2247 2161 2278 Omninocum

1205 2283 1345 2314 miserior
1360 2293 1406 2314 res
1416 2294 1571 2325 nunquam
1582 2287 1689 2316 accidit
1699 2307 1708 2322 ‚
1727 2296 1792 2318 tum
1804 2299 1843 2319 ne
1852 2289 2164 2331 deliberatio-quidem

1203 2323 1368 2356 difficilior.
1392 2327 1482 2356 Nihil
1500 2328 1583 2356 enim
1603 2328 1747 2359 constitui
1758 2329 1874 2369 potest,
1894 2331 1976 2371 quod
1987 2341 2051 2361 non
2061 2333 2165 2361 incur-

1202 2375 1245 2396 rat
1264 2367 1298 2396 in
1315 2376 1454 2408 magnam
1472 2368 1603 2408 aliquam
1622 2369 1840 2402 difficultatem.
1864 2375 1934 2406 Tu,
1960 2371 1979 2402 sl
1992 2373 2161 2407 videbitur,

1203 2410 1241 2438 ita
1251 2409 1358 2439 censeo
1368 2409 1458 2439 facias
1469 2420 1475 2439 :
1488 2419 1520 2440 nt
1529 2415 1542 2438 7
1552 2409 1572 2440 fi
1583 2411 1742 2453 habesjam
1753 2412 1894 2444 statutum
1907 2434 1914 2447 ,
1926 2415 1998 2455 quid
2009 2415 2062 2444 tibi
2071 2424 2163 2455 agen-

1203 2449 1277 2480 dum
1295 2456 1400 2491 putes,
1421 2453 1454 2481 in
1473 2461 1535 2492 quo
1552 2463 1614 2483 non
1634 2453 1667 2484 fit
1685 2454 1884 2495 conjunctum
1895 2455 2052 2486 confilium
2067 2465 2158 2486 tuum

1202 2501 1274 2522 cum
1292 2503 1364 2523 meo
1377 2513 1388 2529 ,
1412 2493 1597 2534 supersedeas
1614 2497 1673 2526 hoc
1690 2496 1792 2528 labore
1801 2499 1928 2528 itineris.
1951 2496 1993 2528 fin
2005 2507 2104 2528 autem
2116 2496 2162 2571 eg:

2072 2549 2133 2580 qUO

1763 918 1773 935 ,
1795 901 1826 931 id
1837 905 1956 933 omneis
1967 904 2108 935 homines
2116 915 2188 947 pro-

198 2597 311 2650 1.SE²·0
319 2599 379 2623 enim
387 2606 515 2624 veneram.-
526 2597 592 2632 solm
601 2609 666 2625 eram
677 2601 757 2626 :rudis
771 2600 926 2634 ‘effi-videbar
949 2605 973 2625 in
984 2601 1055 2634 causa
1065 2603 1093 2637 :]
1113 2602 1158 2628 sic
1180 2601 1250 2630 *mm
1263 2611 1373 2630 annotat
1393 2602 1446 2639 legi
1460 2613 1466 2633 3
1491 2611 1587 2629 ramum
1598 2604 1657 2630 mihi
1667 2605 1764 2637 fhrtaffe
1773 2615 1851 2638 arrogo
1863 2624 1869 2633 .
1891 2606 1960 2641 qnod
1983 2603 2156 2632 reffiffimum

267 2632 350 2668 scripsi
360 2634 422 2668 quia
439 2633 465 2660 in
478 2635 594 2670 quinque
606 2636 672 2661 Pali.
692 2638 732 2669 etsi
742 2645 791 2662 non
803 2637 856 2670 effe·
879 2635 1077 2663 distiiiffionein
1090 2638 1153 2664 vcro
1178 2651 1179 2657 ¹

194 2669 300 2728 praeivit
313 2668 369 2694 i’al.
381 2677 444 2695 tert.
455 2669 523 2696 haud
532 2670 602 2697 secus
613 2672 696 2707 prima
706 2671 800 2698 editio.
821 2671 946 2707 vulgatur
961 2693 964 2695 .
979 2673 1044 2698 rudis
1054 2674 1095 2707 effi
1110 2677 1154 2700 vi-
1176 2663 1179 2689 ¹

211 2706 277 2731 char.
297 2704 390 2731 Paulli>
402 2705 456 2741 post
469 2715 501 2732 ex
513 2714 627 2741 quatuor
637 2707 705 2733 Pan.
716 2708 798 2733 Grut.
817 2708 950 2733 Stewech.
962 2707 1044 2733 Peck.
1063 2717 1156 2736 emen·
1174 2691 1178 2750 Ι

194 2738 256 2766 davi
267 2751 273 2767 :
294 2741 428 2766 videbimur
438 2744 613 2775 opitulafipoffb
627 2762 634 2774 ,
646 2752 675 2768 cu
681 2752 704 2769 m
716 2743 816 2769 editum
832 2742 861 2768 lit
873 2762 880 2775 ‚
891 2744 1002 2768 videmur
1010 2746 1069 2778 poſjb
1077 2749 1155 2778 opitu-
1174 2752 1175 2764 ¹

195 2775 254 2802 hrt'.
272 2777 392 2812 Denique
401 2787 464 2803 nemo
472 2780 507 2803 cf?
514 2779 629 2803 hommum
639 2779 732 2814 legunt
746 2779 812 2804 Pali.
823 2779 873 2805 sce.
883 2788 912 2805 :ic
922 2779 1008 2813 quint.
1173 2765 1176 2816 Ι

232 2819 261 2837 ².
279 2815 397 2845 Praecepta
405 2820 426 2838 tc
439 2814 562 2848 fugiunt]
584 2814 712 2850 Qinque
725 2815 792 2841 Pall.
812 2824 841 2840 ac
851 2816 931 2841 Grut.
940 2822 1053 2847 praecepta
1061 2815 1155 2849 fugiunt
1173 2840 1174 2846 ,

1193 2640 1367 2679 pronuntiat:
1390 2641 1454 2666 mihi
1466 2639 1577 2666 sollicite
1589 2639 1622 2666 de
1640 2640 1690 2667 illo
1706 2641 1901 2677 anquirendum
1923 2651 1974 2668 non
1985 2642 2102 2669 occurrit
2114 2643 2156 2668 vel

1194 2685 1250 2710 ejus
1262 2676 1299 2702 rei
1313 2676 1450 2710 vestigium
1461 2683 1506 2701 ant
1516 2675 1599 2701 causti.

1231 2720 1256 2744 5.
1279 2712 1351 2743 gQioA
1359 2714 1430 2737 crisim
1439 2721 1526 2737 mecum
1538 2731 1545 2743 ‚
1555 2720 1582 2736 m
1592 2711 1627 2736 ad
1633 2712 1786 2745 rescriberem
1798 2731 1805 2744 ‚
1824 2714 1941 2748 eger-unu]
1964 2712 2050 2740 Reti&
2063 2713 2096 2740 sic
2105 2714 2155 2741 Vi-

1193 2746 1272 2773 &orii
1284 2747 1367 2773 editio
1379 2748 1404 2773 ἃ
1418 2747 1484 2773 Pali.
1496 2755 1536 2782 pr.
1558 2747 1695 2783 fueratque
1708 2747 1740 2774 fic
1750 2758 1855 2784 quoque
1866 2759 1891 2775 in
1904 2758 1999 2785 quarto
2012 2770 2019 2781 ,
2031 2758 2060 2776 nt
2071 2760 2104 2777 ex
2116 2751 2152 2777 li·-

1191 2783 1254 2809 tui-:⁴1
1265 2783 1380 2810 constat:
1403 2792 1451 2809 nec
1461 2783 1538 2809 aliter
1549 2784 1630 2810 Grut.
1642 2784 1726 2810 Pcck.
1737 2785 1822 2810 Vatic.
1834 2794 1927 2822 nempe
1937 2787 1997 2820 quod
2005 2795 2092 2812 mecum
2101 2795 2153 2820 ege-

1191 2826 1259 2849 runt,
1271 2826 1356 2851 notat,
1366 2819 1467 2854 quodme
1475 2826 1586 2845 orarunt.
1607 2826 1636 2846 ut
1646 2821 1757 2847 Terent.
1777 2821 1892 2858 Adelph.
1904 2822 1962 2857 quid
1972 2841 1980 2854 ‚
1999 2823 2060 2858 quod
2075 2830 2152 2849 tecum

192 2846 289 2873 omiss'o
298 2855 329 2874 re.
348 2848 419 2883 quod
438 2859 489 2876 non
500 2852 671 2876 temerarium
690 2851 737 2878 est.
755 2858 785 2877 ut
797 2850 838 2876 hie
848 2854 934 2884 magere
942 2850 1005 2877 css'ct
1022 2852 1154 2879 evanuisse
1172 2855 1174 2859 ⁴
1189 2857 1306 2889 egi,sjsre.

199 2883 379 2916 atque-inutile
397 2885 472 2912 ess'ez‘r
493 2886 554 2912 vino
574 2885 693 2921 fugiente
713 2894 792 2922 atque
808 2895 931 2913 mortno:
954 2887 1025 2922 qqu
1046 2896 1152 2914 omnem
1172 2883 1173 2920 l

1225 2890 1253 2916 6.
1271 2892 1328 2923 ἔξω
1337 2891 1773 2927 cumilfiCaefirrin.71{·i.'effbtreti.‘ites.]
1795 2893 1861 2920 Pall.
1884 2894 2000 2930 quinque
2011 2903 2151 2929 quanquam

199 2915 270 2944 suam
281 2918 441 2948 virtutem&
453 2923 625 2949 acrimoniam
635 2922 796 2959 exspiravit.
818 2923 868 2949 Sed
879 2922 944 2949 nihil
956 2931 1064 2959 propter
1075 2923 1151 2950 nasu·
1172 2925 1173 2942 ³
1187 2927 1332 2960 isfiqurri.
1352 2928 1434 2953 Grut.
1449 2928 1464 2953 ii
1483 2936 1560 2953 manu
1573 2926 1684 2954 secunda
1701 2936 1828 2964 tanquam.
1849 2931 1918 2957 unde
1939 2931 2044 2967 vulgata
2065 2930 2149 2957 lettre

201 2959 282 2979 tiores
292 2961 389 2981 mutem
396 2976 402 2982 .

235 2996 261 3024 3.
279 2991 324 3015 Res
333 2991 428 3023 videas,
437 2994 569 3027 quomodofi·
576 2995 690 3029 habeat]
710 2995 752 3021 Ita
761 2994 896 3021 ViStorins
909 3003 917 3025 3
929 2994 984 3020 Pali
992 3015 997 3020 .
1008 2995 1087 3030 prim,
1098 2987 1148 3021 sec.

1190 2969 1251 3031 ΜΞ
1263 2965 1428 3031 {iiiaffileqipjlffm
1435 2998 1582 3039 stanuum]
1595 2999 1660 3026 Non
1671 2999 1764 3028 absone
1775 3000 1829 3028 duo
1840 3001 1906 3029 Pan.
1919 3002 2042 3039 postremi
2055 3004 2147 3036 :stha-

197 3032 286 3058 qnart.
297 3026 383 3060 quint.
401 3027 463 3055 licet
472 3039 523 3056 non
533 3029 656 3057 damnem
676 3031 811 3066 vulgatam
825 3042 831 3058 ;
853 3035 907 3057 Rem
917 3031 985 3056 vides
1004 3032 1108 3065 ‹pmmodo
1120 3032 1149 3065 st
1167 3028 1170 3057 Ῐ
1187 3033 1225 3057 bes
1237 3035 1400 3066 jamsaHum.
1419 3033 1451 3059 dc
1463 3043 1516 3068 quo
1526 3042 1656 3069 cogitant,
1667 3036 1710 3071 qni
1723 3046 1783 3064 vere
1795 3037 1908 3074 sapiunt.
1920 3040 2001 3065 Mart.
2012 3041 2145 3072 Κωμία

195 3060 290 3085 babeat.
313 3059 380 3087 unde
391 3068 454 3090 tert.
473 3068 517 3091 Res
525 3067 610 3091 videas
619 3067 753 3101 quomodosi·
761 3069 875 3093 habeant.

228 3103 257 3128 4.
276 3099 474 3130 Siquemtuorum
484 3101 590 3134 fidelium
598 3102 688 3136 wli-L]
710 3102 860 3129 Delenduin
880 3102 987 3128 videtur
997 3102 1146 3129 Gulielmio
1164 3103 1167 3135 ζ
1184 3106 1298 3136 consilum
1316 3111 1381 3130 tuum
1401 3114 1450 3130 tum
1469 3115 1514 3132 meo
1531 3117 1540 3137 ς

1166 3088 1167 3096 ,
1184 3070 1310 3100 Pompilius
1319 3071 1398 3095 habu.
1419 3069 1506 3105 paullo
1517 3071 1570 3105 post
1581 3080 1613 3097 ex
1625 3072 1747 3100 omnibus
1760 3073 1817 3100 mff.
1836 3075 1861 3100 δε
1874 3074 2036 3101 editionibus
2050 3074 2122 3101 edidi
2135 3085 2141 3100 t

1567 3115 1627 3133 cuin
1650 3108 1730 3143 vulgo
1749 3111 1892 3137 invertunt.
1926 3111 2046 3146 Denique
2068 3118 2147 3137 nota-

194 3130 226 3157 τὸ
238 3132 346 3165 fidelium
356 3150 364 3163 ,
383 3133 452 3168 qnod
463 3135 551 3162 nullus
564 3137 712 3164 nostrorum
732 3138 869 3165 destituit:
890 3139 937 3166 soli
947 3138 1002 3165 dno
1020 3139 1143 3174 postremi
1163 3161 1165 3169 ,,
1184 3147 1241 3166 tuin
1252 3140 1288 3167 cst
1297 3141 1454 3176 particulam
1474 3143 1514 3167 hoc
1523 3141 1607 3169 deesse
1619 3143 1644 3169 in
1655 3144 1746 3180 aliquo
1759 3154 1811 3172 vet.
1825 3145 1896 3172 libro
1907 3147 1932 3172 in
1944 3147 2148 3180 illosupczsedm

194 3167 261 3192 l’ill.
274 3166 560 3204 tranfinutantfidelium
568 3179 670 3200 morum.
690 3174 752 3200 mihi
764 3174 836 3201 secus
849 3174 953 3202 videtur
969 3194 977 3206 ,
998 3185 1049 3201 non
1070 3176 1140 3201 enim
1162 3172 1164 3188 ''

190 3211 282 3231 omnes
299 3223 307 3237 ,
321 3213 386 3239 quos
397 3212 519 3241 putamus
528 3207 630 3236 nostros
641 3208 750 3243 ,fideles
759 3210 828 3239 sunt.
849 3211 941 3248 paullo
951 3211 1020 3248 post,
1030 3211 1100 3239 idem
1112 3212 1140 3239 in
1158 3192 1163 3243 i

1180 3177 1319 3202 hoemborc.-
1340 3176 1460 3211 legitima
1480 3185 1566 3204 tamen
1587 3179 1613 3206 in
1634 3179 1708 3207 libris
1728 3181 1823 3210 nostris
1841 3182 1982 3211 erunibus:
2007 3182 2053 3209 nili
2072 3180 2145 3217 quod

1179 3219 1244 3240 tert.
1256 3211 1470 3248 Pal.superfideas
1481 3220 1507 3241 tu
1516 3215 1594 3242 labore
1606 3217 1635 3241 it.

1591 3252 1690 3289 l'ppp
2054 3251 2150 3281 Lade·

2206 1014 2228 1038 2,
