2379 3400
170 969 213 1000 55

184 2161 229 2200 56

625 117 692 164 BA.
770 109 819 158 'T
857 124 890 155 u
925 119 954 152 L
989 120 1018 151 n
1057 119 1127 149 11

429 201 571 234 minaris.
590 195 712 226 oculum
727 190 879 232 alligatum
900 183 1036 216 vidisset,
1057 178 1164 223 quaefi-

219 253 290 286 vlle
303 273 309 284 ,
321 249 391 289 quid
402 244 472 275 ell'et
484 254 488 271 :
498 250 568 271 cuin
581 246 679 268 autern
691 234 741 264 ille
753 226 944 274 respondisset
956 247 964 259 ,
978 229 1008 272 in
1020 233 1088 265 agro
1096 232 1162 252 am—

219 281 331 327 bulanti
344 286 490 320 riinulum
503 279 663 311 adduCturn
675 296 684 308 ,
704 284 735 304 ut
746 270 880 303 remillus
892 267 981 314 esset,
1002 276 1032 295 in
1044 265 1168 295 oculum

222 330 367 367 1ccidisl'e:
385 336 448 358 turn
459 328 589 355 Socrates
598 340 606 354 ‚
621 321 693 348 Non
705 317 787 345 enirn
797 309 917 353 paruisti
929 311 1005 339 milri
1017 314 1169 338 revocanti,

221 378 290 406 cum
306 379 398 402 uterer
409 389 416 401 ,
436 375 493 406 qua
512 363 593 394 soleo
604 381 611 394 ‚
635 358 837 399 praesagitione
848 353 959 382 divina.
984 349 1069 395 {dem
1081 349 1169 377 etiam

223 421 353 447 Socrates
364 431 372 444 ,
381 410 452 440 curn
463 405 539 446 apud
548 403 672 433 Delium
685 399 761 429 male
773 403 934 435 pugnatum
946 391 1016 421 essct
1026 410 1033 423 ‚
1045 391 1171 420 Lachete

386 451 556 489 fugeretque
575 453 644 474 curn
664 441 726 480 ipso
738 440 880 469 Lachete:
902 444 933 464 ut
949 442 1073 463 ventum
1086 430 1128 460 est
1141 433 1171 459 in

225 505 348 528 nuvium
361 514 368 527 ,
379 491 479 522 eadem
492 509 499 522 ‚
512 488 567 528 quii
577 486 664 516 cereri
677 482 776 521 sugere
786 479 895 508 noluit.
918 475 1028 517 quibus
1038 481 1173 516 quaeren-

226 540 305 570 tibus
315 557 322 570 ,
346 545 396 564 cur
407 542 467 563 non
479 532 580 560 eadem
594 528 640 555 via
651 531 791 565 pergeret,
802 520 942 550 deterreri
955 516 1006 547 seii
1019 516 1076 545 deo
1087 515 1173 544 dixit.

225 590 289 611 tuin
305 577 425 618 quidem
442 576 473 606 ii,
485 582 535 612 qui
546 571 600 600 alia
610 577 657 597 via
674 565 853 605 fugei·ant,in
867 559 1173 598 hostiurnequitatum

226 621 405 652 inciderunt.
432 620 438 635 ¹
462 612 609 644 Permulta
627 608 753 638 collecta
772 606 840 635 sunt
857 603 893 633 ab
913 604 1068 640 Antipatro
1081 618 1089 630 ,
1109 607 1173 638 quae

228 662 404 693 mirabiliter
422 661 436 686 ἐι
454 659 567 685 Socrate
585 652 718 682 divinata
738 648 805 678 sunt
822 657 827 674 ;
853 653 919 685 quae
942 643 1175 682 praetermittam.

226 705 281 735 tibi
293 712 374 734 enim
387 708 455 729 notu
466 698 545 727 sunt:
558 695 635 724 mi'ni
647 692 680 721 ad
691 685 996 721 commemorandum
1006 693 1068 713 non
1077 679 1178 711 neces-

227 747 306 777 saria.
330 742 406 773 Illud
427 747 527 769 tamen
545 738 608 775 ejus
624 732 797 774 philosophi
813 726 1027 768 magnificum,
1046 734 1078 754 ac
1092 722 1176 767 paene

228 789 367 818 divinum
380 803 388 816 ,
409 780 489 821 quod
503 799 511 813 ,
534 787 604 808 cum
625 776 729 814 impiis
748 772 900 802 sententiis
918 769 1076 799 damnatus
1097 763 1177 796 estet,

227 832 428 866 AEQissmzo
452 830 564 850 ANIMO
587 819 613 848 se
636 818 715 847 dixit
737 815 828 843 mori.
861 820 958 851 neque
980 811 1065 839 enim
1084 807 1180 837 domo

228 869 408 910 egredienti,
420 873 516 903 neque
527 861 604 891 illud
619 855 782 899 suggestum
796 875 804 889 ‚
815 856 847 884 in
859 863 920 893 quo
930 851 1043 881 causam
1055 850 1180 879 dixerat,

229 908 417 942 adscendenti
431 926 439 940 ,
461 904 576 946 signum
587 900 638 931 sibi
651 900 747 929 iillum
760 917 767 931 ,
789 896 870 936 quod
881 891 1044 924 consuess'et
1057 911 1065 924 ‚
1084 891 1099 920 a
1109 889 1178 920 deo,

230 950 305 993 quasi
317 950 387 980 mali
399 948 524 985 alicujus
536 942 740 984 impendentis
751 959 759 972 ‚
771 939 883 968 datum.
929 934 1077 975 Equidem
1091 930 1127 961 fic
1137 940 1182 960 ar—

403 1000 450 1020 arn
462 987 481 1018 fi
492 987 585 1017 multa
594 984 699 1014 fallant
709 991 760 1011 eos
770 1001 780 1014 ‚
800 981 853 1020 qui
863 985 912 1008 aut
921 987 978 1019 arte
989 995 996 1009 ,
1019 984 1068 1005 aut
1078 973 1183 1013 conje-

228 1036 311 1066 &ura
320 1034 456 1064 divinare
468 1029 623 1060 videantur
633 1045 641 1058 ‚
655 1022 710 1054 ess‘e
722 1031 822 1053 tamen
831 1020 1052 1051 divinationem
1064 1026 1069 1044 :
1081 1016 1184 1045 homi-

229 1087 281 1108 nes
291 1085 389 1106 autem
401 1095 408 1107 ‚
421 1082 453 1102 ut
463 1073 494 1101 in
503 1071 606 1100 ceteris
618 1067 729 1097 artibus
740 1085 749 1098 ‚
762 1063 799 1093 sic
809 1073 840 1092 in
853 1058 1061 1100 hacpoffifalli.
1085 1053 1184 1087 Potest

228 1117 360 1150 accidere
371 1136 379 1150 ,
402 1111 568 1154 utaliquod
583 1108 698 1150 signum
713 1106 804 1136 dubie
816 1104 918 1134 datum
930 1112 983 1142 pro
997 1109 1077 1130 certo
1092 1096 1125 1128 sit
1138 1107 1185 1141 ac-

228 1168 364 1200 ceptum:
382 1154 478 1197 potest
489 1152 612 1193 aliquod
627 1147 740 1180 latuisse
752 1156 800 1177 aut
814 1146 910 1186 ipsum
929 1165 937 1176 ,
957 1152 1007 1172 aut
1019 1140 1101 1181 quod
1114 1137 1186 1168 esset

230 1202 276 1232 illi
286 1201 479 1231 contrarium.
503 1196 581 1225 mihi
591 1201 689 1223 autern
700 1190 734 1220 ad
745 1191 802 1219 hoc
811 1207 820 1221 ‚
839 1187 875 1217 de
886 1195 946 1226 quo
956 1184 1075 1222 disputo
1088 1202 1096 1214 ,
1116 1189 1186 1228 pso?

231 1243 364 1274 bandum
379 1240 445 1270 satis
458 1237 500 1268 est
513 1257 521 1270 ,
544 1245 607 1266 non
620 1232 714 1263 modo
724 1232 806 1272 plura
818 1248 826 1262 ‚
848 1228 894 1259 sed
906 1228 1042 1267 pauciora
1053 1244 1060 1257 ,
1080 1223 1186 1252 divine

230 1283 373 1325 praesensa
383 1302 391 1315 ,
415 1282 448 1311 &
457 1277 595 1320 praedi&a
604 1275 732 1316 reperiri.
756 1273 838 1313 Qi'in
850 1272 937 1299 etiarn
955 1269 1011 1297 hoc
1024 1275 1088 1296 non
1097 1264 1188 1293 dubi·

233 1335 298 1357 tans
311 1325 442 1355 dixerim
457 1333 463 1350 z
481 1319 501 1350 fi
513 1328 608 1350 unum
619 1315 732 1356 aliquid
744 1317 783 1344 ita
797 1312 830 1342 sit
846 1309 1021 1352 praediclutn
1033 1328 1041 1341 ‚
1061 1305 1189 1346 praesen-

234 1369 359 1407 sumque
372 1385 380 1399 ‚
399 1362 512 1394 utcum
523 1362 674 1392 evenerit,
694 1360 734 1387 itai
744 1356 825 1386 cadat
836 1362 867 1383 ut
877 1349 1054 1392 praediistum
1067 1347 1118 1381 sit,
1130 1356 1187 1376 ne—

233 1419 292 1450 que
304 1411 335 1438 in
345 1417 381 1437 eo
391 1406 555 1448 quidquam
572 1402 637 1442 casu
647 1422 656 1435 ‚
674 1394 841 1438 &fortuitb
853 1393 966 1425 fastum
977 1389 1036 1422 ess'e
1045 1396 1188 1431 appareat,

235 1449 292 1481 esse
307 1449 385 1480 certe
405 1446 610 1477 divinationem
624 1463 633 1476 ,
650 1441 739 1481 idque
749 1437 807 1470 ess'e
817 1437 962 1467 omnibus
971 1431 1190 1464 confitendum.

235 1493 384 1534 roirca
397 1489 533 1528 primum
544 1487 623 1516 mihi
632 1483 751 1514 videtur
760 1500 769 1515 ‚
788 1488 820 1509 ut
830 1477 1006 1509 Posidonius
1018 1472 1111 1504 facita
1122 1472 1191 1519 deo,

235 1534 274 1564 de
286 1542 348 1573 quo
362 1533 427 1561 satis
439 1528 555 1559 dietum
569 1525 611 1556 est
621 1545 629 1559 ,
641 1523 750 1556 deinde
763 1523 779 1552 a
788 1521 860 1554 fato,
873 1518 982 1550 deinde
992 1517 1009 1547 a
1021 1524 1134 1548 natura,
1146 1522 1192 1543 Vis

237 1576 342 1605 omnis
353 1570 659 1607 divinandi,ratioque
670 1563 839 1605 repetenda.
850 1563 926 1591 Fieri
936 1560 1026 1599 igitur
1036 1558 1140 1587 omnia
1149 1555 1192 1585 fa-

238 1624 272 1646 to
281 1635 289 1649 ,
306 1615 379 1645 ratio
390 1613 468 1653 cogit
477 1609 569 1640 fateri.
590 1611 694 1637 Fatum
703 1603 844 1636 autemid
856 1601 972 1642 appello
982 1598 1083 1639 ,quod
1096 1596 1192 1627 Graeci

240 1659 386 1690 ἆμκρμένκν,
401 1656 431 1683 id
443 1651 494 1685 est,
508 1651 660 1682 ordinem,
671 1648 836 1686 seriemque
849 1643 1097 1674 causarum,.cum
1112 1637 1195 1669 causa

240 1698 334 1728 causae
352 1704 428 1725 nexa
446 1703 512 1724 rem
532 1702 569 1722 ex
591 1691 618 1721 se
630 1692 738 1732 gignat.
761 1697 794 1717 ea
812 1685 854 1716 est
871 1694 908 1714 ex
926 1683 1014 1713 omni
1032 1681 1195 1711 aeternitate

230 133 352 192 1164

219 216 317 246 tonis,
338 209 380 239 sui
398 204 424 235 fa

225 467 281 498 psl
287 465 345 485 [Ol'c
357 473 365 486 ι

229 995 321 1025 bitror
332 1012 340 1026 ‚
360 1000 400 1021 eti

242 1739 341 1769 fluens
350 1737 456 1765 veritas
464 1735 632 1776 sempiterna
651 1729 742 1771 Qiod
753 1727 824 1758 curn
834 1730 874 1757 ita
883 1724 925 1759 sit,
931 1724 1007 1755 nihil
1019 1722 1060 1753 est
1069 1721 1181 1752 't'aEtum
1190 1740 1198 1754 ‚

241 1780 322 1822 quod
335 1787 398 1809 non
410 1776 544 1807 futurum
556 1768 898 1810 fuerit‚eodemq·,modo
906 1766 984 1797 nihil
994 1764 1036 1795 est
1045 1763 1193 1796 futurum,

240 1822 327 1861 cujus
339 1829 403 1850 non
413 1818 508 1849 causas
517 1816 647 1855 idipsum
659 1812 834 1843 efficienteis
844 1830 854 1842 ,
865 1818 965 1838 natura
973 1807 1134 1836 contineat.
1147 1806 1194 1833 Ex

241 1861 499 1904 quointelligitur‚
511 1866 544 1888 ut
555 1857 650 1887 fatum
664 1854 696 1883 fit
705 1862 769 1883 non
781 1852 821 1884 id,
832 1850 913 1890 quod
924 1845 1135 1887 superstitiose,
1147 1845 1196 1875 sed

240 1906 271 1935 id
282 1902 364 1945 quod
376 1899 490 1942 physice
501 1900 609 1929 dicitur
620 1917 628 1930 ‚
641 1895 725 1935 causa
732 1901 830 1923 aterna
839 1901 931 1920 rerum
941 1910 950 1923 ,
959 1898 1011 1919 cur
1021 1888 1054 1917 δε
1064 1897 1095 1917 ea
1107 1906 1116 1920 ‚
1124 1896 1194 1927 ,quae

239 1947 445 1987 praeterierunt
455 1963 464 1975 ,
479 1940 553 1971 faeta
562 1938 618 1969 fint
631 1958 649 1972 ‚.
661 1938 692 1967 &
704 1956 712 1970 ,
731 1945 796 1977 quae
808 1932 919 1964 instant
928 1951 937 1965 ‚
958 1928 1047 1963 fiant,
1057 1929 1092 1959 &
1104 1948 1112 1962 ‚
1127 1938 1193 1969 quae

239 1989 404 2028 sequuntur
415 2005 423 2019 ‚
445 1984 542 2014 futura
559 1980 623 2011 fint.
648 1982 687 2009 ita
706 1978 737 2008 fii
749 1997 765 2011 ,.
777 1985 810 2006 ut
822 1975 855 2006 δε
872 1974 1080 2004 observatione
1097 1972 1193 2000 notari

240 2027 342 2070 pollit,
362 2037 427 2068 quae
440 2035 486 2056 res
499 2031 648 2066 quamque
660 2020 777 2051 causam
791 2018 969 2058 plerumque
986 2013 1193 2053 consequatur,

241 2074 332 2101 etiam
344 2068 364 2099 si
375 2079 436 2099 non
448 2067 570 2106 semper.
593 2073 664 2094 nam
675 2062 704 2092 id
715 2060 838 2102 quidem
849 2057 994 2089 affirmare
1003 2053 1128 2085 difficile
1139 2053 1192 2084 est.

243 2112 427 2151 Easdemque
440 2109 537 2140 causas
553 2105 714 2137 verifirnile
728 2102 770 2133 est
781 2111 880 2132 rerum
891 2098 1056 2129 futurarum
1067 2097 1149 2127 cerni
1158 2096 1194 2126 ab

245 2156 282 2184 iis
293 2174 301 2188 ,
314 2155 364 2194 qui
375 2161 423 2183 aut
435 2150 611 2192 perfurorem
621 2157 667 2177 eas
677 2166 685 2180 ,
699 2155 749 2175 aut
759 2146 786 2173 in
796 2143 890 2185 quiete
899 2140 1032 2171 videant.
1055 2141 1194 2170 Praeterea

243 2195 314 2227 cum
324 2195 386 2225 fato
396 2195 500 2223 omnia
509 2189 630 2228 fiant(id
641 2187 722 2229 quod
732 2187 791 2217 alio
800 2190 868 2215 loco
877 2179 1118 2220 ostendetur‚)2fi
1128 2181 1195 2220 quis

244 2237 380 2269 mortalis
392 2233 478 2275 poffit
492 2231 548 2263 effe
560 2253 568 2265 ,
587 2233 640 2272 qui
653 2229 877 2269 colligationem
888 2225 1040 2256 causarum
1051 2230 1194 2252 omnium

243 2279 398 2320 perspiciat
415 2278 538 2308 animo,
559 2273 637 2304 nihil
650 2281 720 2301 euin
734 2267 871 2310 protheto
883 2266 973 2298 fallat.
995 2267 1047 2305 qui
1058 2265 1142 2294 enim
1154 2273 1196 2293 te-

245 2329 314 2352 neat
331 2319 426 2359 causas
445 2327 541 2348 rerum
560 2315 726 2346 futurarum
739 2332 747 2346 ‚
768 2311 850 2341 idem
860 2306 974 2340 necess'e
984 2307 1025 2337 est
1035 2307 1140 2337 omnia
1153 2314 1195 2336 te-

244 2372 332 2395 neat,
349 2371 414 2402 quae
426 2359 523 2389 futura
537 2356 599 2387 sint.
624 2354 714 2396 Quod
724 2363 794 2384 cum
805 2361 899 2384 nemo
912 2350 1006 2380 facere
1019 2368 1027 2382 ‚
1050 2346 1104 2378 nisi
1114 2347 1197 2381 deus,

246 2403 331 2444 possit
343 2423 351 2437 ‚
370 2400 602 2442 relinquendum
622 2397 665 2428 cst
686 2397 806 2427 homini
816 2414 825 2428 ,
849 2403 882 2424 ut
902 2391 988 2433 signis
1006 2390 1196 2431 quibusdam,

245 2445 454 2486 consequentia
468 2439 684 2473 declarantibus
695 2459 704 2473 ‚
723 2437 821 2468 futura
835 2435 1013 2476 praesentiat.
1038 2442 1102 2463 non
1112 2433 1198 2461 enim

248 2488 302 2517 illa
311 2496 375 2527 quae
385 2486 482 2516 futura
497 2485 563 2514 sunt
573 2503 581 2517 2
592 2483 691 2513 subito
702 2479 844 2510 exsistunt
853 2497 861 2512 ,
875 2477 923 2508 sed
934 2474 976 2506 est
988 2496 996 2509 ,
1015 2472 1094 2516 quasi
1101 2473 1201 2503 ruden-

247 2530 280 2558 tis
300 2528 448 2568 explicatio
460 2547 468 2560 ,
490 2524 527 2556 sic
539 2523 683 2555 traduCrio
694 2523 838 2562 temporis
847 2520 924 2550 nihil
944 2519 1017 2548 novi
1029 2514 1200 2549 efficientis,

247 2570 282 2600 &
293 2579 426 2610 primum
437 2568 568 2609 quidque
578 2566 757 2606 replicantis.
780 2561 871 2604 Qod
882 2561 947 2591 &ii
957 2560 1060 2591 vident
1071 2579 1078 2593 ‚
1091 2557 1201 2599 quibus

250 2611 391 2641 naturalis
400 2611 547 2640 divinatio
557 2609 621 2639 data
629 2606 688 2637 est:
709 2606 741 2636 &
754 2607 774 2635 ii
784 2624 793 2638 2
805 2603 914 2645 quibus
923 2602 1024 2632 cursus
1036 2610 1134 2631 rerum
1144 2599 1200 2629 ob·

249 2652 393 2683 servando
405 2660 521 2681 notatus
534 2650 585 2680 est.
607 2646 718 2689 quietsi
727 2648 825 2678 causas
836 2646 910 2685 ipsas
924 2653 986 2673 non
995 2651 1125 2673 cei-nunt
1136 2661 1145 2676 ,
1162 2640 1201 2670 si-

251 2703 308 2733 gna
316 2702 414 2723 tamen
424 2693 574 2722 causarum
585 2710 595 2724 ‚
611 2694 643 2721 ὅς
655 2699 739 2720 notas
749 2697 875 2719 cernunt
887 2697 893 2716 τ
913 2686 950 2717 ad
959 2695 1029 2726 quas
1042 2705 1050 2717 ‚
1069 2683 1202 2714 adhibita

255 2743 387 2763 memoria
399 2754 408 2767 ,
425 2733 633 2774 &diiigenrim
653 2741 691 2761 cx
706 2731 916 2760 monumentis
934 2728 1120 2767 superiorum
1135 2723 1201 2755 effi-

252 2776 327 2805 citur
337 2785 369 2804 ea
378 2775 521 2805 divinatio
531 2795 540 2815 ρ
550 2785 616 2816 quae
626 2771 782 2805 artificiosa
789 2772 900 2802 dicitur
909 2790 917 2804 ,
927 2779 965 2800 ex
971 2778 1070 2800 torum
1082 2788 1091 2802 ,
1102 2767 1203 2808 fulgu-

297 2890 319 2908 1.
337 2885 458 2909 'Permulta
468 2885 583 2918 colet-[lm]
595 2886 636 2911 Sic
646 2885 787 2920 legendum
800 2884 911 2917 conjecit
923 2883 1029 2909 iwict.
1042 2881 1087 2907 lib.
1099 2890 1127 2907 κ.
1139 2882 1202 2906 Var.

255 2916 322 2958 left.
333 2925 388 2952 cap.
398 2926 426 2951 7.
447 2920 593 2958 recepitque
605 2922 747 2947 Lambinus
758 2921 785 2946 δε
797 2920 882 2947 Aldus
894 2920 997 2955 Nepos.
1017 2926 1077 2944 nam
1089 2917 1202 2953 priores,

256 2955 373 2994 conjec'hif
394 2953 462 2991 quod
472 2955 498 2978 δε
511 2964 536 2980 ιιι
549 2956 668 2982 omnibus
680 2957 772 2986 nostris
783 2955 840 2982 mff.

293 2996 321 3015 2.
337 2991 365 3027 '3¹
374 2997 424 3027 ΨΜ
436 2990 602 3027 ΜῩΓΜῙΗΝΠΙἿ
611 2992 663 3023 effe,
672 2992 738 3025 ῶνα]
752 2991 831 3018 Haud
841 2991 918 3018 alites:
928 2989 1013 3017 editio
1023 2988 1148 3019 Victorii,
1159 2988 1203 3014 cui

255 3023 357 3065 accedit
369 3023 465 3063 l’ithoei
477 3023 554 3054 liber,
563 3026 589 3049 δέ
602 3034 713 3060 quatuor
724 3027 791 3054 l'all.
801 3029 827 3054 δι
840 3027 1044 3054 Woiiverianus.
1066 3024 1205 3061 publicati,

252 3061 276 3095 fi
283 3069 334 3094 qim
343 3059 405 3084 morso
414 3061 468 3084 mles
477 3061 548 3091 pqffit.

293 3103 320 3131 3.
340 3097 391 3122 Non
400 3097 513 3134 ‘frigitur
530 3096 762 3134 ut'mii-andnnifit]
782 3098 863 3127 Tolle
874 3117 882 3130 ‚
893 3105 919 3124 ut
930 3117 941 3132 0
950 3097 1015 3126 i:em
1021 3097 1055 3132 fit
1067 3116 1076 3130 ‚
1085 3095 1153 3124 nihil
1166 3103 1205 3124 ta-

256 3139 317 3158 men
326 3129 444 3159 defuerit
453 3129 599 3159 sentcnuae.

1225 101 1321 147 (11
1361 116 1388 146 c
1424 115 1452 148 ε
1486 116 1585 147 R-0
1623 117 1657 148 N
1693 117 1713 149 r
1748 118 1778 150 ς

1203 191 1270 211 rum
1282 200 1290 214 ‚
1303 179 1487 211 ostentorum
1499 200 1507 214 ,
1521 179 1731 222 lignorumque
1740 181 1912 213 caelestiuml
1936 183 1948 210 3
1961 182 2038 212 Non
2046 179 2161 221 estigi-

1207 233 1273 255 tur,
1295 232 1326 252 ut
1338 222 1509 265 mirandum
1521 221 1553 252 sit
1564 242 1572 256 ,
1593 232 1624 252 ea
1642 223 1800 262 praesentiri
1819 225 1835 254 ὲ
1847 224 2051 254 divinantibus
2065 243 2073 256 ,
2093 231 2165 252 ctu-z

1209 263 1427 305 nusquam-fint.
1451 264 1519 294 sunt
1529 265 1613 293 enim
1623 265 1728 293 omnia
1738 283 1747 297 ,
1768 265 1816 295 sed
1827 275 1961 306 tempore
1970 265 2084 296 absunt.
2102 255 2166 293 ‘At-

1205 316 1262 347 que
1286 308 1336 336 UT
1355 314 1390 334 ιΝ
1413 314 1598 335 salaminus
1612 307 1657 334 vis
1669 304 1745 334 inest
1755 315 1856 336 earum
1867 317 1988 340 rerum»,
2003 315 2067 347 quae
2078 315 2115 335 ex
2127 306 2167 334 iis

1207 350 1438 391 progignuntur:
1459 345 1497 377 sic
1512 349 1543 383 in
1559 345 1649 376 causis
1663 346 1872 377 condit-&sunt
1886 358 1930 378 res
1942 347 2052 378 futurae
2064 367 2072 381 ‚
2093 354 2167 386 quas

1211 388 1268 419 ess'e
1279 396 1447 418 tuturasaut
1457 390 1603 418 concitata
1615 397 1702 418 mens
1714 409 1723 422 ,
1742 398 1792 418 aut
1803 388 1897 418 soluta
1908 389 2016 419 somno
2027 409 2035 423 ‚
2059 389 2166 419 cernit:

1210 440 1258 461 aut
1269 433 1341 460 ratio
1354 450 1362 463 ,
1378 429 1609 469 autconjeeiura
1619 430 1778 469 praesentit.
1802 433 1898 470 Atque
1911 438 1942 459 ut
1953 432 1974 459 ii
1987 450 1996 464 ‚
2013 434 2066 470 qui
2082 430 2166 461 solis,

1213 473 1244 502 &
1255 474 1333 502 lunae
1344 492 1352 505 .
1366 472 1611 512 reliquorumque
1620 470 1747 501 fiderum
1759 480 1841 501 ortus
1853 491 1861 504 ,
1875 471 1975 501 obitus
1988 491 1996 504 ‚
2008 472 2167 511 motusque

1211 523 1457 555 cognorunt,quo
1465 514 1597 553 quidque
1607 522 1742 553 tempore
1752 523 1857 542 eorum
1866 512 2002 542 futurum
2013 511 2056 545 fit,
2070 511 2170 542 multo

1192 580 1195 605 Ι
1212 556 1281 586 ante
1289 554 1459 596 predicunt:
1479 553 1706 595 sicquicursum
1716 564 1816 584 rerum
1826 574 1834 588 ‚
1850 562 2087 594 eventorumque
2097 563 2174 584 con·

1193 611 1194 614 ¹
1212 598 1395 638 sequentiam
1417 596 1612 627 diuturnitate
1631 595 1802 635 pertraSoeta
1816 604 2016 629 notaverunt,
2035 604 2084 624 aut
2095 595 2175 625 sem-

1213 649 1264 679 per
1275 659 1283 673 ‚
1303 648 1354 668 aut
1363 658 1372 672 ‚
1396 637 1416 666 si
1427 638 1458 668 id
1468 636 1591 668 difficile
1603 637 1646 668 est
1657 658 1664 671 ‚
1681 638 1856 678 plerumque
1870 648 1875 666 2
1893 637 1975 678 quod
1987 635 2007 666 si
2017 646 2054 666 ne
2066 635 2097 665 id
2107 637 2176 677 qui-

1215 682 1284 710 dem
1295 679 1491 712 conceditur,
1511 689 1747 720 nonnumquam
1763 680 1841 710 certe
1853 699 1862 712 ,
1881 679 1953 720 quid
1970 677 2107 708 futurum
2127 675 2174 710 fit,

1216 723 1399 762 intelligunt.
1415 725 1511 762 Atque
1522 722 1584 752 haec
1594 722 1718 762 quidem
1731 741 1739 755 ‚
1754 721 1786 751 ὃς
1795 721 1932 762 quaedam
1943 718 2118 760 hujusmodi
2129 727 2176 749 ar·

1217 773 1359 803 gumenta
1369 783 1379 796 ‚
1389 773 1441 793 cur
1451 762 1484 792 sit
1495 763 1643 793 divinatio
1653 783 1661 797 ,
1673 764 1825 794 ducuntur
1833 762 1849 793 a
1858 762 1929 792 fato.

1219 816 1279 836 tern
1289 806 1344 835 aliu
1354 806 1576 846 quaedarn-ratio
1587 804 1629 834 est
1642 815 1648 834 :
1665 814 1730 846 quae
1742 805 1848 837 docet,
1861 813 1970 845 quanta
1981 802 2014 833 sit
2025 803 2121 832 animi
2131 804 2178 832 vis

1219 846 1353 886 sejunsta
1373 850 1387 876 a
1405 848 1538 886 corporis
1556 845 1704 877 sensibus:
1724 846 1805 887 quod
1818 846 1953 876 maxime
1964 845 2114 885 contingit
2127 851 2177 873 aut

1220 888 1441 919 dormientibus
1459 908 1467 922 ,
1497 897 1546 918 aut
1568 897 1670 918 mente
1687 890 1849 928 permotis.
1880 890 1924 917 Ut
1942 889 2027 916 enim
2048 885 2178 916 deorum

1219 933 1314 961 animi
1327 929 1387 960 fine
1402 930 1497 960 oculis
1509 950 1518 963 ‚
1540 929 1601 959 sine
1611 930 1730 960 auribus
1743 950 1750 963 ,
1772 927 1833 959 sine
1844 929 1945 970 lingua
1955 929 2090 958 sentiunt
2100 928 2180 957 intei:

1221 974 1266 1020 se,
1288 972 1360 1013 quid
1374 972 1497 1012 quisque
1513 972 1633 1002 sentiat:
1658 981 1696 1002 ex
1710 981 1771 1011 quo
1785 969 1839 1004 fit,
1861 980 1893 1000 ut
1906 971 2067 1003 homines,
2088 977 2181 998 etiam

1220 1024 1289 1044 cum
1302 1015 1382 1044 taciti
1391 1022 1495 1053 optent
1504 1013 1576 1053 quid
1589 1033 1597 1046 ‚
1619 1022 1668 1042 aut
1682 1021 1812 1042 voveant
1823 1032 1831 1045 ,
1851 1022 1914 1042 non
1925 1011 2063 1042 dubitant
2075 1030 2085 1044 ‚
2101 1011 2179 1050 quin

1223 1056 1265 1086 dii
1278 1055 1353 1085 illud
1365 1054 1539 1084 exaudiant:
1551 1053 1588 1084 sic
1597 1056 1692 1084 animi
1703 1055 1866 1083 hominum
1877 1073 1885 1087 ,
1896 1053 1967 1084 curn
1977 1052 2126 1092 autsbmno
2134 1052 2183 1090 β-

1223 1098 1280 1126 lusi
1293 1106 1398 1127 vacant
1406 1105 1531 1135 corpore
1541 1114 1551 1128 ,
1567 1104 1617 1125 aut
1630 1102 1718 1124 mente
1729 1095 1848 1135 permoti
1859 1104 1909 1134 per
1922 1095 1949 1124 se
1963 1093 2017 1135 ipsi
2029 1094 2116 1124 liberi
2128 1094 2182 1122 in-

1221 1141 1302 1169 citati
1322 1146 1499 1170 moventur,
1522 1145 1650 1167 cernunt
1669 1146 1701 1166 ea
1713 1155 1722 1169 ,
1742 1146 1806 1176 quae
1825 1134 1963 1176 permisti
1977 1145 2048 1166 curn
2058 1143 2183 1176 corpore

1223 1181 1318 1210 animi
1333 1180 1433 1209 videre
1446 1188 1510 1208 non
1525 1176 1658 1222 possunt.
1681 1181 1778 1218 Atque
1797 1178 1871 1208 hanc
1888 1176 2013 1217 quidem
2031 1177 2181 1206 rationem

1226 1231 1338 1251 naturae
1348 1219 1472 1251 difficile
1480 1219 1524 1262 est
1535 1218 1654 1250 iortass‘e
1663 1219 1812 1250 traducere
1827 1219 1863 1249 ad
1872 1220 1903 1248 id
1915 1228 2009 1259 genus
2019 1217 2184 1248 divinatio-

1225 1266 1284 1296 nis,
1296 1262 1377 1304 quod
1389 1271 1427 1292 ex
1436 1270 1496 1292 arte
1504 1260 1674 1302 profeEtum
1686 1260 1834 1291 dici'mus:
1845 1260 1898 1291 sed
1907 1269 2008 1291 tamen
2019 1259 2050 1289 id
2060 1267 2184 1299 quoque

1227 1308 1351 1335 rimatur
1360 1312 1508 1344 quantum
1519 1302 1634 1343 potest?
1657 1301 1834 1334 Posidonius
1847 1300 1905 1332 effie
1924 1301 2067 1332 censetin
2077 1309 2186 1332 natura

1225 1345 1305 1388 signa
1322 1345 1458 1387 quaedam
1480 1354 1579 1375 rerum
1598 1343 1777 1376 futurarum.
1798 1347 1866 1374 4sVt
1887 1346 1971 1374 enim
1983 1345 2060 1373 Ceos
2070 1343 2188 1382 accepi-

1228 1394 1295 1418 mus
1318 1395 1411 1417 ortum
1429 1386 1558 1416 canicula
1576 1386 1734 1428 diligenter
1762 1387 1926 1426 quotannis
1943 1385 2036 1415 solere
2055 1383 2184 1418 servare,

1228 1430 1297 1470 conj
1302 1428 1493 1469 eElmramque
1503 1438 1604 1468 capere
1615 1448 1624 1462 ‚
1634 1437 1667 1458 ut
1676 1427 1778 1458 scribit
1786 1429 1928 1458 Ponticus
1937 1425 2111 1457 Heraclides
2122 1445 2131 1458 ‚
2142 1425 2188 1455 sa-

1229 1471 1381 1504 lubrisne,
1402 1480 1440 1500 an
1458 1469 1599 1509 pestilens
1620 1478 1716 1499 annus
1727 1468 1843 1500 futurus
1851 1468 1894 1499 fit.
1918 1465 2188 1499 namsiobscurioi·

1229 1511 1307 1554 quasi
1326 1511 1488 1553 caliginosa
1506 1510 1589 1540 stella
1599 1510 1746 1540 exstiterit
1755 1530 1764 1544 ‚
1782 1512 1892 1551 pingue
1903 1510 1936 1540 &
1945 1517 2118 1540 concretum
2129 1506 2188 1539 ess'e

1230 1554 1336 1585 caelum
1348 1573 1357 1587 ,
1381 1562 1413 1582 ut
1422 1554 1485 1591 ejus
1494 1551 1654 1591 adspiratio
1662 1553 1760 1592 gravis
1771 1551 1804 1581 &
1813 1550 1956 1592 pestilens
1964 1549 2064 1580 futura
2072 1547 2123 1579 fit:
2143 1548 2189 1580 fin

1228 1594 1352 1640 illustris
1362 1614 1371 1628 ‚
1391 1594 1425 1624 &
1443 1593 1592 1633 perlucida
1606 1592 1687 1624 stella
1700 1595 1881 1633 apparuerit,
1903 1590 2061 1632 significari
2074 1591 2189 1622 coelum

1231 1635 1289 1666 este
1299 1645 1388 1667 tenue
1398 1655 1406 1669 ‚
1429 1645 1597 1675 purumque
1608 1655 1617 1668 ,
1636 1635 1669 1664 &
1682 1644 1835 1674 propterea
1847 1634 1968 1664 salubre.
1993 1633 2189 1663 Democritus

1230 1687 1328 1709 autem
1347 1677 1446 1707 censet
1468 1677 1612 1716 sapienter
1631 1674 1790 1706 instituisse
1808 1685 1940 1708 veteres,
1953 1684 2003 1706 ,ut
2020 1673 2186 1705 hostiarum

1232 1719 1460 1749 immolatarum
1471 1718 1684 1757 inspicerentur
1694 1726 1760 1747 exta
1770 1737 1779 1750 ,
1800 1726 1931 1757 quorum
1942 1725 1980 1746 ex
1989 1713 2091 1744 habitu
2102 1724 2189 1756 atque

1231 1771 1269 1790 ex
1288 1760 1371 1789 colore
1390 1769 1454 1788 tuin
1477 1759 1653 1789 salubritatis
1663 1779 1672 1791 ,
1692 1768 1757 1788 tum
1776 1757 1952 1798 pestilentiae
1973 1755 2052 1798 figna
2063 1758 2189 1797 percipi,

1231 1810 1463 1845 nonnumquam
1474 1802 1564 1830 etiam
1572 1810 1642 1871 guae
1652 1798 1686 1830 sit
1695 1800 1743 1830 vel
1754 1799 1889 1830 sterilitas
1899 1807 2037 1840 agrorum
2048 1817 2056 1831 2
2072 1798 2119 1828 vel
2127 1797 2192 1828 fer-

1233 1844 1322 1873 tilitas
1336 1847 1443 1872 iutura.
1465 1852 1530 1883 quae
1543 1861 1552 1875 ,
1603 1843 1618 1872 a
1629 1850 1730 1872 natura
1739 1840 1872 1882 profecta
1883 1861 1893 1876 ,
1912 1839 2065 1881 obfirvatio
2076 1858 2085 1873 ,
2101 1848 2192 1881 atque

1234 1885 1301 1915 usus
1320 1886 1462 1925 agnovit5
1482 1884 1577 1914 multa
1598 1882 1701 1914 afferre
1710 1885 1809 1923 potuit
1818 1883 1882 1913 dies
1894 1903 1903 1917 ‚
1921 1893 1987 1924 quae
1998 1881 2191 1912 animadver-

1231 1927 1322 1957 tendo
1332 1935 1522 1956 notarentur:
1542 1935 1575 1956 ut
1583 1925 1634 1955 ille
1645 1928 1830 1956 Pacuvianus
1839 1944 1847 1958 ‚
1866 1927 1919 1966 qui
1930 1927 1961 1954 in
1971 1922 2083 1963 Chryse
2091 1922 2191 1964 physi-

1230 1978 1282 1999 cus
1293 1966 1592 2013 inducitur,rninime
1604 1976 1739 1998 naturam
1750 1977 1848 1997 rerum
1858 1966 2034 2007 cognoscere
2043 1966 2191 1997 videatur·

1325 2012 1415 2049 ‘1me
1426 2008 1488 2038 iffa
1495 2029 1504 2042 ,
1519 2010 1571 2050 qm'
1581 2008 1710 2049 linguam
1718 2010 1820 2038 avium
1830 2009 2009 2048 intelligunt„
2018 2034 2021 2038 .

1324 2052 1446 2093 Plusque
1457 2061 1490 2080 ex
1501 2052 1573 2081 alien
1581 2062 1593 2079 ο
1596 2052 1685 2090 jecore
1690 2051 1812 2092 sstpi'unt
1821 2071 1839 2083 „
1851 2061 1938 2091 quam
1947 2050 2037 2090 eses'uo
2046 2061 2059 2079 .-

1327 2094 1423 2134 Maga
1432 2093 1601 2122 audiendum
1611 2113 1620 2127 2
1635 2090 1722 2134 quhm
1733 2092 1951 2132 aufiultandum
1961 2093 2058 2132 censeo.

1232 2138 1291 2167 Cur
1298 2136 1396 2177 quaeso
1407 2142 1416 2167 ἓ
1426 2134 1497 2166 cum
1511 2135 1570 2175 ipse
1580 2154 1589 2169 ,
1608 2144 1708 2175 paucis
1717 2137 1815 2175 interp
1822 2133 1902 2164 ofitis
1914 2131 2043 2165 versibus
2055 2153 2064 2169 ,
2092 2135 2106 2161 5
2114 2131 2194 2163 dicat

1233 2178 1300 2210 satis
1310 2177 1475 2208 luculente:

1328 2218 1484 2260 Qidqm'd
1491 2218 1525 2256 est
1538 2221 1585 2249 lioc
1595 2238 1604 2254 ,
1624 2219 1718 2250 omnia
1728 2218 1841 2248 animat
1852 2217 1976 2256 ‚format
1986 2238 1995 2253 ,
2007 2217 2064 2248 alit
2074 2236 2083 2252 >
2092 2223 2193 2258 auger,

1480 2269 1564 2296 creat,

1326 2303 1448 2345 Sepelit,
1468 2304 1624 2346 recipitque
1640 2304 1669 2334 in
1674 2303 1730 2345 ses&
1740 2303 1834 2334 omnia
1843 2313 1856 2330 .·
1873 2301 2052 2342 omniumque
2062 2299 2134 2330 idem
2144 2297 2188 2329 est

1518 2353 1570 2380 tcr3

1328 2385 1345 2408 ⁶
1353 2387 1543 2429 Indidemque
1553 2388 1645 2417 eadem
1656 2408 1665 2422 ,
1686 2398 1745 2429 qua
1755 2388 1884 2418 oriuntur
1893 2405 1904 2420 ,
1927 2385 1959 2417 de
1969 2385 2074 2426 integro
2085 2403 2094 2419 ,
2107 2388 2197 2425 atque

1484 2430 1574 2460 eodem
1583 2430 1718 2460 occidunt.

1236 2472 1319 2513 Qid
1330 2472 1488 2514 estigitur,
1508 2482 1560 2502 cur
1573 2492 1582 2505 ,
1600 2471 1670 2502 cum
1683 2471 1792 2502 domus
1801 2469 1835 2502 fit
1847 2472 1991 2501 omnium
2001 2478 2062 2501 una
2072 2489 2082 2503 ‚
2104 2478 2137 2499 ea
2160 2477 2199 2498 ue

1236 2525 1412 2546 communis
1425 2535 1433 2549 ‚
1454 2515 1584 2555 cumque
1594 2516 1689 2544 animi
1699 2515 1864 2544 hominurn
1877 2513 1992 2552 semper
2000 2511 2114 2542 fuerint
2123 2529 2132 2545 ‚
2162 2519 2200 2540 u·

1237 2559 1354 2598 turique
1376 2555 1432 2587 fint
1445 2577 1454 2590 ‚
1483 2566 1534 2586 cur
1556 2558 1597 2588 ii,
1617 2556 1690 2595 quid
1709 2565 1748 2585 ex
1765 2564 1885 2596 quoque
1903 2556 2020 2585 eveniat
2032 2573 2042 2588 ‚
2072 2552 2106 2584 &
2123 2549 2196 2592 quid

1237 2608 1386 2639 quamque
1400 2608 1462 2628 rem
1485 2596 1645 2639 significet,
1667 2597 1828 2637 perspicere
1841 2606 1906 2626 non
1918 2594 2047 2635 possint?
2064 2596 2136 2624 Hoec
2143 2593 2199 2622 ha·
2213 2588 2258 2629 58

1238 2641 1290 2671 bui
1302 2660 1310 2674 ,
1325 2642 1421 2681 inquit
1435 2661 1444 2673 ‚
1456 2639 1492 2670 de
1503 2641 1692 2670 divinatione
1703 2649 1768 2679 quae
1780 2639 1925 2669 dicerem.
1944 2640 2038 2668 Nunc
2050 2632 2200 2666 illatesta-

1238 2683 1293 2713 bor
1304 2703 1312 2715 ‚
1325 2692 1390 2713 non
1402 2691 1451 2712 me
1457 2682 1611 2721 fhrrilegos‚
1624 2690 1720 2721 neque
1732 2690 1783 2711 eos
1792 2699 1801 2713 ‚
1813 2689 1864 2720 qui
1875 2677 2002 2720 quaestus
2009 2676 2093 2709 causa
2099 2676 2201 2706 hario-

1240 2725 1338 2755 lentui·
1352 2734 1358 2753 t
1382 2734 1437 2754 nec
1446 2724 1672 2763 psychomantia
1680 2722 1804 2763 quidem
1815 2741 1824 2756 ,
1843 2722 1952 2763 quibus
1961 2721 2075 2761 Appius
2084 2718 2201 2749 amicus

1243 2776 1312 2798 tuus
1325 2768 1366 2797 uti
1378 2766 1487 2798 solebat
1499 2785 1508 2798 ‚
1531 2764 1698 2805 agnoscere.

2104 2804 2114 2820 Ι
2127 2802 2203 2841 Qu

1281 2888 1310 2914 4.
1331 2884 1359 2906 Ui
1371 2883 1430 2905 enim
1439 2882 1494 2905 Ceos
1508 2898 1515 2909 ‚
1532 2878 1600 2911 ὅγε]
1623 2877 1729 2904 l’offeut
1738 2875 1823 2902 deleri
1835 2874 1885 2900 {iiie
1903 2872 2000 2898 damno
2010 2869 2145 2896 sententiae
2157 2879 2206 2896 vo-

1247 2926 1287 2943 ces
1294 2915 1481 2979 {hlaequoscsss
1491 2921 1518 2939 ut
1529 2923 1599 2940 emm.
1621 2914 1655 2940 P.
1666 2911 1802 2938 Manutius
1812 2916 1915 2935 mutat:
1937 2910 2030 2933 Etenim
2039 2909 2104 2932 ceos.
2115 2905 2205 2942 scripti

1248 2956 1291 2979 nol
1307 2961 1328 2979 ri
1339 2956 1393 2979 iiiiii
1421 2958 1532 2977 variant.

1286 3013 1311 3037 5.
1331 3004 1472 3037 Dicassari's
1480 2999 1619 3032 luculenta]
1643 2997 1758 3033 Vulgata
1768 2995 1850 3023 leffio
1862 3015 1870 3027 ,
1880 2995 1956 3020 dicat.
1976 2993 2019 3021 sed
2029 2992 2144 3022 alterum
2154 3001 2206 3021 ex·

1248 3040 1296 3068 stat
1307 3041 1333 3067 iii
1345 3042 1372 3066 S.
1385 3038 1513 3069 victoris,
1524 3037 1550 3062 in
1562 3035 1635 3061 I’ith.
1646 3034 1672 3060 in
1686 3033 1754 3059 l'all.
1764 3033 1789 3059 iii
1800 3032 1866 3058 edit.
1878 3030 2002 3057 Vitiiorii.

1285 3090 1314 3115 6.
1334 3089 1481 3122 Indidemque
1499 3085 1576 3112 eadem
1594 3081 1792 3123 que-orinatum]
1812 3081 1974 3120 Gulielmius
1991 3079 2121 3115 castigat,
2138 3078 2208 3106 tridi-

1227 3137 1230 3165 3
1249 3126 1354 3160 demque,
1368 3123 1623 3158 eademqueprc'mnur,
1633 3127 1685 3150 σε.

2109 3155 2198 3182 1.Νυ13

1973 765 2001 792 Α
2011 769 2114 791 natura
2124 769 2175 790 au·
2193 768 2212 798 5
2221 768 2238 800 7
