2337 3400
147 126 243 194 930
554 113 623 164 M.
706 109 1069 157 Τυιιιι

148 207 293 238 &andum
302 201 344 233 est
354 220 362 235 ,
382 199 454 230 dum
466 197 502 228 de
512 203 596 226 remo
606 190 721 222 inflexo
733 209 742 222 ,
753 197 804 219 aut
816 187 853 218 de
863 187 944 218 colio
952 182 1103 214 columbae

150 247 357 288 respondeam.
389 249 454 270 non
470 239 556 268 enim
575 238 601 264 is
619 233 685 262 sum
697 252 705 265 ,
729 231 802 270 ¹qui
820 227 962 270 quidquid
979 225 1104 258 videtur,

152 290 209 320 tale
226 288 318 316 dicam
335 281 399 320 effe,
418 279 502 322 quale
521 275 663 305 videatur.
687 276 832 312 Epicurus
851 271 907 299 hoc
925 267 1053 300 viderit,
1074 267 1107 297 &

153 331 248 361 muita
268 328 334 357 alia.
358 332 428 353 meo
437 317 662 358 autemjudicio
673 317 713 345 ita
722 313 764 344 est
775 321 862 342 MAJU
871 320 920 341 ΜΛ
933 311 965 340 in
977 307 1107 340 sensibus

152 373 259 401 veritas
274 388 282 400 ‚
303 365 322 396 fi
344 365 376 395 ὃ(
386 364 447 394 sani
457 362 525 392 sunt
537 380 546 393 ‚
570 360 603 389 &
613 358 744 387 valentes
755 375 762 388 ‚
785 354 819 384 &
833 354 937 383 omnia
947 359 1109 381 removen-

153 421 218 443 tur,
240 419 306 450 quae
322 405 458 437 obstant,
479 403 512 432 δε
532 399 712 440 impediunt.
736 393 1110 436 itaque&lumenmutari

151 454 227 492 saepe
244 451 407 481 volumus,
428 446 460 476 δε
477 443 656 474 situsearum
669 448 786 472 terum,
807 446 878 478 quas
889 438 1041 466 intuemur
1055 453 1065 467 ,
1078 432 1111 463 &

154 492 309 524 intervalla
332 487 616 519 autcontraiiimus,
635 481 884 512 autdiducimus:
905 475 1112 521 multaque-fu·-

152 538 252 566 cimus
271 533 360 573 usquc
371 530 407 560 eo
420 550 429 564 ‚
448 528 521 558 dum
535 523 675 566 adspectus
686 517 1111 566 ipfiefidemfaciatfiiijudicn.

176 576 235 607 uod
254 576 334 605 idem
357 572 431 602 fitin
444 570 589 601 vocibus,
616 569 646 596 in
656 566 770 597 odore,
790 565 951 602 iniapore:
977 570 1009 590 ut
1019 568 1113 590 nenio

153 588 190 648 sit
204 615 342 648 nostrum
352 618 365 634 ²
377 615 429 655 qui
440 621 503 642 non
514 612 545 640 in
558 606 688 639 sensibus
698 607 741 637 sui
752 605 892 645 cujusque
904 612 1023 643 generis
1033 601 1113 640 judi-

153 662 237 691 cium
260 659 387 698 requirat
396 656 500 685 acrius.
523 652 556 682 ad
563 650 656 680 hibita
664 647 738 679 verb
751 655 965 678 exercitatione
978 664 986 676 ‚
1000 643 1032 673 δε
1043 652 1113 674 arte,

152 711 187 732 ut
197 701 275 731 oculi
288 698 400 739 pustura
410 703 582 726 teneantur,
607 692 730 722 &aures
743 688 882 719 cantibus
893 708 901 721 ,
913 688 979 727 quis
989 684 1029 715 est
1041 686 1114 729 quin

153 751 253 773 cernat
267 761 276 775 ,
297 748 405 782 quanta
427 739 473 768 vis
490 735 522 765 sit
540 737 572 764 in
583 731 735 764 sensibus?
752 732 843 772 quam
855 729 947 759 multa
956 726 1115 766 videntpz-

155 783 240 814 (fores
257 786 288 812 in
302 781 416 812 umbris
427 800 436 814 ‚
456 779 531 808 &in
542 777 706 806 eminentia
718 793 727 807 ‚
746 782 812 813 quae
822 781 876 801 nos
889 779 952 800 non
961 769 1116 798 videmus?

156 826 246 868 quam
272 824 384 856 multa,
412 831 479 862 quae
489 828 546 850 nos
558 817 678 859 fugiunt
693 826 720 844 in
733 823 817 844 cantu
829 834 837 847 ‚
859 811 1025 842 exaudiunt
1036 813 1068 839 in
1078 818 1114 838 eo

155 877 263 908 genere
282 866 455 896 exercitati?
477 864 531 902 qui
549 869 650 900 primo
669 859 702 887 in
711 856 781 886 flatu
800 855 932 886 tibicinis
950 856 1117 892 =Antiopam

156 907 215 939 effe
236 908 337 948 ajunt,
358 915 406 936 aut
424 902 656 933 Andromacham
669 919 678 932 ,
696 899 766 929 curn
778 897 808 927 id
820 906 875 926 nos
886 905 923 925 ne
934 895 1116 934 suspicemur

155 951 290 992 quidem.
315 949 392 979 nihil
420 944 533 977 necesse
543 943 585 974 cst
595 939 755 982 degustata
766 960 777 972 ,
797 939 828 969 &
839 938 954 967 odoratu
967 937 1058 976 loqui.
1083 937 1117 964 in

153 990 469 1034 quibusintelligentia
479 1007 488 1021 ,
505 984 554 1017 etsi
566 984 673 1014 vitiosa
685 1002 692 1015 ,
713 981 754 1011 est
765 980 898 1021 quoedair:
912 988 1021 1008 tamen.
1044 976 1117 1017 quid

155 1037 193 1065 de
213 1032 312 1067 tastu,
336 1032 368 1062 &
378 1042 415 1061 eo
424 1029 547 1071 quidem
561 1047 570 1059 ,
589 1035 680 1066 quem
691 1023 861 1064 philosophi
874 1022 1049 1050 iiiterioien‘.
1066 1029 1117 1048 αο-

150 1085 244 1109 tam,
265 1074 459 1106 autdoloris‚
479 1078 529 1100 aut
549 1068 734 1106 voluptatis?
753 1067 784 1095 in
802 1073 862 1105 quo
882 1063 1043 1102 Cyrenaici
1055 1060 1118 1090 solo

153 1127 261 1159 putant
283 1118 345 1146 veri
361 1113 576 1154 essejudicium
589 1129 598 1144 ‚
619 1118 689 1149 quia
701 1108 853 1137 sentiatur.
876 1103 1018 1134 Potestne
1030 1105 1118 1143 igitur

154 1160 312 1201 quisquam
324 1157 422 1187 dicere
434 1175 441 1189 ,
456 1157 532 1183 inter
541 1161 611 1181 eum
624 1171 632 1184 ,
644 1151 695 1190 qui
707 1148 804 1179 doleat
817 1167 826 1182 ,
838 1147 870 1177 δε
884 1149 961 1176 inter
970 1154 1052 1177 eum,
1065 1153 1116 1183 qui

154 1203 190 1232 in
207 1201 359 1240 voluptate
374 1197 425 1232 sit,
447 1195 523 1226 nihil
536 1191 674 1223 interess‘e
688 1196 699 1221 ἓ
714 1200 764 1221 aut
775 1210 783 1223 ,
798 1192 835 1220 ita
846 1190 898 1229 qui
909 1188 1031 1219 sentiat,
1052 1194 1116 1214 non

153 1241 334 1284 apertissime
356 1240 505 1270 insaniat?
525 1237 606 1276 atqui
616 1234 714 1274 qualia
723 1233 864 1264 sunchaec
878 1250 887 1264 ,
908 1238 973 1269 qua:
983 1226 1115 1258 sensibus

156 1285 269 1327 percipi
277 1283 410 1313 dicimus
420 1284 431 1311 ?
442 1281 509 1311 talia
519 1279 680 1318 sequuntur
690 1285 722 1305 ea
732 1295 741 1309 ,
755 1284 822 1314 quae
832 1282 895 1303 non
906 1268 1037 1300 sensibus
1047 1266 1115 1308 ipsis

153 1327 267 1368 percipi
277 1325 433 1356 dicuntur,
442 1321 489 1352 sed
500 1320 631 1361 quodam
643 1317 737 1347 modo
747 1314 878 1347 sensibus
890 1324 895 1342 :
907 1321 937 1342 ut
949 1313 1012 1342 haec
1023 1322 1028 1340 ;
1039 1310 1115 1340 iliud

155 1367 199 1399 est
215 1366 330 1401 album,
352 1367 408 1396 hoc
417 1364 494 1394 dulce
505 1383 513 1396 ‚
539 1359 757 1391 canorumiiiud
771 1378 779 1392 ,
800 1359 859 1387 hoc
873 1355 936 1385 bene
947 1353 1016 1385 ozans
1027 1372 1036 1387 ,
1055 1353 1115 1382 hoc

155 1411 288 1450 asperum.
311 1407 486 1447 animojam
500 1407 562 1434 haec
571 1411 707 1433 tenemus
718 1398 952 1439 comprehensa,
977 1395 1115 1426 nonsen-

157 1452 248 1482 sibus.
271 1451 323 1481 ille
347 1450 488 1488 deinceps
511 1443 649 1487 equusest
663 1463 671 1476 ‚
689 1443 740 1473 ille
752 1452 832 1472 canu.
855 1449 952 1470 cetera
966 1439 1052 1469 ferles
1063 1436 1116 1466 de-

157 1493 231 1524 inde
246 1493 379 1533 sequitur
389 1510 398 1525 ,
420 1490 532 1529 majora
543 1485 666 1517 nectens
677 1505 686 1518 ,
705 1494 736 1514 ut
745 1485 807 1514 haec
819 1503 826 1517 ‚
846 1492 912 1523 quae
921 1478 1000 1521 quasi
1011 1479 1118 1518 exple-

156 1543 218 1566 tam
237 1543 336 1564 rerum
356 1527 657 1571 comprehensionem
675 1524 915 1565 amplefilmntur,
930 1522 958 1563 fi
970 1524 1046 1550 homo
1056 1518 1113 1553 eff,

155 1576 269 1606 animal
284 1574 327 1604 eff
348 1572 484 1605 mortale,
500 1571 608 1599 mitione
628 1576 776 1610 particeps.
800 1576 860 1607 quo
880 1566 897 1595 e
910 1573 1016 1606 genere
1028 1562 1117 1592 nobis

157 1620 275 1649 notitiae
285 1626 382 1647 rerum
397 1615 622 1654 imprimuntur:
636 1609 694 1640 sine
704 1609 814 1650 quibus
825 1617 880 1638 nec
892 1606 1019 1646 intelligi
1029 1603 1118 1644 quid-

158 1670 248 1701 quam
260 1679 269 1692 ,
289 1669 345 1689 nec
360 1660 452 1698 quaeri
472 1653 670 1693 autdisputari
681 1650 787 1691 potest.
811 1649 893 1691 quod
905 1647 924 1677 fi
935 1646 1115 1677 efl'enttalsae

161 1703 276 1732 nntitiae
297 1702 391 1733 ’ζέννπίκς
413 1693 819 1733 enimnoritiasappellaretu
835 1691 983 1729 videbare)
997 1687 1117 1728 frigitur

160 1742 253 1773 essent
275 1743 317 1771 hae
329 1740 406 1770 falsae
418 1760 428 1773 ,
446 1748 494 1769 aut
505 1736 654 1777 ejusmodi
667 1734 733 1764 visis
742 1732 887 1773 irnpress'ae
899 1753 907 1765 ,
927 1733 1024 1772 qualia
1033 1730 1093 1760 visa
1102 1733 1117 1760 a

160 1783 238 1815 falsis
266 1783 392 1813 discerni
416 1791 479 1811 non
501 1777 636 1819 possent:
656 1786 717 1817 quo
729 1777 847 1805 tandem
861 1776 905 1804 his
916 1773 1010 1802 modo
1021 1781 1116 1801 utere-

161 1837 250 1856 mur:
271 1834 332 1865 quo
350 1823 445 1854 modo
463 1830 563 1852 autem
575 1839 583 1853 ,
605 1819 676 1860 quid
693 1820 801 1858 cuique
820 1818 861 1846 rei
882 1816 1116 1846 consentaneum

159 1867 233 1897 esset
242 1888 249 1900 ,
270 1865 342 1907 quid
361 1872 533 1906 repugnaret
544 1882 552 1895 ,
563 1862 754 1891 videremus?
775 1868 908 1887 'memoriae
922 1856 1044 1896 quidem
1055 1864 1118 1884 cei·-

160 1914 191 1940 tc'
204 1930 212 1943 ‚
236 1919 302 1950 qua:
316 1917 379 1937 non
390 1904 485 1937 modo
496 1903 718 1945 philosophiam
732 1923 741 1935 ‚
761 1900 809 1930 sed
820 1900 923 1929 omnis
936 1899 1005 1928 vitae
1015 1898 1115 1929 usum,

157 1951 337 1990 omneisque
354 1950 442 1979 arteis
457 1956 515 1977 una
523 1944 657 1976 maxime
669 1945 820 1976 continet,
842 1941 1062 1971 nihilomnino
1072 1939 1116 1967 lo-

159 1995 186 2023 ci
201 1993 390 2032 relinquitur.
412 1999 478 2031 quae
488 1986 584 2028 potest
593 1988 676 2017 enim
688 1983 746 2015 ess:¹
757 1982 1037 2022 nzemoriasalsbrum
1049 1983 1058 2010 ?
1069 1989 1119 2010 aut

160 2034 233 2075 quid
253 2034 408 2074 quisquam
424 2037 552 2060 meminit
563 2049 571 2062 ‚
591 2028 672 2069 quod
687 2037 752 2057 non
760 2029 866 2056 animo
876 2023 1116 2064 comprehendit,

160 2078 195 2106 ὃς
213 2078 313 2106 tenet?
329 2085 374 2102 ars
389 2072 462 2103 vei-*0
480 2082 546 2113 quae
566 2069 661 2110 potest.
676 2067 752 2102 effe,
774 2067 828 2098 iiisi
848 2077 913 2108 qua:
925 2076 986 2096 non
997 2075 1035 2095 cx
1047 2074 1117 2099 una,

158 2127 210 2148 aut
228 2117 342 2147 duabus
354 2136 362 2150 ‚
384 2115 431 2145 sed
450 2124 487 2145 ex
509 2114 612 2143 multis
625 2113 719 2142 animi
734 2109 976 2150 perceptionibus
990 2106 1116 2137 constat?

158 2169 250 2201 quam
262 2158 280 2188 fi
291 2158 466 2189 subtraxeris
477 2176 484 2190 ‚
497 2154 549 2196 qui
560 2154 724 2194 distingues
732 2150 876 2182 artificem
888 2151 923 2181 ab
936 2150 1044 2180 inscio?
1053 2158 1117 2178 non

158 2202 246 2231 enim
269 2198 395 2230 fortuito
417 2201 496 2228 hunc
505 2195 642 2234 artificem
652 2197 787 2225 dicemus
797 2192 854 2224 effe
865 2214 874 2227 ,
895 2193 984 2222 illum
996 2190 1117 2231 negabi-

159 2252 246 2273 mus:
266 2241 314 2272 sed
333 2240 405 2271 cum
424 2241 550 2269 alterum
567 2246 718 2277 percepta,
743 2236 776 2266 δε
796 2235 1117 2275 comprehensitenere

157 2284 312 2316 videmus,
335 2283 461 2313 alterum
482 2282 637 2310 nonitem.
672 2278 803 2318 cumque
812 2280 919 2308 artium
939 2275 1020 2307 aliud
1039 2275 1118 2315 ejus-

161 2325 248 2356 modi
263 2334 356 2366 genus
365 2322 398 2354 sit
408 2344 416 2357 ‚
439 2333 470 2353 ut
482 2319 694 2352 tantummodo
703 2323 808 2349 animo
819 2329 882 2349 rem
896 2328 1010 2348 cernat:
1025 2316 1118 2349 aliud,

161 2377 196 2398 ut
206 2369 348 2398 moliatur
355 2365 468 2406 aliquid
479 2365 511 2395 Sc
519 2363 615 2393 faciat:
628 2372 688 2402 quo
700 2361 794 2390 modo
804 2368 1007 2401 autgeometres
1017 2368 1118 2389 cerne—

160 2419 191 2439 re
203 2419 235 2439 ea
245 2407 340 2449 potest
351 2428 360 2442 ,
382 2417 447 2446 quae
458 2415 508 2436 aut
518 2405 601 2435 nulla
611 2404 678 2434 sunt
689 2423 696 2436 ,
717 2412 767 2432 aut
777 2403 936 2432 internosci
945 2407 960 2431 a
969 2401 1046 2432 salsis
1055 2412 1118 2432 non

162 2449 304 2491 pofl'unt:
325 2459 374 2480 aiit
390 2460 434 2487 ιε’,
452 2450 503 2489 qui
518 2445 624 2485 fidibus
638 2452 751 2478 utitur,
771 2446 891 2483 explere
902 2453 1065 2477 numeros,
1086 2445 1119 2474 ὃς

162 2492 311 2522 conficere
326 2492 448 2522 versus?
468 2488 550 2531 quod
573 2488 655 2518 idem
676 2488 707 2516 in
722 2485 870 2516 similibus
880 2495 999 2526 quoque
1009 2486 1119 2515 artibus

163 2542 333 2575 continget:
345 2542 469 2574 quarum
481 2540 573 2561 omne
584 2539 660 2570 opus
669 2527 712 2558 est
726 2530 755 2557 in
766 2527 918 2559 faciendo,
934 2537 1021 2567 atque
1031 2537 1117 2568 agen-

164 2576 217 2605 do.
239 2578 286 2616 Qi
295 2585 331 2604 in
342 2584 430 2604 εΝιΜ
441 2572 482 2604 est
494 2594 502 2606 ‚
524 2572 604 2614 quod
614 2580 673 2600 arte
683 2568 760 2600 effici
772 2567 855 2609 potiit
866 2589 874 2603 ,
886 2568 939 2598 nisi
953 2571 976 2598 is
988 2589 995 2602 ,
1011 2571 1063 2609 qui
1075 2579 1120 2599 ar-

124 2619 143 2651 8
166 2626 227 2647 tem
256 2616 407 2650 radiabit,
427 2616 521 2645 multa
540 2614 725 2654 perceperit?
745 2610 963 2642 Maximevero
973 2613 1119 2640 virtutum

164 2660 299 2699 cognitio
309 2657 489 2690 confirmat,
509 2657 639 2696 percipi,
654 2653 911 2694 &comprehendi
921 2653 1016 2682 multa
1027 2651 1118 2693 posse.

166 2702 199 2728 in
219 2700 326 2740 quibus
348 2697 518 2729 solisinefl'e
531 2700 620 2727 etiam
634 2696 785 2735 scientiam
796 2695 944 2728 dicimus,
963 2704 1054 2735 quam
1066 2704 1121 2724 nos

166 2749 231 2769 non
249 2739 550 2782 comprehensionem
564 2738 659 2769 modo
680 2747 779 2768 rerum
796 2757 804 2771 ,
822 2740 832 2765 3
848 2737 972 2767 sedeam
987 2736 1123 2767 stabilem

1149 106 1693 160 Cret-:nonis

1141 196 1263 234 quoque
1279 196 1363 230 atque
1382 188 1607 221 immutabilem
1627 190 1685 222 effe
1704 191 1877 224 censemus:
1902 192 2038 235 itemque
2051 192 2102 235 fi:-

1127 238 1297 272 pientiam,
1317 238 1411 260 artem
1420 229 1567 265 vivendi,
1610 242 1653 263 uae
1665 235 1724 273 ipsa
1733 244 1771 265 ex
1781 236 1839 266 sese
1853 236 1955 267 habeat
1963 234 2105 267 constan-

1144 281 1226 301 tiam.
1251 282 1284 302 ea
1303 281 1402 303 autem
1413 243 1696 304 constantiagn'ihii
1709 275 1969 318 habeatpercepti,
1988 278 2102 318 &cog-

1146 316 1201 343 niti
1215 333 1222 347 ,
1246 323 1369 354 quaero,
1389 313 1461 343 unde
1481 322 1562 344 inm:
1582 325 1649 345 vm
1669 326 1774 347 nouus
1791 322 1843 359 qui
1864 318 1964 350 statuit
1973 328 2102 350 ornnem

1146 358 1308 385 cruciatum
1326 353 1447 395 perferri
1474 375 1482 389 ,
1521 356 1702 386 intolerabili
1722 357 1826 390 dolore
1846 361 1969 391 lacerari
1988 360 2114 401 potius,

1147 398 1241 437 quam
1250 406 1300 427 aut
1309 395 1448 427 officium
1459 396 1562 440 prodat
1571 417 1581 432 ,
1591 407 1641 428 auc
1659 396 1750 428 fidem
1761 419 1770 433 ‚
1786 410 1835 431 cur
1848 402 1896 432 has
1907 401 1959 432 sibi
1970 412 2030 433 tam
2039 412 2106 443 gra-

1148 441 1211 469 vcis
1223 438 1300 480 leges
1311 439 1487 479 imposuerit
1496 458 1503 471 ‚
1515 438 1586 469 cum
1598 460 1607 473 .
1617 440 1814 480 quamobrem
1825 444 1863 473 im
1874 452 2022 483 oporteret
2035 464 2045 477 ‚
2055 445 2110 474 ni-

1150 481 1192 510 liil
1215 481 1335 510 haberet
1352 479 1559 520 comprehensi
1575 501 1582 515 ,
1609 483 1760 522 percepti,
1788 486 1920 523 cogniti,
1940 484 2107 516 constituti?

1151 522 1249 552 Nullo
1267 524 1357 564 igitur
1375 522 1470 553 modo
1482 520 1670 563 fieripotest,
1689 524 1887 564 utquisquam
1897 528 1971 556 tanti
1980 526 2110 557 aestimet

1150 565 1317 604 aequitatem
1330 583 1338 597 ‚
1359 564 1391 594 δε
1411 563 1501 594 fidem
1517 583 1526 598 ‚
1545 573 1577 594 ut
1597 565 1661 605 ejus
1680 565 1979 597 conservandaecausa
1988 568 2108 598 nullum

1152 605 1332 649 supplicium
1352 607 1486 639 recuset,
1505 604 1561 636 nifi
1582 608 1620 636 iis
1639 606 1726 636 rebus
1746 604 1874 638 ass'ensus
1885 607 1938 641 sit,
1957 608 2112 649 quaefalsae.

1154 647 1211 677 essc
1231 657 1294 677 non
1314 646 1447 687 poffunt.
1470 647 1532 687 Ipsa
1546 647 1619 678 verb
1638 657 1851 682 εΑΡΙεΝτιΑ,
1868 648 1888 678 fi
1909 650 1935 679 se
1947 650 2110 690 ignorabit,

1154 689 1293 736 supientia
1304 689 1336 719 sit
1347 710 1356 722 ‚
1378 699 1492 723 nccne3
1510 699 1572 730 quo
1583 689 1677 719 modo
1688 692 1764 730 prim
1771 689 1822 720 um
1833 690 1983 722 obtinebit
1993 701 2113 722 nomen

1152 733 1318 771 iiipientiae5
1337 731 1446 761 deinde
1466 741 1527 771 quo
1545 731 1641 761 modo
1661 732 1807 771 suscipere
1816 733 1944 772 aliquam
1956 742 2019 763 rem
2033 752 2041 765 ‚
2062 740 2114 764 aut

1152 783 1236 813 agere
1261 771 1386 803 fidenter
1404 773 1543 806 audebit,
1562 771 1634 803 cum
1644 776 1717 803 certi
1729 774 1806 803 nihil
1817 777 1890 808 erit,
1913 775 1992 814 quod
2010 775 2113 815 sequa—

1153 817 1221 844 tur?
1240 814 1312 844 cum
1330 813 1403 844 verb
1421 815 1589 848 dubitabit,
1609 815 1683 856 quid
1697 823 1867 846 extremum
1884 836 1893 850 ‚
1912 816 1945 846 ὃς
1965 817 2113 846 ultimum

1153 856 1328 902 bonorum,
1346 859 1506 897 ignorans,
1525 855 1588 897 quo
1606 859 1712 887 omnia
1730 856 1893 887 referantur
1905 877 1913 891 ‚
1933 857 1983 898 qui
2003 859 2114 898 poterit

1155 897 1211 928 esse
1231 898 1394 938 sapientia?
1410 901 1506 938 Atque
1527 900 1617 928 etiam
1630 898 1706 928 illud
1717 900 1905 939 perspicuum
1919 900 1979 934 est,
2000 898 2114 930 consti-

1156 941 1199 970 tui
1218 939 1332 970 necesse
1349 938 1406 969 ess'c
1426 940 1545 969 initium
1560 959 1569 974 ,
1590 940 1670 980 quod
1682 940 1841 980 sapientia,
1865 940 1935 971 cum
1947 941 2019 982 quid
2030 950 2114 982 agere

1156 983 1296 1021 incipiat,
1318 982 1469 1022 sequatur:
1490 981 1581 1022 idque
1593 984 1715 1012 initium
1730 1003 1738 1015 ,
1752 981 1808 1012 esse
1817 992 1927 1013 naturae
1937 992 2116 1013 accommo-

1136 1039 1137 1043 =
1155 1023 1264 1053 datum.
1290 1033 1360 1053 nam
1374 1023 1458 1053 aliter
1467 1024 1613 1064 appetitio,
1626 1024 1702 1061 (eam
1713 1025 1796 1054 enim
1806 1023 1864 1054 ess'e
1874 1026 2016 1055 volumus
2028 1024 2113 1061 ἒρμῆν)

1155 1074 1212 1105 qua
1229 1065 1264 1095 ad
1281 1065 1431 1105 agendum
1452 1065 1661 1103 impellimur,
1685 1065 1717 1094 ὅ(
1730 1065 1759 1094 id
1770 1068 1936 1106 appetimus
1949 1086 1956 1100 ,
1980 1066 2061 1107 quod
2072 1065 2115 1096 est

1156 1107 1264 1139 visum,
1277 1108 1393 1136 moveri
1406 1116 1469 1135 non
1479 1105 1583 1145 potest.
1605 1106 1681 1136 illud
1689 1116 1799 1140 autem,
1811 1108 1891 1148 quod
1903 1118 2017 1142 movet,
2030 1107 2113 1147 prius

1153 1157 1270 1187 oportet
1289 1148 1408 1181 videri,
1431 1149 1518 1188 eique
1528 1147 1626 1177 credi:
1652 1147 1733 1188 quod
1745 1146 1807 1178 fieri
1820 1159 1881 1179 non
1891 1149 1986 1189 potest
2000 1170 2008 1183 ,
2029 1148 2049 1179 si
2069 1149 2112 1183 id,

1155 1189 1238 1229 quod
1258 1189 1357 1219 visum
1376 1192 1450 1222 erit,
1471 1189 1672 1224 discerninon
1682 1190 1817 1229 poteritis.
1832 1191 1915 1221 falso.
1939 1193 2008 1229 Quo
2019 1190 2115 1220 modo

1155 1241 1255 1262 autem
1272 1233 1390 1261 moveri
1399 1233 1519 1261 animus
1530 1231 1563 1261 ad
1574 1232 1774 1270 appetendum
1785 1231 1881 1271 potest
1895 1252 1904 1266 ,
1922 1231 1942 1261 si
1955 1232 1984 1261 id
1997 1252 2009 1266 ,
2028 1231 2112 1272 quod

1153 1273 1290 1306 videtur,
1326 1283 1389 1303 non
1410 1274 1589 1313 percipitur,
1615 1275 1918 1304 accommodatumne
1941 1283 2050 1304 naturae
2069 1273 2115 1307 sit,

1154 1325 1191 1344 an
1202 1316 1336 1345 alienum
1349 1317 1359 1344 ?
1378 1317 1515 1355 Itemque
1528 1334 1536 1347 ‚
1552 1312 1571 1343 fi
1584 1333 1593 1348 ,
1613 1315 1684 1355 quid
1699 1316 1835 1355 qffi'ciifhi
1846 1314 1878 1346 sit
1888 1336 1897 1348 ‚
1910 1325 1973 1346 non
1984 1317 2116 1346 occurrit

1153 1359 1273 1390 animo,
1298 1357 1376 1387 nihil
1392 1361 1532 1397 umquam
1548 1366 1750 1398 omninoaget
1766 1377 1773 1390 ,
1794 1358 1829 1387 ad
1842 1358 1956 1387 nullam
1970 1367 2032 1387 rem
2046 1367 2116 1387 um-

1154 1408 1243 1439 quam
1263 1399 1453 1438 impelletur,
1477 1408 1644 1438 numquam
1668 1399 1852 1430 movebitur.
1875 1398 2116 1439 qubdfialiquid

1154 1441 1315 1480 aliquando
1334 1440 1451 1470 acturus
1471 1439 1530 1473 est,
1553 1437 1665 1470 necess'e
1686 1440 1727 1470 est
1740 1441 1768 1470 id
1782 1452 1808 1470 ei
1822 1451 1949 1473 verum,
1969 1441 2050 1481 quod
2061 1450 2115 1470 oc-

1153 1485 1264 1515 currit,
1284 1483 1389 1513 videri.
1413 1482 1513 1523 Qid?
1535 1481 1636 1521 quod,
1656 1480 1675 1511 si
1690 1482 1816 1512 istziveri
1826 1483 1892 1512 sunt
1904 1503 1911 1515 ,
1923 1490 1997 1511 ratio
2009 1483 2114 1512 omnis

1155 1525 1291 1558 tollitur,
1315 1523 1394 1565 quasi
1411 1523 1545 1564 quaedim
1564 1523 1616 1551 lux
1630 1542 1638 1556 ,
1656 1529 1803 1565 lumenque
1823 1525 1888 1553 vitae
1901 1530 1910 1550 ξ’
1924 1534 2064 1554 tamenne
2078 1525 2114 1554 in

1155 1565 1208 1596 ista
1219 1568 1365 1605 pravitatez
1377 1565 1542 1606 perstabitis
1555 1568 1642 1594 ?nam
1654 1568 1806 1606 qiiaerendi
1817 1567 1940 1596 initium
1952 1568 2025 1596 ratio
2035 1574 2113 1595 attu-

1154 1610 1206 1639 lit:
1226 1618 1291 1648 quae
1300 1607 1422 1648 perfecit
1433 1610 1575 1637 virtutem
1586 1626 1594 1640 ‚
1617 1607 1687 1637 cum
1697 1606 1766 1639 esset
1778 1608 1836 1648 ipsa
1847 1617 1920 1637 ratio
1934 1606 2113 1638 confirmata
2146 1615 2149 1622 ·

1153 1651 1324 1692 quaerendo.
1347 1649 1471 1691 quaestio
1480 1658 1578 1678 autem
1592 1669 1600 1682 ,
1612 1648 1655 1679 est
1665 1653 1806 1689 appetitio
1816 1652 2000 1689 cognitionis
2014 1659 2114 1689 :quae-

1155 1693 1318 1733 stionisque
1339 1691 1407 1722 finis
1419 1712 1428 1725 ,
1448 1694 1593 1720 inventio.
1618 1694 1656 1720 At
1673 1702 1748 1720 nemo
1767 1692 1978 1730 intsmnjaish:
1997 1700 2111 1724 necea,

1155 1745 1220 1775 quae
1231 1735 1342 1764 incerta
1350 1741 1525 1773 permanent
1535 1751 1542 1764 ,
1556 1734 1677 1762 inventa
1687 1732 1744 1762 effe
1755 1731 1875 1773 poss'unt
1887 1744 1891 1761 2
1903 1732 1952 1762 sed
1962 1752 1971 1765 ‚
1983 1731 2054 1762 cum
2065 1742 2110 1765 ea,

1155 1787 1219 1818 quae
1241 1774 1321 1816 quasi
1333 1775 1470 1804 involuta
1478 1773 1599 1803 fuerunt
1610 1794 1621 1807 ‚
1638 1783 1732 1813 aperta
1742 1775 1809 1804 sunt
1823 1794 1835 1807 ,
1855 1773 2112 1804 tuminventadi-

1155 1827 1271 1849 cuntur.
1286 1815 1333 1846 ‘sic
1343 1816 1510 1846 &initium
1526 1817 1679 1855 quaerendi
1693 1835 1700 1849 ,
1713 1816 1744 1846 ὅτ.
1755 1819 1852 1846 exitus
1861 1814 2065 1856 percipiendi,
2078 1814 2113 1845 &

1154 1858 1432 1898 comprehendendi
1449 1866 1539 1887 tenet.
1561 1859 1658 1898 itaque
1677 1859 1845 1899 argumenti
1857 1855 2026 1890 conclusio,
2045 1866 2112 1896 quae

1156 1901 1199 1932 est
1218 1899 1323 1930 Graece
1333 1901 1446 1934 ἀπὲὸειξις
1457 1918 1465 1930 ,
1486 1901 1526 1929 ita
1546 1898 1703 1929 definitur:
1725 1900 1811 1929 Ratio
1821 1919 1830 1933 ,
1850 1910 1908 1941 qua:
1920 1910 1954 1927 ex
1964 1897 2110 1940 rehusper-

1156 1951 1235 1985 ceptis
1243 1942 1319 1971 adid
1328 1963 1336 1976 ,
1345 1942 1420 1984 quod
1430 1953 1479 1972 non
1487 1940 1691 1981 percipiebatur
1704 1963 1711 1975 ,
1723 1942 1847 1971 adducit.
1873 1940 1963 1980 Quod
1975 1940 1996 1970 fi
2006 1941 2112 1969 omnia
2125 1953 2149 1986 9

1155 1986 1215 2016 Visa
1225 1986 1361 2022 eiusmod
1387 1983 1480 2014 ess'ent
1490 2004 1498 2017 ,
1519 1983 1673 2028 qualiaisti
1687 1984 1791 2014 dicunt
1802 2004 1811 2017 ,
1833 1993 1865 2013 ut
1875 1994 1906 2013 ea
1917 1983 1964 2013 vel
1972 1981 2042 2012 falsa
2052 1980 2112 2011 esse

1156 2025 1272 2068 poffent
1282 2047 1290 2060 ,
1315 2037 1412 2068 neque
1423 2036 1455 2056 ea
1464 2023 1558 2066 poflet
1567 2026 1628 2055 ulla
1637 2027 1725 2056 notio
1736 2025 1915 2056 discernere:
1937 2034 1998 2065 quo
2015 2023 2116 2062 modo*

1154 2071 1327 2111 quempiam
1336 2078 1385 2098 aut
1395 2065 1567 2099 conclusisse
1577 2068 1700 2107 aliquid,
1712 2077 1761 2097 aut
1770 2066 1916 2098 inveniffe
1929 2067 2057 2096 dicerem
2064 2067 2113 2094 us?

1154 2121 1205 2141 aut
1221 2121 1287 2150 quae
1309 2109 1379 2140 ess'et
1397 2106 1528 2141 conclusi
1537 2111 1706 2149 argumenti
1719 2108 1808 2139 fides?
1826 2109 1891 2149 Ipsa
1899 2117 2002 2138 autem
2011 2108 2113 2146 philo-

1155 2154 1275 2193 sophia,
1295 2163 1354 2194 quae
1373 2149 1528 2181 ratiombm
1543 2151 1670 2192 progredi
1692 2150 1785 2185 debet,
1805 2161 1899 2191 quem
1918 2149 2039 2180 habebit
2047 2149 2113 2178 exi-

1156 2205 1220 2226 tum
1235 2197 1244 2223 ?
1266 2195 1414 2234 sapientiae
1433 2191 1506 2223 vero
1523 2194 1595 2233 quid
1616 2192 1753 2223 futurum
1773 2192 1838 2223 est?
1855 2202 1920 2233 quae
1944 2200 2028 2231 neque
2046 2189 2112 2229 dest

1156 2237 1216 2278 φρ,
1225 2235 1354 2265 dubitare
1362 2236 1468 2269 debet,
1484 2245 1582 2275 neque
1591 2235 1627 2264 de
1639 2235 1697 2265 suis
1708 2235 1833 2265 decretis
1845 2255 1852 2267 ,
1865 2244 1929 2274 quae
1939 2231 2114 2273 philosophi

1158 2288 1266 2309 vocarit
1284 2279 1412 2312 δὀγμωξῖτ
1433 2287 1564 2318 quorum
1577 2277 1696 2306 nullum
1708 2276 1769 2306 fine
1779 2276 1884 2306 scelere
1897 2273 1983 2315 prodi
1993 2275 2113 2313 poterit.

1158 2320 1230 2351 cum
1245 2321 1327 2349 enim
1344 2319 1496 2349 decretum
1507 2319 1653 2358 proditur,
1665 2319 1715 2347 lex
1724 2319 1805 2351 veri,
1821 2316 1953 2357 rezffique
1964 2315 2114 2354 proditur.

1156 2372 1217 2403 quo
1232 2362 1247 2391 ὲ
1259 2363 1333 2390 vitio
1345 2360 1376 2390 &
1386 2361 1586 2390 amicitiarum
1598 2359 1784 2398 proditiones
1795 2379 1803 2391 ‚
1827 2359 1859 2388 &
1870 2367 1970 2388 rerum
1982 2356 2117 2397 publica-

1157 2413 1224 2433 rum
1247 2403 1325 2432 nasci
1344 2402 1448 2431 soient.
1472 2405 1545 2432 Non
1564 2400 1661 2441 potest
1670 2403 1759 2442 igitur
1767 2400 1896 2430 dubitari
1908 2420 1917 2432 ,
1939 2402 2013 2439 quin
2023 2398 2114 2427 decre-

1157 2454 1220 2475 tum
1238 2446 1346 2473 nullum
1358 2443 1470 2482 fazficm
1489 2442 1568 2483 poffit
1587 2441 1634 2479 effi
1645 2463 1654 2476 ,
1673 2447 1691 2469 4
1701 2442 1883 2482 sapientique
1903 2442 1968 2471 satis
1980 2440 2012 2470 fit
2023 2460 2030 2474 ,
2051 2448 2117 2469 non

1159 2485 1216 2516 effe
1225 2485 1334 2515 falsum
1346 2505 1354 2518 ‚
1373 2485 1395 2515 11
1405 2485 1422 2514 d
1435 2487 1524 2514 etiam
1537 2483 1639 2514 stabile
1650 2504 1659 2518 ‚
1685 2483 1781 2513 fixum
1793 2503 1802 2517 ‚
1826 2493 1923 2513 ratum
1934 2481 1991 2512 effe
2001 2481 2117 2511 debean

1158 2527 1240 2569 quod
1253 2536 1376 2557 movere
1390 2527 1471 2555 nulla
1481 2529 1556 2556 ratio
1567 2535 1662 2565 queat.
1682 2527 1750 2556 talia
1760 2534 1861 2554 autem
1872 2534 1969 2565 neque
1979 2522 2049 2556 effe,
2061 2531 2116 2551 ne-

1159 2579 1217 2610 que
1236 2569 1334 2598 videri
1355 2566 1475 2608 pofl'unt
1486 2577 1590 2598 eorum
1603 2577 1716 2597 ratione
1727 2587 1735 2600 ,
1753 2568 1803 2607 qui
1815 2567 1865 2596 illa
1874 2567 1933 2596 visa
1947 2586 1956 2600 ,
1977 2565 1994 2595 ὲ
2007 2563 2116 2605 quibus

1161 2613 1263 2641 omnia
1281 2611 1396 2640 decreta
1415 2611 1481 2640 sunt
1502 2619 1568 2640 nata
1581 2629 1588 2643 ,
1609 2618 1717 2650 negant
1735 2608 1899 2649 quidquam
1916 2605 2118 2638 afalsisinter-

1163 2651 1230 2683 effe.
1254 2655 1300 2682 Ex
1311 2653 1369 2681 hoc
1378 2651 1453 2681 illud
1466 2651 1508 2681 cst
1519 2661 1622 2681 natum
1635 2671 1643 2684 ‚
1664 2651 1745 2691 quod
1756 2649 1919 2690 postulabat
1930 2645 2117 2682 Hortensius,

1165 2704 1196 2724 ut
1214 2694 1244 2724 id
1255 2694 1353 2733 ipsum
1373 2694 1475 2724 saltem
1494 2701 1667 2733 pei-ceptum
1685 2693 1700 2722 a
1721 2692 1850 2731 sapiente
1872 2691 2007 2721 diceretis
2018 2708 2027 2720 ‚
2048 2690 2123 2719 nihil

1160 2737 1230 2778 ροβε
1243 2735 1358 2778 percipi.
1380 2735 1437 2766 Sed
1461 2736 1621 2775 Antipatro
1629 2736 1687 2765 hoc
1700 2734 1781 2765 idem
1791 2732 1972 2774 postulanti,
1990 2729 2061 2760 cum
2074 2730 2121 2760 di-

2029 2781 2120 2806 ceret,

184 2945 190 2951 .
209 2919 233 2936 1.
252 2912 298 2942 Q}
307 2912 421 2944 quidquid
428 2912 551 2946 videtum]
563 2913 604 2938 Ita
613 2911 722 2948 quidem
732 2910 819 2938 editus
830 2909 862 2936 ab
872 2909 950 2936 Aldis
960 2921 969 2942 ,=
979 2908 1021 2936 sed
1033 2908 1126 2936 Vieto-

167 2955 243 2973 nana
252 2946 377 2972 videatur.
388 2957 470 2982 ineque
480 2950 557 2975 aliter
568 2948 636 2975 Pali.

205 2999 235 3017 2.
254 2992 303 3022 Qu·
321 3001 364 3030 min
382 2994 407 3016 in
418 2993 556 3026 stafilum]
578 2992 722 3018 Lambinus
742 2990 872 3018 indicavit
892 2990 1044 3027 quibusdam
1066 2989 1123 3016 mss.

168 3025 253 3054 abesse
262 3034 433 3066 negativqm,
454 3037 564 3062 euinque
575 3028 671 3054 abesset
691 3028 756 3054 item
776 3027 935 3054 membranis
955 3026 1124 3056 swifioris,

169 3062 309 3088 delendam
321 3061 439 3089 ceiiiebat
450 3063 622 3090 Gulielmius.
633 3063 732 3091 habeut
743 3072 830 3090 tamen
841 3063 965 3096 Palatini,
977 3063 1004 3089 Sc
1017 3062 1124 3089 videtui·

170 3098 274 3135 proi-iiis
286 3097 434 3125 necessaria.

187 3142 190 3145 '
204 3142 232 3170 3.
250 3135 294 3161 Sed
302 3135 464 3169 camstabilem
474 3142 560 3169 quoque
573 3134 668 3169 arque]
689 3133 732 3162 Sic
742 3134 811 3171 Pali.
823 3134 905 3163 nostri
917 3154 925 3169 ,
937 3134 970 3162 fic
981 3133 1064 3162 editio
1074 3134 1122 3161 Vi-

1148 2913 1151 2954 2
1169 2908 1261 2970 &qi-ii,
1273 2917 1348 2944 quam
1362 2916 1450 2936 tamen
1462 2917 1540 2934 nenio
1551 2907 1651 2933 secutus
1661 2905 1697 2932 est
1708 2914 1717 2936 5
1738 2903 1858 2931 contenti
1868 2903 1978 2938 vulgato
1990 2904 2047 2937 ’s‘d
2054 2906 2126 2930 etiam

1148 2959 1149 2965 κ
1161 2948 1202 2978 sta
1218 2948 1227 2970 i
1238 2955 1271 2970 em
1280 2952 1361 2979 atque.

1203 2997 1231 3021 4.
1249 2987 1499 3022 Sapiemiquefiuisstr
1507 2995 1552 3011 nen
1563 3004 1571 3016 ‚
1580 2985 1647 3017 ἀνα]
1670 2983 1737 3010 Pali.
1749 2984 1777 3009 ὃς
1788 2983 1854 3009 liber
1866 2985 1892 3010 S.
1904 2983 2020 3010 V16t0ris
2024 2985 2124 3018 sapien-

1167 3026 1250 3059 ttffiue.
1272 3026 1301 3050 1².
1314 3023 1450 3050 Manutius
1463 3041 1471 3052 ,
1489 3022 1516 3046 8<
1529 3021 1614 3056 postca
1630 3019 1774 3046 Lambinus
1793 3019 1877 3046 adhuc
1895 3020 2005 3046 alteram
2019 3020 2125 3055 negati-

1169 3069 1225 3087 vam
1238 3061 1326 3087 textui
1336 3057 1512 3086 interserucrc
1524 3075 1532 3087 ,
1543 3064 1577 3082 ex
1587 3065 1640 3082 uiio
1651 3055 1824 3089 iiisss‘eip.J}itis
1834 3057 1913 3090 nonsit
1925 3075 1934 3088 ,
1944 3066 1988 3082 non
2000 3075 2008 3087 ,
2017 3056 2068 3086 &a
2087 3063 2124 3082 ex

1144 3090 1147 3115 Ι
1167 3097 1192 3122 su
1213 3104 1326 3122 ervacuo
1344 3103 1350 3119 z
1371 3094 1443 3122 idern
1457 3092 1528 3120 euim
1540 3091 1625 3119 seusus
1639 3091 1750 3120 resultat
1767 3101 1800 3119 cx
1819 3092 1950 3128 vulgat05
1968 3092 2127 3129 inquitGu-

1143 3119 1147 3168 l
1164 3132 1200 3160 lie
1215 3132 1294 3159 mius·

2060 3172 2070 3191 i
2078 3182 2084 3190 .
2095 3164 2128 3189 δι’
