2316 3395
156 146 253 207 146
569 137 1068 191 M.Tu1„t.11

153 232 222 274 plus
232 228 377 260 facultatis
387 225 490 257 habuit
500 224 534 255 ad
547 221 814 263 dicendum,quam
826 220 999 251 voluntatis.
1021 220 1123 259 Itaque

156 273 255 306 studio
276 273 346 301 huic
367 279 430 300 non
443 267 587 299 satisfecit
599 277 603 295 ;
627 263 731 295 officio
739 263 813 294 vero
826 273 881 293 nec
891 265 924 292 in
935 262 1058 292 suorum
1069 271 1124 290 ne-

159 314 351 346 cefiiiriorum
361 310 462 343 causis,
475 320 530 340 nec
543 310 574 338 iii
586 308 729 337 sententia
740 306 884 336 senatoria
892 302 1000 334 defuit.
1023 304 1123 333 Etiam

156 360 202 388 M.
213 355 370 388 Pontidius
381 374 388 387 ‚
403 354 558 390 municeps
569 348 680 382 noster,
693 348 801 378 multas
810 349 933 388 privatas
944 346 1041 376 causas
1051 344 1124 376 aeh-

157 402 240 432 tavit,
253 397 388 428 celeriter
398 393 464 424 sine
474 393 563 423 verba
572 392 714 425 volvem,
728 401 784 420 nec
794 389 885 420 hebes
895 391 929 419 in
938 386 1029 418 causis
1040 408 1049 421 ‚
1073 387 1122 417 vel

156 442 267 473 dicam,
280 439 345 479 plus
356 439 445 466 etiam
457 435 546 476 quam
558 444 622 464 non
631 434 722 463 hebes
734 453 742 466 ,
764 433 813 462 sed
825 430 1020 462 effervescens
1030 432 1063 460 in
1074 429 1122 459 di—

157 482 253 514 cendo
265 480 416 511 stomacho
428 478 502 517 ssepe
512 497 519 510 ‚
545 475 754 517 iracundiaque
762 475 974 505 vehementius
987 483 993 501 ι
1015 481 1119 502 utnon

157 535 228 555 cuni
240 522 404 553 adversario
417 518 581 552 solrimssed
593 520 683 548 etiarn
694 517 787 558 (quod
799 515 948 556 mirabile)
959 513 1121 554 curnjudi-

156 577 189 597 ce
200 566 263 605 ipso
275 585 283 598 ,
306 563 391 599 cujus
402 560 534 590 delinitor
547 559 603 590 effe
615 559 704 590 debet
713 568 812 589 orator
821 579 829 593 ,
851 559 951 600 jurgio
961 557 1036 597 saepe
1046 566 1121 586 con-

157 608 299 638 tenderet.
323 607 367 634 M.
379 602 514 633 Messalla
523 605 627 632 minor
636 610 718 635 natu,
729 601 820 642 quam
831 610 886 630 nos
897 620 906 634 ‚
927 599 1014 630 nullo
1025 597 1121 628 modo

157 652 246 689 inops
259 669 267 682 ,
284 647 333 678 sed
344 656 410 676 non
421 647 516 675 nimis
526 653 648 675 ornatus
658 653 765 686 genere
773 643 937 673 verborum
949 653 954 671 z
977 640 1120 682 prudens,

158 701 271 724 acutus,
289 688 422 719 minime
433 689 568 718 incantus
578 707 586 721 ,
599 695 739 726 patronus
750 687 782 715 in
792 683 883 715 causis
894 682 1120 725 cognoscendis,

159 730 438 773 componendisque
455 729 584 771 diligens
593 749 601 761 ‚
625 729 727 770 magni
747 727 856 757 laboris
867 747 876 760 ,
900 726 1004 756 multae
1014 735 1121 765 operae,

160 776 384 814 multarumque
394 772 554 802 causarum.
580 773 653 800 Duo
663 772 752 800 etiarn
764 769 895 801 Metelli,
906 768 1000 802 Celer,
1015 768 1047 797 &
1058 769 1090 796 N
1093 777 1124 796 e-

160 827 214 857 pos
225 837 233 850 ,
248 820 257 836 ¹
270 816 349 846 nihil
359 816 392 844 in
400 812 491 844 causis
502 813 626 846 versati,
640 822 694 842 nec
705 810 765 851 sine
776 812 911 852 ingenio,
923 820 979 840 nec
990 807 1121 841 indoffi,

161 861 220 889 hoe
229 866 311 888 erant
320 856 461 897 populare
471 854 591 885 dicendi
601 863 694 895 genus
704 851 834 884 assecuti.
855 855 887 882 C.
898 860 997 883 autem
1009 853 1125 881 Lentu-

160 901 209 931 lus
228 899 423 930 Marcellinus
435 918 442 930 ,
467 907 522 927 nec
534 906 667 937 unquam
678 895 838 925 indisertus
851 916 859 928 ‚
885 894 918 924 δε
927 896 959 924 in
969 893 1124 924 consulatu

161 943 358 983 pereloquens
369 940 451 970 visus
463 938 515 972 est,
527 949 590 968 non
600 937 699 968 tardus
709 937 874 971 sententiis,
886 946 950 966 non
960 937 1049 975 inops
1059 944 1125 964 ver-

162 986 221 1018 bis,
234 994 308 1014 vocc
318 991 437 1015 canora,
449 980 560 1011 facetus
570 981 647 1010 satis.
674 982 707 1009 C.
720 980 888 1008 Memmius
901 999 910 1011 ‚
932 979 1021 1008 Lucii
1031 976 1123 1009 filius,

162 1025 313 1068 perfecttis
325 1025 429 1054 litteris
441 1043 449 1057 ,
475 1023 522 1053 sed
533 1023 647 1052 Grecis:
669 1020 838 1051 fastidiosus
849 1020 916 1051 sane
929 1022 1106 1050 Latinarum
1120 1029 1125 1047 :

162 1077 282 1110 argutus
293 1075 388 1097 orator
399 1086 406 1099 ,
417 1064 572 1105 verbisque
583 1064 679 1093 dulcis
691 1083 699 1097 ,
712 1062 760 1093 sed
770 1062 890 1104 fugiens
901 1072 966 1092 non
977 1059 1072 1092 modo
1081 1060 1127 1090 di-

163 1110 251 1142 cendi
264 1131 271 1143 ,
295 1107 403 1139 verum
413 1109 503 1137 etiam
513 1105 664 1146 cogitandi
673 1105 805 1135 laborem
816 1124 824 1137 ‚
849 1113 966 1134 tantum
977 1102 1074 1132 sibide
1083 1101 1128 1132 fa-

166 1152 273 1184 cultate
284 1151 411 1181 detraxit
421 1170 429 1182 ‚
447 1157 593 1190 quantum
604 1148 764 1177 imminuit
773 1145 935 1176 industriae.
981 1147 1050 1175 Hoc
1059 1145 1128 1175 loco

168 1197 274 1224 Brutus
287 1214 296 1226 ,
310 1192 410 1232 Q‘tffl
421 1191 544 1223 vellem,
557 1191 664 1230 inquit,
675 1188 711 1218 de
722 1190 768 1218 his
779 1190 869 1218 etiam
879 1187 1044 1218 oratoribus
1056 1206 1064 1220 ,
1076 1188 1127 1227 qui

166 1236 258 1267 hodie
269 1236 346 1268 sunt,
358 1233 415 1264 tibi
426 1232 523 1262 dicere
533 1232 657 1262 luberet.
671 1231 713 1264 δε,
726 1228 790 1260 side
802 1231 868 1260 aliis
879 1232 993 1262 minus,
1005 1229 1041 1259 de
1052 1228 1128 1258 duo-

165 1279 222 1309 bus
234 1287 335 1308 tamen
347 1297 354 1309 ,
367 1285 442 1316 quos
453 1274 468 1304 a
478 1283 506 1304 te
516 1274 534 1303 s
529 1276 576 1303 cio
585 1273 697 1304 laudari
708 1273 812 1305 solere,
826 1273 947 1305 Caesare,
960 1272 992 1301 &
1003 1271 1129 1300 Marcel·

167 1321 198 1351 lo
211 1340 219 1354 ,
235 1318 370 1349 audirem
381 1327 445 1347 non
456 1318 559 1345 minus
569 1315 698 1345 libenter
707 1334 716 1348 ,
737 1325 828 1355 quam
840 1313 941 1344 audivi
952 1313 987 1343 de
998 1314 1036 1342 iis
1046 1333 1054 1346 ,
1079 1313 1130 1353 qui

167 1361 302 1393 fuerunt.
326 1363 386 1390 Cur
398 1358 530 1391 tandem,
542 1360 667 1398 inquam
680 1359 690 1386 ἓ
712 1366 751 1386 an
760 1355 923 1396 exspe&a8‚
934 1355 1006 1396 quid
1017 1356 1130 1395 egoju-

169 1403 269 1434 dicem
280 1402 317 1432 de
326 1401 390 1432 istis
401 1420 410 1435 ,
426 1402 478 1441 qui
488 1400 541 1429 tibi
552 1400 620 1429 sunt
629 1397 712 1439 aeque
724 1400 800 1432 noti,
811 1408 843 1428 ac
852 1398 953 1427 mihi?
975 1398 1054 1426 Mihi
1064 1406 1130 1425 me-

168 1445 300 1477 hercule,
312 1444 420 1484 inqust,
434 1441 593 1471 Marcellus
605 1441 670 1471 satis
680 1439 722 1470 est
733 1449 822 1470 notus
833 1452 842 1474 ς
868 1440 961 1470 Caesar
971 1447 1071 1468 autem
1080 1448 1129 1478 pa-

168 1497 249 1518 rum.
273 1486 363 1516 illum
374 1486 458 1514 enim
471 1484 542 1523 saepe
551 1482 671 1513 audivi:
692 1484 761 1515 hic,
781 1480 852 1512 cum
864 1492 919 1523 ego
930 1480 1129 1519 judicarejam

168 1527 281 1570 aliquid
290 1526 407 1567 possem
420 1546 427 1560 ,
449 1525 552 1556 abfuit.
584 1523 665 1564 Qid
676 1526 765 1565 igitur
774 1523 810 1553 de
821 1523 1018 1563 illojudicas‚
1038 1531 1130 1562 quem

170 1572 244 1611 saepe
254 1569 382 1600 audisti?
405 1567 486 1609 Qid
496 1567 596 1597 censes
607 1587 615 1600 ,
635 1567 749 1607 inquit,
763 1564 818 1595 nisi
827 1565 856 1595 id
867 1585 876 1599 ,
889 1564 971 1606 quod
981 1564 1132 1594 habiturus

170 1624 201 1643 es
213 1611 343 1642 similem
354 1612 419 1640 tui?
443 1612 499 1639 Nae
510 1619 566 1651 ego
578 1629 586 1642 ,
599 1610 735 1649 inquam,
749 1605 817 1637 siita
827 1607 878 1641 est,
890 1607 984 1637 velim
996 1605 1050 1635 tibi
1061 1615 1131 1635 eum

170 1655 284 1695 placere
293 1653 383 1694 quam
395 1650 542 1682 niaximess
575 1651 709 1691 Atqui&
720 1652 760 1679 ita
769 1648 811 1679 est
822 1669 829 1683 ,
853 1650 953 1690 inquit
963 1669 971 1682 ,
997 1648 1030 1678 &
1040 1648 1132 1677 vehe-

171 1705 290 1726 menter
299 1696 407 1736 placet:
418 1702 474 1724 nec
482 1691 555 1722 verb
566 1690 626 1722 sine
634 1691 725 1722 causa.
737 1701 809 1721 nam
820 1691 852 1721 δε
860 1691 971 1724 didicit,
983 1690 1026 1724 δε,
1039 1689 1133 1719 omis—

170 1737 208 1768 sis
216 1740 320 1769 ceteris
331 1735 436 1766 studiis
445 1755 454 1769 ,
476 1744 574 1764 unum
584 1734 615 1764 id
626 1735 686 1776 egit
696 1754 706 1766 ,
726 1733 843 1774 seseque
851 1732 1037 1774 quotidianis
1046 1741 1133 1761 corn—

172 1779 413 1811 mentationibus
421 1776 564 1808 acerrime
586 1778 731 1806 exercuit.
761 1778 864 1816 Itaque
882 1775 914 1805 δε
933 1774 1019 1804 icens
1038 1775 1133 1803 utitur

171 1822 273 1852 verbis
282 1842 291 1856 ‚
315 1818 562 1860 &frequentibus
572 1837 580 1851 ,
604 1818 636 1848 δι’.
648 1816 803 1858 splendore
813 1818 896 1847 vocis
904 1837 914 1851 ,
937 1816 970 1846 δε
987 1816 1132 1856 dignitate

173 1872 277 1894 motus
288 1861 322 1893 fit
331 1861 497 1902 speciosum
510 1880 519 1893 ‚
531 1858 689 1890 &illustre
699 1879 708 1893 ,
727 1859 807 1899 quod
819 1858 940 1889 dicitur:
968 1859 1132 1898 omniaque

173 1904 212 1936 sic
221 1906 396 1945 suppetunt,
410 1911 443 1933 ut
452 1903 480 1932 ei
489 1902 606 1932 nullam
617 1899 712 1931 deess'e
720 1903 864 1931 virtutem
874 1902 999 1931 oratoris
1008 1907 1112 1940 putem
1124 1909 1128 1928 z

173 1949 370 1987 maximeque
389 1943 552 1975 laudandus
573 1942 615 1972 est
625 1962 633 1976 ,
655 1953 708 1984 qui
718 1946 732 1962 2
745 1944 803 1972 hoc
813 1951 948 1982 tempore
958 1942 1040 1982 ipso,
1060 1939 1132 1971 curn

173 1990 270 2022 liceat,
279 1990 314 2018 in
325 1991 383 2017 hoc
390 1986 553 2016 communi
561 1983 676 2018 nostro,
688 1984 722 2014 &
730 1983 808 2025 quasi
818 1983 898 2014 fatali
909 1985 990 2014 malo
1002 2004 1010 2018 ‚
1023 1984 1132 2013 conso-

173 2030 289 2062 letur-se
296 2028 368 2060 cum
379 2027 543 2068 conscientia
552 2028 675 2066 optirnae
688 2028 799 2056 mentis
809 2046 817 2060 ,
838 2034 903 2056 tum
914 2034 1005 2056 etiam
1015 2026 1134 2065 usurpa-

174 2075 260 2104 tione
271 2092 281 2105 ,
293 2072 325 2102 δε
334 2071 531 2101 renovatione
542 2068 699 2098 domitrinae.
730 2067 804 2098 Vidi
814 2069 898 2098 enim
907 2068 1066 2108 Mytilenis
1076 2077 1134 2097 nu-

173 2125 227 2155 per
235 2115 335 2145 virum
349 2132 358 2146 ,
377 2121 464 2152 atque
481 2111 528 2150 (ut
544 2109 623 2149 dixi)
639 2110 704 2139 vidi
719 2109 803 2150 plan&
818 2110 928 2139 virum.
951 2112 1052 2150 Itaque
1062 2108 1134 2138 cum

176 2166 250 2187 eum
259 2164 343 2185 antea
352 2156 397 2184 tui
407 2153 535 2183 similem
546 2153 580 2181 in
589 2151 718 2182 dicendo
728 2151 858 2181 viderim
869 2171 878 2183 ,
895 2159 960 2180 tum
971 2149 1044 2180 vero
1054 2160 1135 2179 nunc

175 2197 194 2228 ‘a
203 2195 376 2228 do&iffimo
386 2197 463 2228 viro,
474 2194 600 2234 tibique,
611 2202 644 2223 ut
653 2193 804 2224 intellexi,
817 2190 1007 2224 amiciffinw,
1022 2193 1135 2230 Cratip-

175 2250 216 2280 po
227 2259 237 2273 ,
259 2237 441 2268 instrustum
450 2238 538 2266 omni
555 2237 640 2276 copia
651 2255 660 2268 ‚
684 2234 785 2264 multo
793 2233 933 2263 videbam
944 2231 1135 2262 similiorem.

180 2279 241 2312 Hic
250 2290 316 2322 ego,
328 2277 398 2313 Erfi,
412 2280 547 2319 inquam,
559 2277 596 2308 de
605 2278 716 2317 optimi
724 2277 794 2308 viri,
809 2274 955 2315 nobisque
966 2272 1136 2305 amicissimi

178 2322 316 2354 laudibus
327 2321 465 2351 lubenter
472 2319 677 2353 audio‚tamen
686 2319 807 2348 incurro
816 2319 850 2346 in
859 2318 1041 2346 memoriam
1051 2325 1138 2345 com-

178 2367 323 2396 munium
334 2363 520 2393 miseriarum
532 2382 540 2395 ‚
551 2371 678 2402 quarum
688 2359 880 2390 oblivionem
890 2368 1025 2399 quaerens
1037 2378 1045 2391 ,
1058 2358 1137 2387 hunc

179 2407 280 2448 ipsum
298 2406 471 2436 sermonem
489 2404 563 2444 prod
569 2404 622 2433 uxi
640 2403 774 2443 longius.
796 2400 853 2432 Sed
873 2400 909 2430 de
929 2400 1038 2430 Caesare
1048 2401 1137 2439 cupio

117 2460 133 2493 7
143 2460 162 2485 2
179 2448 281 2479 audire
293 2468 302 2482 ‚
324 2446 397 2488 quid
408 2445 529 2476 tandem
540 2443 800 2484 Attticusjudicct.
844 2445 883 2473 Et
893 2442 945 2471 ille
956 2463 964 2475 ,
987 2440 1137 2475 Praeclare,

181 2492 293 2531 inquit,
305 2490 361 2519 tibi
370 2487 496 2521 constas,
508 2496 542 2517 ut
551 2486 587 2517 de
595 2488 645 2520 iis,
656 2487 709 2527 qui
721 2495 803 2516 nunc
813 2483 871 2515 sint
881 2504 889 2518 ‚
904 2485 983 2514 nihil
992 2484 1067 2514 velis
1079 2483 1137 2523 ipse

181 2532 280 2563 dicere
294 2543 299 2561 ;
320 2531 354 2560 &
362 2530 460 2560 hercle
471 2528 539 2559 sisic
548 2538 658 2570 ageres,
669 2537 703 2558 ιιι
713 2527 750 2558 de
760 2528 798 2557 iis
809 2525 906 2569 egisti,
922 2528 973 2567 qui
981 2527 1043 2566 jam
1055 2534 1139 2554 moi·-

183 2575 227 2604 tui
237 2574 304 2603 sunt
316 2583 321 2601 :
343 2573 502 2602 neminem
511 2579 544 2601 ut
552 2571 801 2611 praetermittereS,
813 2579 858 2599 nae
869 2570 940 2598 tuin
952 2567 1066 2597 multos
1077 2569 1139 2597 Au-

181 2616 311 2648 tronios,
323 2614 355 2644 &
364 2614 498 2650 Staienos
508 2615 684 2642 incurreres.
708 2614 805 2653 Qare
816 2609 874 2641 five
883 2611 959 2640 hanc
966 2609 1084 2640 turbam
1095 2607 1140 2637 ef·

180 2656 284 2699 fugere
302 2655 426 2686 voluisti
436 2675 444 2688 ,
466 2653 645 2685 siveveritus
659 2663 707 2688 es,
733 2653 876 2694 nequisse
887 2660 936 2683 aut
945 2653 1138 2692 praeteritum,

183 2708 233 2729 aut
244 2708 306 2728 non
317 2697 383 2727 fatis
394 2695 543 2726 laudatum
556 2698 640 2737 queri
659 2693 760 2735 poffit:
784 2694 821 2725 de
839 2695 949 2725 Caesare
965 2702 1067 2723 tamen
1083 2702 1139 2732 po-

183 2739 266 2770 tuisti
275 2739 373 2769 dicere
381 2758 390 2772 ‚
411 2738 574 2778 praesertim
584 2736 655 2767 cuni
668 2737 701 2767 ὃς
712 2746 799 2767 tuum
810 2736 847 2766 de
855 2736 938 2766 illius
947 2736 1073 2777 ingenio
1082 2744 1125 2764 no
1134 2752 1142 2756 -

184 2780 330 2813 tissimum
337 2780 488 2821 judicium
498 2778 567 2809 effet
574 2799 583 2814 ‚
606 2789 661 2810 nec
671 2779 755 2809 illius
765 2778 802 2810 de
812 2786 866 2809 tuo
877 2778 1049 2809 obscurum.
1084 2775 1141 2808 Sed

226 2942 251 2959 r.
272 2935 372 2959 Nihii'in
383 2934 456 2967 caefis
466 2933 584 2966 versatis!
603 2933 680 2959 Nihil
692 2939 796 2959 mutant
806 2931 867 2958 libri
877 2931 969 2958 nostri.
992 2929 1097 2956 videtui-
1107 2936 1148 2955 tzi-

1149 133 1683 178 Cic-‚ianuis

1168 222 1270 243 tamen
1281 233 1290 247 ²
1303 215 1392 243 Brute
1404 234 1411 246 ,
1423 212 1524 254 inquit
1534 215 1650 244 Atticus
1660 234 1669 248 ‚
1686 213 1723 244 de
1734 212 1845 244 Caesare
1855 211 1887 242 δε
1898 211 1958 252 ipse
1967 211 2007 241 ita
2018 209 2128 246 iudico.

1168 256 1202 286 Sc
1221 255 1257 286 de
1275 257 1334 285 hoc
1352 257 1441 295 hujus
1461 265 1578 297 generis
1587 258 1733 287 acerrimo
1744 251 2066 293 asti-'matorefiepiffime
2078 262 2132 282 au-

1167 297 1219 327 dio
1229 318 1238 331 ,
1251 298 1340 327 illum
1351 300 1494 328 omniurn
1505 296 1568 328 fere
1578 307 1733 329 oratorum
1743 297 1851 328 Litine
1861 297 1946 338 loqui
1955 292 2132 336 elegantissi-

1168 340 1218 370 me
1233 351 1238 369 :
1263 350 1316 370 nec
1337 340 1368 369 id
1380 340 1480 370 solum
1489 339 1653 371 domestica
1663 340 1881 371 consuetudine
1893 360 1901 373 ,
1925 348 1958 368 ut
1967 337 2084 368 dudum
2095 335 2132 366 de

1167 383 1333 412 Laeliorum
1345 382 1377 411 Sc
1387 384 1563 412 Muciorum
1574 382 1699 412 familiis
1712 382 1907 412 audiebamus
1919 391 1925 410 :
1949 380 2009 412 sed,
2023 388 2133 419 quam-

1165 434 1256 465 quam
1275 423 1305 453 id
1323 434 1445 465 quoque
1462 423 1551 454 credo
1570 423 1676 458 fuisse,
1700 433 1802 454 tamen
1821 433 1853 453 ut
1864 419 2134 462 estetpersectailla

1168 468 1242 496 bene
1254 466 1400 506 loquendi
1411 468 1484 499 laus,
1498 468 1603 495 multis
1613 467 1719 496 litteris
1727 486 1735 500 ,
1762 466 1843 495 &iis
1854 464 1978 505 quidem
1989 461 2132 491 recondita

1167 508 1199 537 δε
1210 506 1362 548 exquisitis
1373 508 1555 548 summoque
1566 506 1666 538 studio
1677 509 1709 537 δε
1720 508 1876 548 diligentia
1887 505 1930 535 est
1938 505 2128 536 consecutus.

1165 551 1343 590 Qinetiam
1361 551 1395 579 in
1414 551 1560 579 maximis
1573 550 1820 589 occupationibus
1831 569 1840 582 ,
1863 546 1935 578 cum
1945 547 1980 577 ad
1991 556 2019 577 te
2028 546 2128 586 ipsum

1166 593 1278 632 (inquit
1287 612 1295 625 ,
1319 593 1351 620 in
1362 601 1412 621 me
1421 592 1553 631 intuens)
1565 591 1600 620 de
1611 600 1727 622 ratione
1738 590 1845 621 Latine
1859 588 2006 630 loquendi
2013 596 2130 618 accura-

1165 632 1274 663 tissime
1288 633 1447 673 scripserit:
1467 635 1628 674 primoque
1639 635 1670 663 in
1681 633 1760 663 libro
1770 633 1898 666 dixerit,
1919 630 2067 660 verborum
2082 628 2130 658 de-

1166 674 1279 708 leth-m,
1292 675 1425 715 originem
1435 676 1483 713 effe}
1493 676 1663 716 eloquentia:
1673 676 1880 715 tribueritque,
1893 675 1938 704 mi
1947 675 2046 705 Brute,
2060 672 2130 701 huic

1168 717 1282 750 nostro,
1294 720 1346 758 qui
1357 727 1407 746 me
1417 717 1454 746 de
1464 717 1519 747 illo
1531 718 1639 747 maluit
1650 738 1658 751 ‚
1671 718 1762 759 quam
1771 717 1798 747 se
1808 718 1905 746 dzcere
1914 736 1923 750 ,
1938 715 2059 745 laudem
2070 712 2131 743 fin—

1166 759 1299 800 gularem
1312 770 1317 788 z
1341 760 1426 798 (nam
1437 758 1546 799 scripsit
1556 760 1604 789 his
1612 760 1711 790 verbis
1722 780 1729 793 ‚
1748 758 1820 790 cum
1831 759 1912 787 hunc
1923 758 2050 787 nomine
2060 753 2133 785 effe:

1168 799 1270 831 affatus
1284 811 1290 830 ι
1313 804 1362 831 Ac
1373 821 1381 834 ,
1401 811 1430 831 s1
1451 803 1577 842 cogitata
1585 803 1722 841 piaeclare
1735 799 1972 842 eloquipoffent,
1983 796 2130 828 nonnulli

1169 842 1268 873 studio
1288 843 1321 873 ὃς
1332 843 1371 872 us
1369 853 1386 872 u
1398 842 1628 873 elaboraverunt
1639 864 1648 877 ‚
1671 845 1717 883 cuj'
1722 853 1757 873 us
1768 852 1794 873 te
1805 842 1889 882 paene
1900 843 2070 881 principem
2079 848 2131 869 co-

1167 887 1222 925 piae
1234 894 1320 926 atque
1331 887 1523 914 inventorem
1537 906 1546 918 ‚
1558 885 1634 915 bene
1645 885 1681 915 de
1692 887 1820 915 nomine
1830 894 1862 914 ac
1872 883 2015 924 dignitate
2024 880 2132 922 populi

1170 929 1304 957 Romani
1314 929 1459 956 meritum
1472 925 1528 956 efl'e
1539 926 1709 957 existimare
1719 927 1875 967 debemus)
1896 927 1976 955 hunc
1994 924 2130 955 facilem,

1171 969 1204 998 &
1222 968 1436 1010 quotidianum
1447 967 1564 999 noviss'e
1576 969 1748 999 sermonem
1758 989 1766 1003 ,
1793 973 1805 996 3
1820 978 1900 998 nunc
1909 977 1963 1007 pro
1974 965 2079 996 relit‘to
2089 964 2131 995 est

1170 1010 1356 1040 habendum.
1401 1013 1486 1053 T'um
1497 1013 1616 1044 Brutus,
1627 1011 1747 1045 Amice,
1759 1010 1888 1043 hercule,
1900 1010 2012 1050 inquit,
2024 1008 2057 1038 δε
2067 1018 2131 1038 ιιιῑιη
2163 1033 2165 1035 .

1170 1051 1278 1094 gnifice
1291 1061 1318 1082 te
1330 1051 1482 1082 laudatum
1493 1061 1567 1092 puto
1579 1073 1587 1085 ,
1599 1063 1689 1095 quem
1702 1063 1766 1083 non
1777 1051 1874 1083 solum
1885 1053 2055 1092 principem
2069 1071 2076 1083 ,
2089 1058 2133 1079 at-

1171 1105 1228 1135 que
1241 1098 1432 1124 inventorem
1443 1096 1520 1136 copiae
1537 1095 1666 1129 dixerit,
1690 1105 1756 1136 quae
1775 1103 1835 1124 erat
1853 1103 1959 1134 magna
1978 1093 2040 1122 laus
2052 1111 2060 1125 ,
2084 1090 2133 1121 sed

1172 1138 1261 1166 etiam
1282 1134 1345 1165 bene
1363 1137 1498 1165 meritum
1511 1136 1548 1166 de
1557 1137 1663 1177 populi
1674 1138 1809 1167 Romani
1819 1138 1947 1166 nomine
1957 1155 1967 1167 ,
1991 1133 2137 1174 &digni-²

1172 1187 1241 1208 tate.
1263 1188 1323 1218 quo
1335 1180 1420 1207 enim
1430 1187 1492 1207 uno
1501 1179 1697 1208 vincebamur
1706 1180 1721 1208 a
1731 1178 1811 1208 viEta
1822 1179 1936 1207 Grae-cia
1945 1197 1954 1209 ,
1970 1175 2001 1206 id
2011 1184 2062 1205 aut
2073 1184 2136 1205 ere-

1171 1229 1258 1259 ptum
1275 1220 1337 1248 illis
1356 1218 1398 1249 est
1409 1239 1417 1252 ‚
1440 1228 1491 1249 aut
1506 1220 1585 1250 certe
1604 1220 1694 1250 nobis
1704 1230 1775 1250 cum
1786 1219 1848 1249 illis
1858 1220 2132 1249 communicatum„

1175 1264 1260 1291 Hanc
1271 1270 1369 1290 autem
1382 1281 1389 1294 ,
1414 1262 1515 1301 inquit
1524 1281 1532 1295 ,
1551 1262 1677 1303 gloriam
1688 1283 1697 1296 ,
1719 1261 1993 1301 testimoniumque
2004 1259 2133 1293 Caesaris,

1173 1308 1190 1330 4
1200 1312 1257 1333 tute
1267 1303 1391 1344 quidem
1402 1303 1613 1342 supplicationi
1623 1314 1687 1334 non
1701 1325 1709 1337 ,
1733 1303 1781 1343 sed
1791 1303 1953 1343 triumphis
1964 1301 2134 1331 multorum

1174 1353 1334 1385 antepono.
1361 1344 1485 1374 ΕιιῈᾶὲὲ
1494 1345 1618 1386 quidem
1630 1366 1638 1380 ,
1656 1349 1780 1387 inquam
1791 1365 1799 1379 ,
1812 1348 1899 1375 Brute
1909 1365 1917 1379 ,
1929 1343 2025 1374 modo
2035 1341 2139 1373 sithoc

1176 1388 1296 1417 Caefirris
1310 1386 1438 1425 judicii,
1462 1396 1527 1417 non
1546 1387 1762 1418 benivolentiae
1782 1386 2004 1418 testimonium.
2027 1386 2094 1426 plus
2105 1395 2138 1415 e-

1175 1431 1241 1458 nim
1262 1428 1340 1458 certe
1359 1430 1457 1459 attulit
1471 1429 1542 1459 huic
1555 1431 1670 1470 populo
1680 1430 1830 1471 dignitatis
1841 1449 1849 1463 ,
1872 1428 2009 1469 quisquis
2019 1427 2062 1458 est
2071 1427 2136 1461 ille,

1175 1470 1195 1500 si
1216 1469 1310 1500 modo
1328 1469 1371 1500 est
1387 1471 1494 1512 aliquis
1505 1490 1514 1504 ,
1537 1474 1589 1512 qui
1601 1482 1664 1502 non
1675 1471 1834 1502 illustravit
1844 1469 1939 1500 modo
1951 1491 1959 1503 ‚
1984 1469 2033 1500 sed
2045 1471 2137 1500 etiam

1174 1514 1277 1554 genuit
1288 1514 1320 1541 in
1330 1513 1383 1542 hac
1395 1514 1465 1543 urbe
1476 1513 1595 1544 dicendi
1612 1515 1730 1554 copiam
1742 1533 1751 1548 ,
1774 1513 1866 1554 quam
1882 1512 1948 1545 illi,
1971 1513 2023 1553 qui
2041 1513 2137 1553 Ligu-

1174 1565 1242 1585 rum
1252 1553 1367 1584 castella
1374 1564 1637 1597 expugnaverunt:
1660 1566 1699 1586 ex
1708 1555 1819 1596 quibus
1832 1554 2014 1588 multisunt,
2038 1562 2071 1584 ut
2080 1554 2137 1583 sci-

1175 1599 1212 1626 tis
1232 1597 1388 1636 triumphi.
1420 1600 1548 1627 VERUM
1571 1597 1698 1638 quidem
1716 1596 1848 1627 siaudire
1857 1596 2019 1630 volumus,
2043 1595 2139 1626 omis-

1175 1637 1210 1668 sis
1228 1638 1290 1668 illis
1308 1638 1422 1668 divinis
1441 1637 1594 1673 consiliis,
1617 1639 1726 1681 quibus
1746 1639 1843 1679 saepe5
1852 1637 2012 1669 constituta
2020 1636 2138 1668 estium-³

1174 1689 1344 1720 peratorum
1364 1680 1507 1721 sapientia
1524 1682 1601 1712 salus
1618 1683 1747 1712 civitatis
1765 1691 1814 1712 aut
1831 1680 1904 1711 belli
1923 1700 1932 1714 ,
1960 1689 2010 1711 aut
2027 1679 2115 1710 domi
2125 1690 2136 1713 3

1175 1723 1275 1752 multo
1298 1724 1391 1763 magis
1413 1731 1513 1753 orator
1532 1722 1649 1764 praestat
1668 1725 1795 1753 minutis
1824 1722 2064 1763 imperatoribus.
2096 1723 2137 1751 At

1175 1764 1294 1805 prodest
1314 1764 1381 1804 plus
1402 1766 1575 1805 imperator.
1620 1767 1695 1808 Qis
1715 1773 1802 1806 negat
1814 1786 1824 1799 ,
1846 1765 1894 1795 sed
1914 1773 2015 1795 tamen
2027 1784 2038 1797 ,
2061 1762 2138 1803 (non

1177 1815 1282 1837 metuo
1300 1816 1339 1836 ne
1357 1807 1437 1836 mihi
1454 1807 1640 1837 acclametis:
1663 1806 1707 1837 est
1723 1817 1823 1837 autem
1842 1806 1923 1848 quod
1943 1807 2066 1839 sentias,
2090 1804 2140 1835 di-

1177 1848 1264 1879 cendi
1283 1848 1358 1878 liber
1375 1849 1472 1890 locus)
1491 1849 1591 1878 malim
1603 1850 1680 1879 milii
1691 1851 1727 1878 L.
1739 1847 1826 1880 Craffi
1845 1859 1937 1878 unam
1953 1858 2007 1888 pro
2017 1850 2060 1877 M.
2075 1849 2138 1877 Cu'-

1176 1894 1222 1921 rio
1240 1889 1410 1921 distionem
1429 1911 1438 1924 ‚
1468 1890 1559 1931 quam
1581 1891 1755 1922 castellanos
1784 1890 1952 1930 triumphos
1980 1889 2066 1920 duos.
2099 1891 2140 1919 At

1177 1933 1244 1977 plus
1262 1932 1399 1962 interfuit
1416 1934 1488 1972 reip.
1505 1932 1659 1963 castellum
1678 1935 1741 1973 capi
1761 1935 1930 1974 Ligurum,
1950 1931 2040 1973 quam
2059 1930 2140 1961 bene

1176 1975 1299 2005 detendi
1314 1975 1431 2005 causam
1451 1977 1496 2004 M.
1508 1977 1600 2005 Curii.
1625 1975 1730 2006 Credo.
1751 1975 1809 2005 Sed
1822 1972 2048 2004 Atheniensium
2060 1982 2138 2014 quo-

1178 2027 1235 2058 que
1254 2017 1319 2057 plus
1337 2015 1474 2046 interfuit
1484 2015 1569 2047 firma
1587 2017 1662 2048 testa
1672 2019 1704 2046 in
1714 2017 1880 2047 domiciliis
1895 2016 2000 2046 habere
2013 2036 2021 2049 ‚
2042 2017 2135 2056 quam

1178 2062 1325 2089 Minervae'
1344 2057 1462 2099 signum
1473 2069 1511 2088 ex
1522 2059 1611 2089 ebore
1622 2059 1858 2099 pulcerrimum,
1879 2066 1980 2087 tamen
1999 2060 2068 2086 Eoo
2086 2065 2139 2086 Mn

1179 2101 1319 2131 Phidiam
1337 2100 1394 2130 ess'e
1412 2100 1536 2130 mallem
1547 2120 1555 2133 ,
1577 2102 1668 2140 quam
1684 2100 1733 2129 vel
1749 2102 1903 2139 optimum
1913 2097 2032 2128 fabrum
2043 2099 2140 2139 tigna-

1179 2144 1269 2171 rium.
1294 2144 1391 2182 Quare
1407 2151 1473 2171 non
1490 2161 1498 2174 ‚
1519 2151 1666 2181 quantum
1685 2141 1808 2182 quisque
1826 2138 1915 2180 profit
1934 2161 1943 2173 ,
1966 2140 2015 2170 sed
2034 2139 2139 2180 quanti

1179 2183 1303 2224 quisque
1314 2185 1366 2215 sit,
1385 2182 1615 2221 ponderandum
1633 2182 1675 2212 est
1694 2193 1699 2211 :
1716 2181 1960 2222 praesertimcum
1973 2183 2141 2222 paucipin-

1181 2224 1246 2266 geu-e
1258 2225 1373 2265 egregie
1383 2222 1493 2263 poffint
1503 2244 1510 2257 ,
1522 2233 1571 2253 aut
1581 2223 1693 2265 fingere
1704 2235 1709 2253 2
1720 2226 1846 2264 operarii
1857 2233 1956 2254 autem
1965 2244 1974 2257 ,
1995 2233 2044 2254 aut
2054 2224 2098 2263 baj
2104 2233 2140 2252 u-

1180 2264 1309 2296 iideefl'e
1318 2275 1384 2294 non
1393 2263 1511 2305 poffint.
1536 2265 1591 2295 Sed
1600 2276 1705 2309 perge,
1719 2268 1888 2306 Pomponi,
1907 2265 1944 2295 de
1955 2266 2083 2299 Caesare,
2104 2264 2138 2295 <Sc
2156 2269 2202 2303 74
2249 2278 2251 2282 ⁴
2288 2286 2291 2296 .

1181 2307 1270 2338 redde
1287 2317 1352 2347 quae
1371 2305 1487 2336 restant.
1510 2308 1616 2337 Solum
1635 2308 1758 2349 quidem
1771 2329 1778 2341 ,
1800 2310 1901 2349 inquit
1918 2308 1988 2341 ille,
2010 2308 2046 2338 ὅσ
2060 2305 2140 2348 quasi

1180 2349 1416 2380 fundamentum
1426 2351 1549 2378 oratoris
1561 2350 1644 2379 vides
1655 2370 1664 2384 ,
1676 2351 1864 2380 locutionem
1876 2349 2066 2380 emendatam
2077 2369 2085 2382 ,
2103 2349 2140 2385 βε

1182 2392 1321 2422 Latinam
1340 2401 1345 2419 :
1365 2391 1450 2430 cujus
1467 2400 1559 2431 penes
1569 2402 1644 2433 quos
1662 2392 1724 2422 laus
1742 2392 1837 2422 adhuc
1846 2391 1923 2426 fuit,
1944 2401 2008 2421 non
2026 2391 2085 2421 fuit
2095 2400 2142 2421 ra-

1181 2435 1274 2464 tionis
1285 2453 1293 2466 ,
1313 2442 1362 2463 aut
1379 2433 1525 2466 scientiae,
1546 2433 1594 2463 sed
1605 2433 1683 2474 quasi
1691 2434 1777 2464 bonae
1788 2433 2023 2465 consuetudinis.
2045 2434 2140 2463 Mitto

1183 2475 1374 2507 C.Laelium‚
1397 2477 1427 2504 P.
1439 2477 1620 2514 Scipionem.
1643 2475 2020 2507 aetiztuilliusistafuitlaus
2033 2495 2041 2509 ‚
2060 2484 2139 2504 tam-

1182 2528 1272 2559 quam
1289 2518 1471 2546 innocentia:
1483 2537 1492 2551 ,
1511 2515 1549 2546 sic
1558 2519 1666 2548 Latine
1686 2518 1830 2559 loquendi
1851 2529 1856 2548 :
1876 2528 1931 2548 nec
1942 2519 2085 2547 omnium
2096 2525 2142 2546 ta-

1184 2570 1268 2589 men.
1291 2569 1362 2589 nain
1378 2558 1503 2588 illorum
1522 2560 1657 2600 aequaleis
1676 2580 1684 2594 ,
1707 2561 1862 2591 Caecilium
1882 2580 1891 2594 ,
1915 2560 1948 2590 &
1962 2561 2137 2592 Pacuvium,

1184 2600 1261 2632 male
1273 2601 1389 2631 locutos
1398 2600 1546 2630 videmus.
1571 2601 1619 2632 sed
1631 2612 1738 2632 omnes
1747 2612 1815 2633 tum
1825 2602 1886 2632 fere,
1898 2622 1905 2635 ‚
1926 2603 1978 2642 qui
1988 2612 2043 2632 nec
2054 2609 2137 2631 extra

1184 2644 1290 2674 urbem
1302 2644 1377 2673 hanc
1392 2652 1548 2677 vixerant,
1570 2641 1585 2663 ⁶
1595 2654 1650 2674 nec
1661 2655 1712 2674 eos
1723 2646 1818 2685 aliqua
1834 2643 1982 2674 barbaries
1992 2641 2140 2674 domesti-

1184 2697 1216 2717 ca
1233 2686 1428 2717 infuscaverat
1439 2705 1447 2719 ,
1467 2684 1547 2715 reCse
1568 2686 1776 2726 loquebantur.
1800 2686 1856 2718 Sed
1871 2687 1947 2715 hanc
1965 2684 2043 2715 certe
2060 2694 2138 2717 rem,

1185 2728 1364 2758 deteriorem
1382 2726 1508 2757 vetustas
1519 2726 1592 2757 fecit
1601 2730 1634 2757 δε
1644 2731 1752 2760 Romae
1766 2749 1775 2763 ,
1797 2729 1872 2758 &in
1882 2728 2004 2757 Graecia.
2021 2724 2143 2757 conflu-

1185 2779 1295 2801 xerunt
1303 2771 1387 2800 enim
1398 2770 1430 2800 δε
1439 2770 1569 2800 Athenas
1580 2790 1588 2804 ,
1606 2770 1638 2800 &
1648 2772 1682 2801 in
1691 2772 1766 2802 hanc
1775 2771 1882 2801 urbem
1897 2769 1987 2799 multi
2001 2770 2146 2810 inquina—

2057 2809 2086 2840 te
2098 2809 2146 2839 lo-

1224 2935 1252 2961 4.
1271 2928 1322 2953 Tim
1331 2926 1590 2961 quidemfiapplicationi
1597 2935 1642 2951 nan
1654 2925 1782 2959 ‚si-ddw]
1803 2923 1846 2950 Sic
1856 2921 1931 2948 Rivii
1942 2921 2009 2947 liber·
2020 2939 2028 2952 ,
2048 2919 2081 2946 fic
2090 2925 2148 2945 tres

190 2978 248 2995 rnen
261 2966 400 3004 legendum
411 2971 519 2994 nonni-¹:121
528 2965 620 2995 Riiio.
641 2968 710 3004 qnod
722 2970 748 2994 8<
760 2970 786 2996 in
798 2968 928 3005 postrema
939 2966 1056 2994 editione
1066 2967 1148 2992 Lam-
1190 2963 1357 2991 Lanibiniani
1370 2983 1378 2996 ,
1398 2962 1431 2989 fic
1449 2962 1534 2988 l'alat.
1554 2962 1660 2997 vulgata
1677 2962 1790 2998 amplius
1803 2979 1811 2992 ,
1830 2968 1874 2985 non
1885 2958 1960 2992 filum
1971 2957 2015 2991 sed
2031 2956 2082 2986 &ss
2100 2954 2145 2981 su·

188 3005 241 3032 ἰιιιιὶ
255 3024 263 3036 ‚
275 3014 332 3031 cum
345 3006 416 3041 prior
427 3004 552 3031 habuisset
565 3023 572 3035 ‚
582 3006 695 3030 nihilnon
704 3009 729 3030 in
739 3007 824 3038 causis.

226 3050 254 3067 τ..
274 3045 302 3066 In
314 3043 350 3066 [ωε
360 3042 520 3074 ternporcipft,
530 3049 580 3065 cum
589 3041 684 3074 liciam]
700 3042 790 3066 Hem-et
801 3040 868 3067 istud
879 3040 905 3066 in
916 3039 1020 3066 nostris.
1035 3038 1079 3065 :ilii
1091 3037 1150 3064 sub-

1189 3009 1404 3071 Pe¹5·l.dccllsv:1stitum
1414 3038 1448 3061 eff
1455 3033 1821 3067 [mserator-tamsapientiasalus
1831 3050 1840 3063 ‚
1849 3029 1915 3064 dra]
1935 3029 2024 3056 Mutat
2033 3027 2089 3054 heic
2098 3026 2146 3054 de-

191 3078 302 3103 itituunt
313 3086 322 3107 3
334 3078 487 3117 ciiapjacmt5
498 3079 710 3111 ‹1:‹amumliseat5
720 3080 828 3111 qnoniam
836 3079 922 3110 ἥσσης
936 3075 1052 3112 aliaque.
1063 3073 1148 3101 foi-sm
1192 3073 1264 3100 letve
1274 3071 1419 3098 Lambinus
1432 3080 1439 3102 ⁴>
1452 3070 1494 3096 sed
1505 3070 1613 3097 omniuo
1624 3070 1674 3095 line
1683 3069 1750 3102 justa
1762 3067 1845 3094 causa.

192 3123 244 3140 arou
255 3113 405 3140 necessario,

1228 3109 1257 3136 6.
1276 3111 1355 3143 Neque
1364 3117 1399 3132 eos
1409 3109 1492 3141 aliqua
1502 3108 1625 3132 barbaries
1635 3106 1754 3138 domestica
1762 3101 1951 3138 infit-semera]
1967 3101 2056 3128 Aliter
2066 3100 2149 3126 Lam-

231 3157 256 3180 2-
277 3153 346 3175 Ntmc
353 3157 395 3181 pro
405 3149 511 3174 derelic'io
519 3151 554 3174 cf!
562 3148 720 3184 habendum]
740 3147 885 3177 Lambinus
898 3168 906 3183 ‚
916 3159 961 3176 non
975 3156 1018 3182 pro
1037 3148 1152 3175 (lert—litio.
1193 3145 1270 3172 binus
1290 3151 1375 3171 tentat
1386 3154 1392 3170 z
1414 3142 1457 3169 sed
1468 3142 1575 3180 propius
1584 3141 1675 3172 literas
1685 3140 1868 3173 Gulielmius,
1882 3147 1954 3174 neque
1962 3147 1986 3166 is
1995 3139 2079 3173 aliqua
2089 3137 2149 3162 bai·-

195 3185 290 3212 ’.κῑὶῖεηι
300 3184 455 3221 prodidfiss'et
466 3184 550 3213 causas
564 3193 654 3219 quase.

1195 3184 1273 3209 baries
1283 3182 1400 3215 domestica
1411 3198 1419 3212 ,
1429 3179 1480 3212 &a

2053 3215 2064 3235 ι
2071 3227 2077 3235 .
2087 3210 2150 3233 ‘Tan-
