2360 3400
679 125 774 156 DE

220 200 289 224 cam
294 189 404 234 populo,
414 197 528 232 quaque
538 187 566 218 in
571 189 702 231 patribus
711 198 841 231 agentur,
851 190 959 220 modica
963 190 1048 230 sunto
1058 200 1069 218 :
1080 189 1111 220 id
1121 188 1174 223 est,

221 235 356 266 modesta
368 253 375 266 ‚
399 242 485 273 atque
504 232 609 262 sedata.
633 233 726 263 Αόὶο1
739 234 823 262 enim
836 234 1007 264 moderatur
1019 253 1028 265 ,
1049 231 1179 273 &fingit

218 285 283 306 non
294 274 390 305 modo
401 284 448 304 me
454 283 545 307 ntem,
556 284 589 303 ac
599 275 778 308 voluntates,
792 275 839 304 sed
850 275 936 314 paene
946 275 1047 305 vultus
1055 283 1177 306 eorum,

219 316 296 358 apud
317 327 395 357 quos
405 319 474 356 agit.
497 315 580 356 quod
594 318 626 345 in
640 316 741 346 senatu
753 326 819 346 non
831 315 956 346 difficile
965 315 1018 346 est.
1041 314 1083 345 est
1093 316 1176 344 enim

217 359 363 391 senatoris
375 378 383 392 ‚
403 360 492 393 cuius
509 367 572 387 non
582 357 616 388 ad
627 357 796 388 auditorem
811 356 953 388 referatur
962 366 1081 388 animus
1092 376 1100 390 ,
1127 356 1175 386 sed

218 403 273 441 qui
291 410 343 440 per
363 400 391 430 se
413 400 472 440 ipse
491 398 611 440 speEtari
621 400 704 430 velit.
723 398 875 439 huicjussa
886 401 939 430 tria
949 400 1033 430 sunt:
1053 407 1084 428 ut
1093 397 1173 428 adsit:

216 452 289 473 nam
299 444 472 483 gravitatem
485 451 530 472 res
539 441 628 471 habet
640 461 649 474 ‚
669 440 740 472 cum
750 438 891 483 frek1uens
903 440 978 471 ordo
988 439 1046 470 est:
1058 449 1091 470 ut
1102 439 1172 470 loco

216 484 295 515 dicat
311 505 320 517 ‚
348 485 378 514 id
403 483 462 517 est,
482 493 618 523 rogatus:
639 492 672 513 ut
689 483 804 516 modo,
827 493 864 512 ne
882 482 915 513 sit
933 481 1171 512 infinitusznam

216 526 346 557 brevitas
357 546 365 560 ‚
381 535 446 556 non
461 523 554 555 modo
566 525 707 555 senatoris
720 546 728 557 ,
742 525 790 555 sed
802 526 893 555 etiarn
905 528 915 544 ¹
931 526 1054 554 oratoris
1065 532 1172 564 magna

213 568 279 599 laus
290 567 374 598 estin
385 568 538 598 sententia.
559 569 624 597 Nec
633 565 675 596 est
685 575 830 608 umquam
841 567 930 606 longa
939 567 1074 596 oratione
1085 574 1171 595 uten-

214 610 291 640 dum
305 631 313 643 ,
325 613 340 629 2
351 608 405 639 nisi
415 618 462 639 aut
472 617 611 649 peccante
620 609 732 640 senatu,
743 609 824 649 quod
836 606 868 638 fit
877 607 1044 639 ambitione
1055 604 1172 650 saepiili—

214 652 267 682 me
278 672 286 685 ‚
307 652 394 682 nullo
407 650 576 690 magistratu
587 649 742 689 adjuvante
752 671 761 684 ‚
788 650 856 681 tolli
866 650 948 680 diem
960 650 1032 680 utile
1044 648 1102 678 est:
1123 657 1173 678 aut

211 693 286 724 cum
297 703 375 723 tanta
383 693 466 723 causa
475 691 517 722 est
528 712 536 726 ‚
548 701 579 721 ut
593 701 667 732 opus
680 691 712 721 sit
721 695 847 722 oratoris
857 694 942 732 copia
953 712 962 725 ‚
987 691 1033 720 vel
1044 690 1079 720 ad
1095 691 1166 720 hor-

212 735 340 765 tandum
352 754 360 768 ,
381 735 430 764 vel
447 734 482 764 ad
491 734 668 763 docendum
682 744 688 762 τ
706 743 837 774 quorum
847 743 992 775 generum
1004 735 1034 762 in
1046 740 1172 773 utroque

211 786 339 818 magnus
349 775 450 806 noster
459 778 531 806 Cato
540 775 592 806 est.
605 774 757 816 Quodque
766 775 961 814 addit‚causas
963 773 1063 815 populi
1071 781 1169 807 teneto,

210 818 255 849 est
268 820 394 849 senatori
403 815 596 847 necessarlum
610 815 692 846 nosse
704 826 798 857 remp.
812 817 902 858 idque
913 819 970 847 late
979 825 1057 855 patet
1067 835 1075 848 ‚
1095 815 1169 856 quid

207 861 315 890 habeat
324 861 461 889 militum
475 878 484 891 ,
501 858 574 898 quid
585 860 678 887 valeat
687 860 788 888 aerario
797 878 805 891 ‚
826 867 902 898 quos
915 858 1011 888 socios
1022 857 1097 896 resp.
1117 858 1169 887 ha-

206 901 286 934 beat,
298 911 375 941 quos
384 902 498 930 amicos
510 918 519 931 ‚
529 908 607 939 quos
617 898 836 938 stipendiarios,
846 909 902 939 qua
911 899 1035 940 quisque
1045 898 1079 928 fit
1090 898 1166 939 lege,

205 943 405 974 conditione,
424 940 537 970 foedere
553 950 558 968 z
578 948 678 969 tenere
698 941 951 970 consuetudinem
970 941 1165 974 decernendi,

204 982 291 1014 noss'e
312 983 451 1022 exempla
471 982 635 1016 maiorum.
660 981 777 1012 Videtis
796 983 854 1019 iam
868 1002 875 1015 ,
895 992 989 1024 genus
1002 983 1058 1012 hoc
1069 992 1163 1012 omne

203 1025 336 1056 scientiae
347 1045 356 1059 ‚
378 1025 541 1066 diligentiae
553 1043 562 1056 ‚
584 1026 742 1054 memoriae
752 1023 810 1054 esse
823 1044 830 1057 ‚
844 1023 903 1054 sine
913 1034 975 1066 quo
984 1033 1097 1064 paratus
1109 1023 1166 1054 esse

203 1068 322 1098 senator
338 1067 425 1097 nullo
445 1064 531 1106 pa&o
555 1064 661 1105 potest.
701 1068 852 1106 Deinceps
871 1067 939 1096 sunt
961 1076 1031 1096 curn
1051 1068 1165 1106 populo

203 1108 339 1139 &stiones
353 1111 401 1139 :in
412 1108 521 1149 quibus
531 1116 678 1147 primum,
691 1107 723 1137 &
734 1110 917 1141 maximum,
926 1109 971 1138 Vu
978 1107 1075 1144 abesto,
1088 1109 1166 1138 nihil

204 1150 247 1181 est
256 1153 340 1181 enim
352 1148 508 1181 exitiosius
517 1149 688 1179 civitatibus
699 1169 707 1182 ,
729 1150 807 1179 nihil
817 1159 877 1180 tam
892 1151 1161 1190 contrariumjuri,

205 1192 240 1222 &
250 1193 365 1233 legibus
376 1213 384 1226 ,
398 1192 475 1222 nihil
487 1192 590 1221 minus
598 1191 689 1221 civile
701 1212 709 1225 ‚
722 1191 754 1221 &
763 1193 932 1223 humanum
946 1213 954 1225 ‚
966 1193 1067 1233 quirin,
1078 1202 1165 1224 com-

202 1233 298 1275 posita
307 1254 315 1268 ,
337 1235 370 1264 86
386 1232 546 1264 constituta
565 1242 624 1273 rep.
643 1234 810 1275 quidquam
834 1237 879 1275 agi
899 1237 1038 1275 pervim.
1062 1233 1164 1265 Parere

201 1277 288 1316 jubet
309 1274 508 1306 intercessori:
532 1285 594 1316 quo
617 1276 694 1305 nihil
709 1275 906 1316 praestantius.
928 1276 1069 1317 impediri
1079 1279 1162 1307 enim

145 1326 189 1360 19
206 1318 319 1349 bonam
339 1328 402 1348 rem
424 1319 533 1348 melius
546 1338 554 1350 ,
580 1321 592 1344 3
603 1318 694 1358 quam
706 1318 831 1348 concedi
843 1319 940 1349 malae.
962 1323 978 1346 4
989 1317 1079 1357 Quod
1091 1319 1163 1350 vero

206 1358 316 1391 astons
328 1360 421 1399 jubeo
431 1358 490 1389 ess'e
501 1359 634 1390 fraudem
647 1380 655 1393 ,
667 1360 697 1389 id
708 1369 804 1391 torum
816 1361 881 1391 dixi
890 1371 926 1391 ex
938 1359 1036 1394 Crassi,
1049 1361 1163 1402 sapien-

203 1400 308 1433 tiffirni
321 1403 456 1432 hominis
470 1421 478 1435 ‚
502 1402 646 1431 sententia
658 1412 662 1417 ’
673 1412 764 1442 quem
776 1401 818 1432 est
828 1403 944 1433 senatus
953 1404 1080 1437 secutuS‚
1091 1403 1162 1433 cum

204 1442 389 1474 decrevisset.
416 1447 429 1470 5
440 1445 471 1472 C.
483 1443 611 1472 Claudio
622 1444 745 1473 consule
758 1444 795 1473 de
805 1445 866 1474 Cn.
882 1445 1026 1475 Carbonis
1038 1445 1163 1474 seditio-

203 1495 243 1516 ne
265 1484 410 1515 referente
421 1504 431 1517 ,
449 1485 550 1513 invito
564 1493 601 1513 eo
612 1503 621 1517 ‚
639 1485 692 1524 qui
704 1494 772 1514 cum
783 1486 897 1525 populo
907 1495 1020 1526 ageret,
1041 1486 1161 1516 seditio-

202 1536 276 1557 nem
296 1536 360 1556 non
375 1524 459 1565 posse
478 1524 542 1555 fieri
554 1545 564 1559 ‚
585 1535 696 1565 quippe
708 1527 854 1557 cuiliceat
863 1528 1029 1557 concilium
1041 1546 1049 1559 ,
1073 1526 1161 1558 slmul

201 1576 292 1608 atque
319 1565 512 1598 intercessum
535 1587 544 1601 ‚
574 1567 742 1607 turbatique
760 1576 893 1607 coeptum
912 1567 946 1598 sit
963 1588 972 1601 ‚
997 1568 1159 1598 dimittere.

200 1607 218 1630 ⁶
235 1608 328 1648 Quod
349 1610 401 1650 qui
411 1617 587 1649 permovet,
606 1608 677 1639 curn
688 1619 733 1651 agi
744 1608 947 1650 nihilpotest‚
971 1612 1034 1640 vim
1047 1612 1161 1650 quaerit.

186 1673 188 1675 »
201 1652 289 1689 cujus
302 1653 512 1691 impunitatem
523 1653 636 1681 amittit
648 1652 702 1681 hac
712 1653 785 1693 lege.
809 1653 948 1693 Sequitur
957 1651 1034 1682 illud
1049 1663 1052 1680 2
1066 1654 1161 1680 Inter—

202 1692 283 1730 ceffiir
303 1693 342 1722 rei
363 1692 458 1727 mala,
477 1693 688 1732 salutar-arcitus
697 1691 757 1728 esto.
781 1695 856 1732 Qis
865 1703 928 1723 non
940 1691 1074 1723 studiose
1086 1696 1158 1733 reip.

200 1735 394 1769 subvenerit,
415 1735 469 1764 hac
489 1744 547 1765 tam
571 1734 705 1774 praeclara
729 1735 801 1774 legis
819 1745 894 1765 voce
906 1734 1062 1765 laudatus?
1079 1738 1157 1766 Sunt

200 1775 311 1807 deinde
321 1775 412 1816 posita
420 1776 560 1816 deinceps
569 1795 578 1810 ‚
589 1785 653 1816 quae
670 1775 814 1805 habemus
823 1778 914 1806 etiam
929 1785 961 1805 in
972 1785 1010 1816 pu
1016 1776 1101 1806 blicis
1111 1778 1159 1806 in·

200 1817 331 1851 stitutis,
351 1826 438 1858 atque
454 1818 588 1858 legibus:
607 1817 731 1855 auspicia
746 1818 889 1856 sbrvanto.
910 1818 1017 1857 auguri
1032 1825 1156 1858 parente.

200 1859 254 1891 Est
264 1868 362 1890 autem
376 1860 450 1889 boni
459 1861 576 1900 auguris
587 1878 596 1893 ‚
608 1857 779 1889 meminisse
792 1861 936 1890 maximis
951 1861 1025 1899 reip.
1037 1868 1156 1899 tempo—

197 1901 282 1932 ribus
299 1900 406 1942 praesto
424 1899 481 1931 esse
498 1901 603 1931 debere
616 1910 622 1929 :
637 1901 768 1941 Jovique
782 1902 922 1941 optimo,
948 1903 1085 1931 maximo
1096 1921 1105 1934 ,
1126 1901 1154 1931 se

198 1942 406 1975 consiliarium
420 1962 429 1976 ,
449 1951 535 1982 atque
545 1941 758 1972 administrum
772 1942 887 1975 datum,
901 1941 993 1972 utsibi
1004 1952 1066 1975 eos,
1078 1952 1155 1982 quos

197 1986 231 2015 in
247 1985 379 2025 auspicio
397 1983 454 2015 esie
474 1982 607 2024 Juss'erit:
628 1984 756 2024 coeiique
774 1993 866 2024 partes
885 1982 939 2013 fibi
949 1982 1086 2014 definitas
1097 1982 1153 2014 esse

197 2027 334 2057 traditas:
356 2032 371 2056 7
388 2026 425 2056 de
442 2026 551 2067 quibus
562 2026 635 2065 saepe
644 2034 733 2064 opem
747 2025 854 2056 referre
863 2024 962 2066 possit.
985 2028 1107 2057 Deinde
1117 2026 1154 2056 de

194 2069 435 2109 promulgatione
457 2088 466 2101 ,
486 2067 522 2098 de
542 2066 664 2108 singulis
684 2067 771 2097 rebus
790 2068 909 2108 agendis
931 2087 940 2101 ,
962 2067 997 2098 de
1017 2070 1150 2108 privatis,

196 2110 453 2151 magistratibusve
474 2109 639 2140 audiendis.
678 2112 760 2139 Turn
782 2110 859 2150 leges
878 2108 1098 2150 praeclarissime
1117 2110 1153 2140 de

864 112 1284 173 Liternus

1377 115 1420 162 L
1455 131 1473 161 1
1511 131 1554 163 Β,
1634 114 1729 167 III.
1779 132 1781 134 ’
2061 135 2183 184 1209

1224 192 1311 223 altera
1318 192 1355 223 de
1365 196 1459 235 capite
1468 197 1544 226 civis
1553 199 1647 238 rogari
1658 218 1667 231 ‚
1685 196 1739 229 nifi
1756 199 1896 231 maxim'o
1905 200 2074 238 comitiam,
2087 212 2176 236 vetata

1223 228 1236 251 ⁸
1259 235 1398 266 nondum
1425 239 1507 267 initis
1530 238 1673 270 seditiosis
1695 241 1760 271 trib.
1777 242 1816 281 pl.
1840 247 1855 269 9
1867 245 2036 284 Negotialis
2047 246 2175 287 quidem.

1222 275 1431 308 admirandum
1445 288 1560 310 tantum
1573 282 1699 319 majores
1712 284 1745 313 in
1756 283 1907 324 posterum
1923 286 2092 326 providisse:
2108 290 2178 321 ¹0in

1220 319 1351 363 privatos
1371 320 1513 351 homines
1523 322 1601 362 leges
1612 324 1681 353 ferri
1692 325 1876 357 noluerunt:
1895 327 1925 358 id
1937 327 1978 358 est
1988 332 2069 359 enim
2082 331 2178 369 privi-

1218 358 1330 398 legium
1345 371 1423 401 :quo
1438 363 1508 403 quid
1521 364 1711 404 estinjustius
1723 366 1813 397 rcum
1824 369 1896 410 legis
1906 370 1968 400 haec
1977 373 2024 400 vis
2032 370 2108 405 sir‚¹¹
2119 372 2178 404 sci·

1220 408 1284 429 turn
1308 402 1467 441 estjussum
1481 415 1511 434 111
1522 416 1631 435 omnes
1642 410 1653 432 ?
1672 407 1742 438 ferri
1753 408 1788 438 de
1799 408 1921 451 singulis
1933 411 1988 441 nisi
1998 415 2174 446 centuriatis

1216 443 1350 487 comitiis
1370 445 1542 477 noluerunt.
1561 447 1722 489 descriptus
1742 453 1825 481 enirn
1846 453 1974 492 populus
1991 456 2080 485 censu
2093 476 2102 489 ‚
2121 465 2175 485 or-

1217 482 1340 532 dinibus
1362 505 1371 518 ‚
1390 488 1523 517 aetatibus
1542 509 1550 522 ‚
1571 491 1636 528 plus
1656 491 1776 522 adhibet
1795 493 1830 523 ad
1851 493 2023 536 suffragium
2042 495 2174 531 consilii.

1215 533 1304 564 quam
1316 526 1381 557 fuse
1394 529 1425 557 in
1437 529 1529 559 tribus
1539 540 1729 563 convocatus.
1753 536 1823 574 Qo
1831 538 1927 566 verius
1940 547 1972 567 in
1983 537 2081 569 nostra
2089 539 2175 570 causa

1215 568 1261 595 vir
1275 570 1375 608 magni
1389 570 1502 609 ingenii
1513 590 1521 604 ‚
1542 572 1717 614 summaque
1726 576 1881 615 prudentia
1892 597 1901 611 ‚
1921 580 1957 608 L.
1971 581 2055 609 Cotta
2067 600 2076 613 ,
2088 580 2175 611 dice·

1215 606 1262 637 bat
1274 628 1282 642 ‚
1294 610 1514 642 nihilomnino
1524 613 1624 644 aetum
1636 615 1692 646 ess'e
1702 617 1739 647 de
1752 618 1850 648 nobis.
1869 629 1973 659 praeter
1984 622 2066 650 enim
2078 626 2170 662 quam

1212 649 1295 689 quod
1313 654 1437 683 comitia
1455 654 1505 684 illa
1523 654 1616 686 ess'ent
1637 661 1727 688 armis
1741 659 1818 700 gesta
1838 661 2011 695 servilibus,
2034 672 2171 702 praeterea

1212 700 1310 732 neque
1321 694 1428 725 tributa
1438 698 1541 735 capitis
1550 700 1674 729 comitia
1688 719 1696 732 ‚
1718 710 1775 730 rata
1785 701 1841 731 esse
1852 702 1968 742 possent
1983 723 1991 737 ‚
2004 714 2100 744 neque
2111 704 2172 735 ulla

1213 734 1362 775 privilegii
1378 746 1382 763 :
1398 746 1536 776 quocirca
1557 740 1634 768 nihil
1653 741 1742 770 nobis
1752 752 1827 781 opus
1838 743 1895 773 ess'e
1908 745 1971 786 lege
1982 764 1991 778 ‚
2015 745 2173 787 dequibus

1214 775 1291 804 1111111
1315 780 1446 807 omnino
1456 779 1555 810 aetum
1568 779 1637 811 ess'et
1649 782 1772 821 legibus.
1795 785 1851 815 Sed
1865 786 1960 816 visum
1972 786 2013 817 est
2024 787 2057 817 &
2067 787 2168 822 nobiS,

1214 816 1247 846 &
1264 816 1429 862 clarissimis
1441 824 1522 854 viris,
1537 823 1659 856 1111311118,
1677 827 1685 842 ¹
1694 827 1708 842 ²
1717 825 1752 854 de
1761 835 1822 866 quo
1835 827 1921 861 servi,
1935 828 2105 860 &latrones
2115 829 2174 860 sci-

1213 857 1286 888 visse
1307 859 1335 889 se
1355 861 1466 902 aliquid
1478 862 1630 898 dicerent,
1651 865 1686 894 de
1697 866 1755 895 1106
1768 867 1876 898 eodem
1888 869 2025 900 6111181301
2037 872 2168 908 Italiam,

1211 900 1283 939 quid
1297 901 1436 936 sentiret,
1459 903 1624 936 ostendere.
1647 909 1817 947 Sequuntur
1827 909 1863 939 de
1872 915 1963 950 captis
1974 915 2121 952 pecuniis,
2135 915 2168 945 &
2189 915 2234 941 20

1210 942 1246 971 de
1262 943 1379 973 ambitu
1400 945 1481 986 legis.
1506 949 1580 986 Qua:
1596 946 1666 977 curn
1688 951 1782 991 magis
1802 952 1939 987 judiciis,
1957 954 2047 993 quam
2067 956 2167 987 verbis

1208 983 1364 1016 sancienda
1384 984 1439 1016 sint
1455 988 1643 1029 :adjungitur
1655 1010 1663 1024 ,
1680 1001 1766 1020 noxia
1784 1000 1865 1034 poena
1879 1001 1932 1035 par
1942 995 2009 1031 esto,
2031 999 2104 1027 utin
2117 998 2170 1028 suo

1208 1027 1285 1056 vitio
1296 1027 1587 1068 quisqueplefihtur:
1610 1033 1676 1065 vis,
1695 1035 1807 1073 capite:
1829 1038 1969 1071 avaritia,
1990 1040 2171 1070 multa:ho-

1208 1070 1294 1098 noris
1304 1068 1451 1108 cupiditas
1463 1091 1471 1103 ‚
1485 1073 1653 1111 ignominia
1666 1074 1817 1105 sanciatur.
1845 1080 1997 1109 Extremae
2009 1080 2088 1120 leges
2099 1081 2166 1111 sunt

1208 1110 1298 1140 nobis
1320 1121 1385 1141 non
1406 1111 1515 1143 ufitatae
1535 1125 1541 1143 :
1560 1116 1634 1154 reip.
1654 1116 1830 1147 necessariae.
1863 1121 1979 1161 Legum
2000 1121 2167 1153 custodiam

1207 1153 1324 1183 null-im
1344 1153 1500 1185 habemus.
1524 1157 1622 1196 itaque
1642 1158 1687 1188 hae
1700 1158 1776 1199 leges
1792 1160 1877 1194 sunt,
1900 1172 1971 1202 quas
1987 1166 2166 1203 apparitores

1208 1193 1303 1224 nostri
1325 1196 1451 1227 volunt:
1469 1197 1486 1228 a
1506 1198 1633 1228 librariis
1649 1209 1802 1239 petimus,
1821 1203 1950 1241 publicis
1977 1204 2168 1236 litteriscon·

1206 1233 1346 1278 signatam
1370 1241 1550 1271 memoriam
1568 1240 1718 1280 publicam
1744 1243 1859 1274 nullam
1882 1245 2037 1276 habemus.
2069 1249 2167 1288 Graecj

1207 1278 1265 1309 hoc
1277 1280 1453 1321 diligentius
1467 1291 1473 1311 τ
1493 1282 1569 1323 apud
1580 1292 1656 1323 quos
1666 1287 1826 1317 νομοφύλακες
1839 1286 1974 1317 creantur
1990 1298 2063 1318 :nec
2072 1290 2104 1319 hi
2115 1289 2166 1319 so-

1206 1320 1271 1350 lum
1286 1322 1397 1354 litteras
1415 1323 1507 1362 (nam
1520 1324 1548 1354 id
1572 1325 1695 1365 quidem
1707 1328 1797 1356 etiarn
1818 1329 1894 1368 apud
1909 1330 2036 1366 maiores
2047 1330 2168 1361 nostros
2194 1338 2197 1341 ’

1205 1364 1282 1403 erat)
1301 1364 1347 1395 sed
1367 1367 1457 1395 etiam
1481 1365 1556 1396 sarsta
1567 1367 1730 1398 hominum
1742 1370 1956 1406 observabant,
1980 1372 2014 1402 ad
2027 1372 2163 1414 legesque

1204 1406 1392 1437 revocabant.
1418 1409 1490 1437 Haec
1506 1407 1593 1438 detur
1613 1418 1681 1439 cura
1698 1411 1892 1442 censoribus:
1911 1413 2162 1454 quandoquidem

1205 1456 1257 1476 eos
1277 1449 1309 1477 in
1322 1457 1382 1488 rep.
1398 1449 1514 1489 semper
1524 1450 1669 1480 volumus
1680 1449 1738 1481 effe
1748 1452 1824 1492 apud
1836 1454 1957 1484 eosdem
1973 1475 1981 1488 ,
2003 1457 2056 1495 qui
2069 1459 2165 1497 magi-

1204 1487 1292 1519 stratu
1313 1490 1459 1524 abierint,
1481 1491 1589 1524 edant,
1610 1492 1642 1522 &
1663 1502 1839 1533 exponant,
1859 1496 1932 1535 quid
1944 1497 1977 1526 in
1991 1496 2160 1537 magistratu

1202 1529 1361 1568 gesserint:
1381 1532 1477 1572 deque
1496 1534 1532 1561 iis
1547 1533 1684 1563 censores
1695 1535 1899 1573 praejudicent.
1924 1539 1992 1567 Hoc
2004 1540 2035 1567 in
2047 1540 2163 1571 Graecia

1205 1570 1257 1604 fit,
1278 1573 1398 1611 publice
1409 1571 1582 1603 constitutis
1593 1575 1824 1606 accusatoribus.
1849 1579 1910 1618 Qi
1923 1578 2048 1618 quidem
2060 1589 2165 1619 graves

1203 1611 1261 1642 effe
1269 1623 1332 1643 non
1343 1612 1465 1653 possunt
1475 1633 1484 1647 ,
1499 1613 1553 1644 nisi
1564 1613 1619 1644 sint
1629 1617 1802 1646 voluntarii.
1825 1620 1974 1659 roirca
1984 1621 2095 1651 melius
2105 1621 2159 1655 est,

1201 1656 1331 1685 rationes
1342 1653 1444 1685 referri
1459 1675 1469 1690 ‚
1487 1656 1664 1698 causamque
1675 1660 1972 1697 exponicensoribus
1986 1672 1992 1690 ε
2013 1664 2162 1705 integram

1203 1704 1303 1727 tamen
1314 1697 1413 1738 legem
1425 1698 1586 1728 accusatori
1601 1718 1610 1732 ‚
1633 1699 1806 1741 judicioque
1816 1702 1932 1732 servari.
1955 1703 2012 1733 Sed
2024 1705 2161 1746 satisjam

1200 1737 1384 1778 disputatum
1394 1738 1437 1769 est
1447 1739 1484 1769 de
1496 1739 1728 1781 magistratibus,
1740 1741 1796 1772 nisi
1807 1742 1887 1774 forte
1895 1744 1969 1785 quid
1980 1745 2161 1778 desideratis.

1200 1782 1236 1808 A.
1263 1782 1295 1810 Si
1313 1790 1370 1810 nos
1387 1789 1537 1814 tacemus,
1557 1782 1643 1811 locus
1659 1783 1720 1822 ipse
1731 1794 1793 1813 non
1804 1785 1957 1820 admonet,
1968 1787 2041 1827 quid
2055 1789 2110 1819 tibi
2126 1789 2161 1822 sit

1199 1820 1309 1850 deinde
1318 1821 1482 1851 dicendum
1495 1825 1506 1851 ?
1523 1824 1567 1852 Μ.
1579 1824 1701 1853 Mihine
1714 1827 1725 1853 ?
1742 1825 1909 1864 dejudiciis
1917 1828 2054 1862 arbitror,
2066 1833 2159 1861 Pom-

1198 1864 1272 1900 poni
1288 1872 1293 1890 :
1318 1862 1350 1892 id
1368 1861 1412 1891 est
1429 1864 1515 1893 enim
1536 1862 1678 1903 junaum
1700 1867 1928 1906 magistratibus.
1952 1871 2103 1912 A.Q1d?
2120 1872 2161 1903 de

1194 1912 1261 1941 jure
1271 1904 1375 1943 populi
1386 1906 1424 1934 R.
1440 1905 1701 1945 quemadmodum
1712 1908 1868 1939 instituisti
1879 1929 1888 1944 ‚
1901 1909 2066 1943 dicendum
2078 1915 2158 1944 nihil

1197 1953 1281 1984 putas
1300 1950 1310 1975 ἓ
1338 1946 1382 1974 Μ.
1400 1946 1481 1986 Qiid
1499 1946 1621 1976 tandem
1640 1949 1699 1978 1106
1719 1949 1789 1980 1060
1811 1950 1854 1982 est
1875 1971 1884 1985 ‚
1905 1954 1987 1993 quod
2005 1957 2133 1996 requiras
2147 1959 2160 1986 ἓ

1198 1989 1234 2016 Α.
1251 1989 1377 2027 Egone?
1394 1988 1474 2028 quod
1489 1990 1620 2029 ignorari
1629 1989 1665 2019 ab
1677 1991 1726 2024 iis,
1738 1994 1789 2032 qui
1804 1993 1835 2022 in
1848 1995 2077 2033 rep.versantur‚
2093 2007 2158 2028 tur-

1196 2026 1350 2067 piffimum
1361 2038 1447 2069 put0.
1471 2032 1550 2059 Nam
1563 2049 1573 2064 ,
1585 2032 1722 2062 utmodo
1736 2033 1752 2063 a
1763 2034 1917 2065 161116111111
1930 2036 1989 2071 est,
2002 2038 2080 2080 leges
2093 2043 2102 2059 ¹
2112 2043 2123 2067 3
2135 2040 2151 2072 ὲ

1198 2069 1325 2101 librariis
1335 2071 1402 2112 lego
1414 2082 1420 2101 :
1435 2070 1472 2102 sic
1485 2072 1693 2104 animadverto
1705 2094 1714 2109 ,
1727 2078 1757 2102 ¹4
1766 2076 1922 2118 plerosque
1936 2080 1967 2109 in
1978 2079 2159 2120 magistrati-

1197 2111 1252 2141 bus
1275 2114 1466 2153 ignoratione
1481 2115 1556 2153 juris
1577 2114 1619 2143 sui
1638 2123 1755 2146 tantum
1767 2118 1881 2158 sapere,
1907 2129 2056 2160 quantum
2067 2133 2156 2164 appa-

195 2161 269 2184 x11.
291 2153 399 2184 tabulis
423 2152 530 2183 tralatae
550 2151 633 2182 duae:
653 2160 778 2193 quarum
789 2153 876 2182 altera
885 2152 1151 2194 privilegiatollit:
1193 2156 1300 2185 ritores
1313 2156 1424 2187 velint.
1447 2156 1655 2198 Qamobrem
1674 2177 1684 2193 ‚
1703 2157 1725 2189 si
1745 2158 1782 2190 de
1799 2160 1951 2193 sacrorum
1973 2163 2155 2197 alienatione

191 2236 1604 2275 Ἣ--ᾼ-,ᾌ

826 2288 959 2315 Puteanus
977 2287 1050 2315 delet
1062 2308 1070 2321 ‚
1090 2296 1150 2316 tan·
1174 2296 1176 2317 i
1192 2293 1279 2327 ponit.
1300 2290 1446 2318 Lambinus
1464 2292 1565 2325 cognitis.
1585 2291 1695 2319 omnino
1707 2292 1771 2319 mibi
1785 2312 1793 2324 ,
1812 2301 1842 2321 ut
1867 2303 1957 2321 verum
1977 2295 2062 2324 fateor
2074 2317 2082 2329 ‚
2102 2306 2157 2334 prae

232 2293 256 2311 ι.
276 2286 381 2312 Oratoris
400 2296 485 2320 magna
493 2292 548 2312 lam
565 2289 600 2313 ef?
616 2290 642 2313 in
655 2289 799 2322 sententia]

193 2329 272 2383 qugm
284 2321 412 2357 glossema
425 2342 432 2355 ‚
450 2326 485 2349 eff?
493 2326 518 2349 in
531 2324 661 2356 sententia.
680 2324 751 2360 quod
770 2324 870 2351 nemini
881 2334 934 2351 11011
952 2323 1150 2360 adprobandum

196 2366 223 2385 vi
243 2363 313 2384 etur.

230 2402 259 2420 2.
279 2395 621 2430 Nrstautpeccaniesenaru]
644 2396 1151 2425 Retinni'rui-nebirestionem:adni-

192 2435 267 2456 tente
285 2431 363 2457 etiam
384 2431 516 2457 Lanibino
533 2430 562 2456 ⁴&
581 2431 649 2458 Pail.
669 2433 829 2460 membranis
849 2443 858 2464 ς
887 2443 934 2460 1166
953 2434 1033 2470 longe
1050 2433 1150 2462 abeunt

193 2466 222 2491 S.
233 2465 363 2498 vitieris,
376 2467 454 2493 Fabr.
465 2467 755 2502 iiigei·entes‚peccante.
775 2469 857 2505 vulgo
864 2472 996 2503 spet‘e‘ante.

229 2508 256 2537 3.
276 2500 356 2533 figam
365 2503 454 2528 concedi
464 2505 535 2530 malae.
549 2506 553 2535 l
576 2504 708 2531 Maiuiffet
721 2506 864 2537 Puteanus,
875 2508 972 2532 malam.

229 2545 257 2569 4.
277 2538 408 2570 Qodverb
426 2540 599 2573 afraria-jubebo
617 2542 657 2572 effe
668 2541 805 2575 fraudem]
827 2543 854 2567 S.
867 2540 971 2568 Υἰξὶοτ.
990 2541 1057 2569 edit.
1075 2542 1150 2570 Vi&-

191 2573 312 2599 Turnebi
323 2573 443 2609 aliaeque.
455 2575 566 2607 fraudem
575 2583 640 2601 vei-o
652 2594 660 2607 ‚
670 2585 729 2602 cum
747 2577 880 2608 sui-nebo,
890 2577 994 2613 culpam
1003 2587 1032 2606 ac
1042 2587 1147 2614 pra-uam

190 2609 378 2644 interpretare.
403 2609 498 2644 vulgo:
520 2611 676 2644 amrisjnkeo
686 2613 879 2645 abeffefraudem.

229 2654 256 2678 5.
275 2647 304 2670 C.
314 2646 412 2670 claudio
420 2646 506 2677 conlidi:
523 2646 550 2670 dc
559 2649 604 2672 Cn.
618 2648 731 2673 Carbonis
741 2648 853 2680 'seditione
869 2649 999 2682 referente,
1017 2652 1092 2677 imin
1100 2651 1151 2686 em]

191 2681 320 2708 Tui-nebo
329 2680 441 2707 debetur
452 2681 503 2707 haze
513 2681 664 2709 emendatio
675 2702 683 2715 ‚
703 2684 748 2718 qui
767 2693 823 2710 cam
835 2693 869 2711 ex
879 2693 946 2711 vett.
966 2686 1041 2714 libris
1059 2688 1147 2714 eruit:

189 2717 348 2754 acceditque
365 2717 488 2752 proxime
500 2717 656 2749 metor-inu
677 2724 779 2746 tantum
792 2721 817 2746 iii
837 2723 865 2746 C.
875 2729 924 2757 pro
934 2723 980 2748 Cn.
998 2722 1149 2750 demutans.

193 2753 275 2789 vulgi>
288 2764 294 2781 :
317 2756 345 2779 C.
355 2754 451 2779 Claudio
460 2754 546 2786 confide
556 2755 666 2789 designato
675 2756 788 2782 Carbonis
790 2757 926 2789 seditionem
936 2759 1049 2791 referente
1060 2777 1068 2791 ‚
1079 2768 1101 2785 eo
1109 2762 1150 2786 ἰη-

191 2791 252 2815 vito.
263 2797 321 2825 quae
335 2789 445 2816 varietas
457 2788 525 2816 uude
535 2797 595 2817 nata
606 2790 648 2823 iit,
657 2790 746 2826 prodit
756 2792 866 2828 Pighius
876 2794 904 2820 in
915 2794 996 2821 Fastis
1006 2794 1039 2821 ad
1049 2805 1148 2823 annum

191 2825 266 2852 urbis
277 2834 382 2852 ncxxu
390 2845 396 2851 .

227 2862 256 2888 6.
274 2861 343 2894 Qud
356 2863 398 2896 qui
411 2861 564 2896 permirum]
594 2861 708 2890 Reffius
728 2863 877 2892 arbitratur
893 2864 927 2892 de
945 2865 1006 2893 loco
1026 2866 1148 2903 Pighius,

187 2903 349 2929 permoratur.

229 2939 258 2966 7.
275 2935 309 2958 De
325 2934 411 2966 quibm
422 2933 480 2967 slepe
496 2940 556 2966 opem
574 2936 660 2968 referre
678 2936 777 2969 poffin]
805 2936 870 2963 Non
890 2936 965 2963 ausus
985 2935 1039 2964 sum
1059 2938 1149 2972 conje—

193 2965 297 2995 &ui-am
308 2969 424 2995 Manutii
435 2970 459 2996 in
471 2977 578 2997 textum
591 2971 707 3007 recipere
719 2991 726 3003 ‚
747 2973 851 3005 &quibus
863 2973 921 3006 [ιρι
937 2980 997 3006 opem
1012 2977 1070 3007 reip.
1083 2975 1150 3007 ferre

187 3005 254 3037 poffit
272 3014 278 3028 :
305 3012 462 3040 quamquam
482 3015 539 3032 eam
561 3007 636 3033 valde
655 3007 745 3034 laudet
766 3008 906 3035 Lambinus
925 3028 932 3040 ‚
966 3009 1148 3045 receperitque

193 3038 335 3102 Turpebus
350 3058 359 3073 ‚
383 3040 529 3076 presertim
550 3051 610 3069 cuni
628 3043 656 3069 &
676 3043 838 3071 victorianae
856 3044 966 3072 leetioni
983 3044 1070 3073 sensus
1088 3046 1147 3073 suus

192 3078 252 3101 conl
268 3082 303 3102 et.

230 3110 258 3137 8.
285 3112 400 3147 ⁴&gundum
417 3112 484 3138 initis
495 3111 608 3147 fiditiifis
624 3116 732 3142 Tribunis
748 3115 856 3150 plebia]
886 3117 966 3143 varie
991 3116 1145 3154 conspurca-

191 3152 237 3176 tus
253 3147 341 3176 locus.
369 3147 510 3176 Turnebus
529 3150 592 3188 quia
607 3149 635 3180 111
653 3151 713 3182 inss'.
729 3152 869 3183 invenerat
886 3155 943 3182 uiris
954 3172 964 3189 ,
982 3155 1086 3188 inventis
1103 3163 1147 3185 re-

2051 2206 2158 2239 dicen-

1191 2328 1301 2363 reliquis
1320 2327 1458 2355 allubescit
1476 2328 1618 2355 uul'ielinii
1645 2328 1799 2363 conjectura
1820 2349 1829 2362 ,
1852 2332 1949 2357 minuitis
1968 2341 2002 2359 ex
2021 2334 2153 2363 Turnebo

1191 2363 1340 2392 ariolantis.

1226 2416 1254 2444 9.
1283 2408 1408 2442 Negotialis
1416 2410 1508 2443 quidem
1518 2407 1711 2444 admirandum]
1746 2410 1833 2437 Etiam
1845 2411 1870 2438 iu
1876 2410 1984 2447 signiter
1994 2421 2149 2450 corruptum

1191 2445 1280 2472 locum
1292 2445 1357 2472 sicle
1379 2446 1424 2472 iin
1437 2444 1494 2471 mss.
1515 2452 1589 2471 notat
1600 2446 1752 2472 Turnebus.
1772 2447 1886 2474 Volebat
1904 2448 1950 2474 1116
1960 2451 2083 2481 negotiosis.
2103 2452 2152 2478 Vi..

1193 2480 1294 2507 storius
1312 2455 1397 2509 ediffit
1414 2483 1506 2514 negotia
1522 2483 1536 2497 '¹'
1557 2481 1686 2516 isquidcm.
1706 2482 1794 2509 Bosius
1814 2493 1848 2510 ex
1869 2484 2039 2514 couieibiuril:
2061 2496 2102 2512 nec
2111 2489 2152 2514 hoe

1184 2517 1249 2551 sarh
1266 2519 1302 2544 eff
1310 2517 1399 2544 admir.
1418 2518 1540 2544 ceterum
1553 2518 1720 2544 Camerarius
1734 2537 1742 2550 ,
1762 2518 1848 2546 nescio
1867 2520 1960 2561 quibus
1980 2521 2074 2557 opibus
2093 2523 2152 2550 -src-

1191 2560 1233 2580 tus
1247 2572 1256 2585 ,
1273 2552 1398 2580 exhibuit
1417 2564 1423 2580 :
1454 2556 1543 2587 negotia
1553 2554 1666 2587 fiquidem
1686 2555 1853 2581 admirandum
1873 2574 1881 2587 ,
1899 2565 1950 2586 cyr.
1979 2565 2072 2585 contra
2091 2558 2151 2586 mss‘.

1190 2589 1257 2616 nihii
1277 2589 1365 2616 conari
1383 2589 1469 2625 potui.
1488 2588 1633 2616 Lambinus
1644 2589 1762 2616 ediderat
1774 2610 1782 2622 ,
1795 2597 1867 2616 verm
1877 2610 1884 2622 ,
1894 2592 1995 2618 nondum
2004 2595 2097 2627 cognitis
2108 2597 2153 2628 Je-

1190 2626 1276 2659 diriofis
1293 2626 1396 2652 tribunis
1412 2626 1474 2658 pleb.
1483 2634 1512 2650 ne
1521 2626 1626 2659 cogitati-1
1637 2627 1729 2659 quidem
1740 2645 1748 2658 ‚
1758 2627 1808 2657 (lyr.
1832 2627 1904 2662 quod
1916 2627 2029 2655 habuist-
2049 2632 2065 2657 ἑ.
2085 2640 2150 2659 6οη-

1187 2660 1292 2695 jeStura
1304 2661 1415 2689 Puteani
1428 2680 1437 2694 ,
1456 2660 1541 2697 liquet
1553 2670 1587 2688 ex
1598 2662 1668 2688 notis
1680 2662 1737 2698 ejus
1751 2681 1758 2695 ‚
1769 2672 1832 2699 quas
1842 2662 1912 2691 filius
1925 2665 2019 2693 Petrus
2030 2667 2152 2696 Gruter-0

1191 2696 1318 2725 submisit.
2141 2716 2147 2729 r

1229 2749 1238 2767 1
1245 2749 1273 2768 0.
1291 2744 1319 2766 1η
1324 2744 1436 2775 privatos
1445 2742 1573 2774 hominess]
1594 2741 1667 2768 Idem
1680 2742 1813 2770 Puteanus
1822 2742 1938 2777 amabat,
1945 2748 2039 2779 privos.

1231 2786 1272 2804 11.
1290 2781 1381 2805 scitum
1399 2779 1533 2812 efljuffiem
1548 2781 1576 2803 in
1584 2788 1660 2804 omnes
1672 2782 1682 2803 ?
1695 2780 1759 2812 ferri
1767 2780 1794 2805 Ae
1805 2781 1928 2815 strigulus]
1951 2782 2017 2808 Haec
2034 2782 2071 2809 est
2089 2783 2149 2812 mss.

1191 2814 1309 2840 omnium
1322 2813 1416 2846 leetio,
1426 2822 1504 2850 quam
1517 2812 1652 2840 victorius
1665 2813 1709 2841 sua
1719 2814 1836 2842 editione
1846 2817 1982 2852 expreffit3
1995 2819 2094 2854 reperit
2116 2830 2151 2848 ue

1192 2849 1279 2885 postea
1301 2851 1329 2877 in
1342 2850 1419 2876 v.1..
1430 2849 1581 2876 Turnebus.
1603 2850 1735 2884 conjestat
1745 2859 1831 2879 tamen
1845 2871 1853 2884 ‚
1874 2853 2006 2881 Lambiuo
2024 2855 2100 2883 secun
2122 2866 2149 2884 as

1191 2893 1297 2920 agente,
1303 2887 1390 2920 ftirum
1399 2886 1440 2918 ‘ff‘
1449 2887 1578 2920 &jnffum
1600 2884 1642 2912 s'ed
1653 2887 1776 2920 quoniam
1789 2889 1962 2923 pertinaciter
1973 2891 2085 2918 nostram
2099 2910 2107 2925 ,
2118 2894 2149 2919 δε

1191 2921 1254 2948 Fab.
1265 2923 1293 2948 &
1305 2921 1363 2948 Pal.
1372 2921 1534 2953 defendunt,
1544 2921 1640 2958 religio
1651 2921 1704 2949 fuit
1715 2922 1811 2951 abillis
1821 2923 2002 2954 dissensionem
2015 2926 2112 2955 facere.

1229 2973 1272 2991 n..
1291 2968 1324 2991 De
1341 2975 1385 3000 quo
1396 2966 1466 2999 fimi
1483 2966 1513 2997 ὼ·
1525 2967 1628 2992 latrones
1638 2968 1736 3000 schaff-
1747 2968 1809 3002 se.]
1831 2968 1903 2996 Rece
1924 2976 1979 2997 tum
2000 2970 2050 2998 hoc
2062 2973 2099 2999 cst
2119 2973 2147 3000 iu

1188 3009 1282 3028 omnes
1293 3001 1349 3028 fere
1361 3001 1424 3027 edd.
1444 3003 1459 3028 a
1470 3001 1589 3028 'I'urncbi
1601 3003 1765 3038 conjectura.
1785 3012 1846 3032 nam
1855 3005 1888 3033 Vi
1922 3026 1928 3033 .
1939 3007 1982 3035 ed.
1994 3007 2148 3046 codicesque

1189 3036 1247 3064 mss‘.
1258 3040 1427 3070 vct.parrnni‚
1439 3037 1481 3064 vel
1490 3038 1609 3071 parrom‘a.
1839 3070 1843 3074 Ι

1229 3087 1270 3115 13.
1289 3083 1331 3108 <A
1336 3081 1441 3108 librariis
1450 3081 1521 3116 lego]
1541 3081 1665 3110 Placebat
1675 3082 1794 3111 Puteano
1803 3086 1855 3119 legi.
1875 3084 2008 3114 Lambino
2015 3088 2074 3119 peti.

1226 3126 1269 3152 14.
1286 3119 1424 3154 ,Qffqnem
1433 3121 1622 3156 magistratum,
1634 3122 1702 3159 ἀι]
1723 3122 1798 3153 idem
1808 3125 1942 3155 Puteanus
1954 3144 1964 3160 ‚
1982 3128 2080 3162 quqsque
2096 3132 2153 3151 ma-

1182 3155 1376 3190 gtstmtus,&c.
1523 3190 1526 3194 ¹
2134 3179 2145 3196 ς

1525 3193 1720 3225 Θοοοοοο
2076 3197 2157 3226 μω
