<?xml version="1.0" encoding="UTF-8"?>
<!DOCTYPE html PUBLIC "-//W3C//DTD XHTML 1.0 Transitional//EN"
    "http://www.w3.org/TR/xhtml1/DTD/xhtml1-transitional.dtd">
<html xmlns="http://www.w3.org/1999/xhtml" xml:lang="en" lang="en">
 <head>
  <title>
</title>
<meta http-equiv="Content-Type" content="text/html;charset=utf-8" />
  <meta name='ocr-system' content='tesseract 3.04.00' />
  <meta name='ocr-capabilities' content='ocr_page ocr_carea ocr_par ocr_line ocrx_word'/>
</head>
<body>
  <div class='ocr_page' id='page_1' title='image "./mtuliiciceroniso00cice/mtuliiciceroniso00cice_0829.png"; bbox 0 0 2360 3400; ppageno 0'>
   <div class='ocr_carea' id='block_1_1' title="bbox 137 1568 187 1605">
    <p class='ocr_par' dir='ltr' id='par_1_1' title="bbox 137 1568 187 1605">
     <span class='ocr_line' id='line_1_1' title="bbox 137 1568 187 1605; baseline 0 0"><span class='ocrx_word' id='word_1_1' title='bbox 137 1568 187 1605; x_wconf 71' lang='lat'>25</span> 
     </span>
    </p>
   </div>
   <div class='ocr_carea' id='block_1_2' title="bbox 474 140 1979 200">
    <p class='ocr_par' dir='ltr' id='par_1_2' title="bbox 474 140 1979 200">
     <span class='ocr_line' id='line_1_2' title="bbox 474 140 1979 200; baseline 0.003 -8"><span class='ocrx_word' id='word_1_2' title='bbox 474 145 686 193; x_wconf 60' lang='lat' dir='ltr'>Ense.</span> <span class='ocrx_word' id='word_1_3' title='bbox 723 158 798 189; x_wconf 77' lang='lat' dir='ltr'>An</span> <span class='ocrx_word' id='word_1_4' title='bbox 833 140 888 188; x_wconf 90' lang='lat' dir='ltr'>C.</span> <span class='ocrx_word' id='word_1_5' title='bbox 921 140 1245 198; x_wconf 70' lang='lat' dir='ltr'>CAssiuM,</span> <span class='ocrx_word' id='word_1_6' title='bbox 1280 154 1357 188; x_wconf 67' lang='grc' dir='ltr'>ΕΤ</span> <span class='ocrx_word' id='word_1_7' title='bbox 1393 143 1618 200; x_wconf 61' lang='lat' dir='ltr'>Anum,</span> <span class='ocrx_word' id='word_1_8' title='bbox 1658 146 1789 194; x_wconf 74' lang='lat' dir='ltr'>Lia-</span> <span class='ocrx_word' id='word_1_9' title='bbox 1824 145 1979 197; x_wconf 64' lang='lat' dir='ltr'>XII.</span> 
     </span>
    </p>
   </div>
   <div class='ocr_carea' id='block_1_3' title="bbox 153 224 1173 2726">
    <p class='ocr_par' dir='ltr' id='par_1_3' title="bbox 153 224 1173 601">
     <span class='ocr_line' id='line_1_3' title="bbox 216 224 1173 264; baseline -0.007 -3"><span class='ocrx_word' id='word_1_10' title='bbox 216 229 287 261; x_wconf 79' lang='lat' dir='ltr'>dine</span> <span class='ocrx_word' id='word_1_11' title='bbox 304 227 443 262; x_wconf 84' lang='lat' dir='ltr'>abducit,</span> <span class='ocrx_word' id='word_1_12' title='bbox 463 227 512 258; x_wconf 81' lang='lat' dir='ltr'>sed</span> <span class='ocrx_word' id='word_1_13' title='bbox 532 228 621 257; x_wconf 84' lang='lat' dir='ltr'>etiam</span> <span class='ocrx_word' id='word_1_14' title='bbox 639 234 742 256; x_wconf 86' lang='lat' dir='ltr'>contra</span> <span class='ocrx_word' id='word_1_15' title='bbox 760 227 880 256; x_wconf 82' lang='lat' dir='ltr'>omneis</span> <span class='ocrx_word' id='word_1_16' title='bbox 898 224 1173 264; x_wconf 71' lang='lat' dir='ltr'>fortunaeimpetus</span> 
     </span>
     <span class='ocr_line' id='line_1_4' title="bbox 214 266 1173 311; baseline -0.007 -9"><span class='ocrx_word' id='word_1_17' title='bbox 214 280 308 302; x_wconf 84' lang='lat' dir='ltr'>armat</span> <span class='ocrx_word' id='word_1_18' title='bbox 321 281 326 300; x_wconf 89' lang='lat'>:</span> <span class='ocrx_word' id='word_1_19' title='bbox 348 271 463 311; x_wconf 88' lang='lat' dir='ltr'>tibique</span> <span class='ocrx_word' id='word_1_20' title='bbox 471 269 553 299; x_wconf 84' lang='lat' dir='ltr'>idem.</span> <span class='ocrx_word' id='word_1_21' title='bbox 564 268 672 298; x_wconf 91' lang='lat' dir='ltr'>censeo</span> <span class='ocrx_word' id='word_1_22' title='bbox 681 267 855 298; x_wconf 75' lang='lat' dir='ltr'>faciundum</span> <span class='ocrx_word' id='word_1_23' title='bbox 867 287 875 301; x_wconf 87' lang='lat'>‚</span> <span class='ocrx_word' id='word_1_24' title='bbox 897 277 952 296; x_wconf 89' lang='lat' dir='ltr'>nec</span> <span class='ocrx_word' id='word_1_25' title='bbox 963 287 971 300; x_wconf 94' lang='lat'>,</span> <span class='ocrx_word' id='word_1_26' title='bbox 993 266 1009 297; x_wconf 74' lang='lat' dir='ltr'>a</span> <span class='ocrx_word' id='word_1_27' title='bbox 1019 276 1079 306; x_wconf 88' lang='lat' dir='ltr'>quo</span> <span class='ocrx_word' id='word_1_28' title='bbox 1088 267 1173 306; x_wconf 86' lang='lat' dir='ltr'>culpa</span> 
     </span>
     <span class='ocr_line' id='line_1_5' title="bbox 216 307 1171 353; baseline -0.008 -10"><span class='ocrx_word' id='word_1_29' title='bbox 216 311 308 346; x_wconf 75' lang='lat' dir='ltr'>abiit,</span> <span class='ocrx_word' id='word_1_30' title='bbox 331 311 494 353; x_wconf 80' lang='lat' dir='ltr'>quidquam</span> <span class='ocrx_word' id='word_1_31' title='bbox 514 313 547 340; x_wconf 90' lang='lat' dir='ltr'>in</span> <span class='ocrx_word' id='word_1_32' title='bbox 566 311 653 339; x_wconf 83' lang='lat' dir='ltr'>malis</span> <span class='ocrx_word' id='word_1_33' title='bbox 671 310 903 340; x_wconf 88' lang='lat' dir='ltr'>numerandum.</span> <span class='ocrx_word' id='word_1_34' title='bbox 927 307 983 339; x_wconf 91' lang='lat' dir='ltr'>Sed</span> <span class='ocrx_word' id='word_1_35' title='bbox 998 309 1058 353; x_wconf 70' lang='lat' dir='ltr'>baec</span> <span class='ocrx_word' id='word_1_36' title='bbox 1067 317 1097 337; x_wconf 87' lang='lat' dir='ltr'>tu</span> <span class='ocrx_word' id='word_1_37' title='bbox 1107 317 1171 336; x_wconf 80' lang='lat' dir='ltr'>me-</span> 
     </span>
     <span class='ocr_line' id='line_1_6' title="bbox 212 348 1169 390; baseline -0.007 -5"><span class='ocrx_word' id='word_1_38' title='bbox 212 353 283 385; x_wconf 76' lang='lat' dir='ltr'>lius.</span> <span class='ocrx_word' id='word_1_39' title='bbox 306 356 481 384; x_wconf 84' lang='lat' dir='ltr'>stratorium</span> <span class='ocrx_word' id='word_1_40' title='bbox 503 351 640 382; x_wconf 84' lang='lat' dir='ltr'>nostrum</span> <span class='ocrx_word' id='word_1_41' title='bbox 663 350 735 382; x_wconf 76' lang='lat' dir='ltr'>cum</span> <span class='ocrx_word' id='word_1_42' title='bbox 754 352 870 390; x_wconf 87' lang='lat' dir='ltr'>semper</span> <span class='ocrx_word' id='word_1_43' title='bbox 889 348 1056 390; x_wconf 84' lang='lat' dir='ltr'>probassem</span> <span class='ocrx_word' id='word_1_44' title='bbox 1073 359 1079 376; x_wconf 82' lang='lat' dir='ltr'>z</span> <span class='ocrx_word' id='word_1_45' title='bbox 1103 357 1169 378; x_wconf 90' lang='lat' dir='ltr'>tum</span> 
     </span>
     <span class='ocr_line' id='line_1_7' title="bbox 216 390 1171 436; baseline -0.008 -10"><span class='ocrx_word' id='word_1_46' title='bbox 216 394 351 426; x_wconf 71' lang='lat' dir='ltr'>maxime</span> <span class='ocrx_word' id='word_1_47' title='bbox 374 395 408 424; x_wconf 90' lang='lat' dir='ltr'>in</span> <span class='ocrx_word' id='word_1_48' title='bbox 432 396 489 424; x_wconf 85' lang='lat' dir='ltr'>tuis</span> <span class='ocrx_word' id='word_1_49' title='bbox 507 394 595 424; x_wconf 89' lang='lat' dir='ltr'>rebus</span> <span class='ocrx_word' id='word_1_50' title='bbox 607 394 755 423; x_wconf 86' lang='lat' dir='ltr'>summam</span> <span class='ocrx_word' id='word_1_51' title='bbox 766 393 829 431; x_wconf 81' lang='lat' dir='ltr'>ejus</span> <span class='ocrx_word' id='word_1_52' title='bbox 840 391 931 422; x_wconf 83' lang='lat' dir='ltr'>fidem</span> <span class='ocrx_word' id='word_1_53' title='bbox 944 411 952 424; x_wconf 90' lang='lat'>‚</span> <span class='ocrx_word' id='word_1_54' title='bbox 970 390 1171 436; x_wconf 68' lang='lat' dir='ltr'>diligentiam,</span> 
     </span>
     <span class='ocr_line' id='line_1_8' title="bbox 214 432 1170 478; baseline -0.006 -12"><span class='ocrx_word' id='word_1_55' title='bbox 214 436 464 478; x_wconf 75' lang='lat' dir='ltr'>prudentiamque</span> <span class='ocrx_word' id='word_1_56' title='bbox 483 437 624 476; x_wconf 85' lang='lat' dir='ltr'>cognovi.</span> <span class='ocrx_word' id='word_1_57' title='bbox 647 438 694 465; x_wconf 92' lang='lat' dir='ltr'>Da</span> <span class='ocrx_word' id='word_1_58' title='bbox 705 444 838 475; x_wconf 79' lang='lat' dir='ltr'>operam,</span> <span class='ocrx_word' id='word_1_59' title='bbox 849 443 881 464; x_wconf 92' lang='lat' dir='ltr'>ut</span> <span class='ocrx_word' id='word_1_60' title='bbox 891 433 1000 463; x_wconf 89' lang='lat' dir='ltr'>valeas.</span> <span class='ocrx_word' id='word_1_61' title='bbox 1024 432 1082 462; x_wconf 80' lang='lat' dir='ltr'>hoc</span> <span class='ocrx_word' id='word_1_62' title='bbox 1093 432 1170 461; x_wconf 81' lang='lat' dir='ltr'>mihi</span> 
     </span>
     <span class='ocr_line' id='line_1_9' title="bbox 214 476 624 521; baseline -0.005 -13"><span class='ocrx_word' id='word_1_63' title='bbox 214 479 323 521; x_wconf 86' lang='lat' dir='ltr'>gratius</span> <span class='ocrx_word' id='word_1_64' title='bbox 333 476 428 508; x_wconf 85' lang='lat' dir='ltr'>facere</span> <span class='ocrx_word' id='word_1_65' title='bbox 439 479 516 507; x_wconf 81' lang='lat' dir='ltr'>nihil</span> <span class='ocrx_word' id='word_1_66' title='bbox 528 486 624 517; x_wconf 86' lang='lat' dir='ltr'>potes.</span> 
     </span>
     <span class='ocr_line' id='line_1_10' title="bbox 153 518 1012 564; baseline -0.006 -14"><span class='ocrx_word' id='word_1_67' title='bbox 153 531 201 564; x_wconf 72' lang='lat'>24.</span> <span class='ocrx_word' id='word_1_68' title='bbox 378 521 522 549; x_wconf 89' lang='lat' dir='ltr'>M.T.C.</span> <span class='ocrx_word' id='word_1_69' title='bbox 546 521 668 549; x_wconf 71' lang='lat' dir='ltr'>S.P.D.</span> <span class='ocrx_word' id='word_1_70' title='bbox 692 518 1012 548; x_wconf 84' lang='lat' dir='ltr'>CORNIFICIO.</span> 
     </span>
     <span class='ocr_line' id='line_1_11' title="bbox 295 555 1172 601; baseline -0.006 -10"><span class='ocrx_word' id='word_1_71' title='bbox 295 563 344 591; x_wconf 91' lang='lat' dir='ltr'>Go</span> <span class='ocrx_word' id='word_1_72' title='bbox 365 561 488 591; x_wconf 90' lang='lat' dir='ltr'>nullum</span> <span class='ocrx_word' id='word_1_73' title='bbox 507 562 612 590; x_wconf 90' lang='lat' dir='ltr'>locum</span> <span class='ocrx_word' id='word_1_74' title='bbox 636 562 831 601; x_wconf 65' lang='lat' dir='ltr'>praetermitto</span> <span class='ocrx_word' id='word_1_75' title='bbox 855 558 865 597; x_wconf 94' lang='lat'>(</span> <span class='ocrx_word' id='word_1_76' title='bbox 877 569 932 588; x_wconf 89' lang='lat' dir='ltr'>nec</span> <span class='ocrx_word' id='word_1_77' title='bbox 956 560 1040 588; x_wconf 85' lang='lat' dir='ltr'>enim</span> <span class='ocrx_word' id='word_1_78' title='bbox 1063 555 1172 596; x_wconf 84' lang='lat' dir='ltr'>debeo)</span> 
     </span>
    </p>

    <p class='ocr_par' dir='ltr' id='par_1_4' title="bbox 204 560 1172 1556">
     <span class='ocr_line' id='line_1_12' title="bbox 217 560 1172 640; baseline -0.005 -8"><span class='ocrx_word' id='word_1_79' title='bbox 217 560 357 638; x_wconf 84' lang='lat' dir='ltr'>Enon</span> <span class='ocrx_word' id='word_1_80' title='bbox 371 601 466 632; x_wconf 72' lang='lat' dir='ltr'>modo</span> <span class='ocrx_word' id='word_1_81' title='bbox 475 603 613 633; x_wconf 88' lang='lat' dir='ltr'>laudandi</span> <span class='ocrx_word' id='word_1_82' title='bbox 625 604 669 632; x_wconf 87' lang='lat' dir='ltr'>tui</span> <span class='ocrx_word' id='word_1_83' title='bbox 684 622 692 635; x_wconf 91' lang='lat'>,</span> <span class='ocrx_word' id='word_1_84' title='bbox 715 602 762 632; x_wconf 88' lang='lat' dir='ltr'>sed</span> <span class='ocrx_word' id='word_1_85' title='bbox 773 611 810 630; x_wconf 90' lang='lat' dir='ltr'>ne</span> <span class='ocrx_word' id='word_1_86' title='bbox 821 599 1093 640; x_wconf 88' lang='lat' dir='ltr'>ornandiquidem.</span> <span class='ocrx_word' id='word_1_87' title='bbox 1116 598 1172 628; x_wconf 85' lang='lat' dir='ltr'>Sed</span> 
     </span>
     <span class='ocr_line' id='line_1_13' title="bbox 215 641 1170 686; baseline -0.005 -12"><span class='ocrx_word' id='word_1_88' title='bbox 215 651 284 671; x_wconf 80' lang='lat' dir='ltr'>mea</span> <span class='ocrx_word' id='word_1_89' title='bbox 302 643 397 674; x_wconf 80' lang='lat' dir='ltr'>studia</span> <span class='ocrx_word' id='word_1_90' title='bbox 415 655 480 686; x_wconf 84' lang='lat' dir='ltr'>erga</span> <span class='ocrx_word' id='word_1_91' title='bbox 490 654 518 674; x_wconf 92' lang='lat' dir='ltr'>te</span> <span class='ocrx_word' id='word_1_92' title='bbox 529 664 538 676; x_wconf 82' lang='lat'><em>‚</em></span> <span class='ocrx_word' id='word_1_93' title='bbox 560 645 591 674; x_wconf 91' lang='lat'>&amp;</span> <span class='ocrx_word' id='word_1_94' title='bbox 601 643 700 674; x_wconf 86' lang='lat' dir='ltr'>officia</span> <span class='ocrx_word' id='word_1_95' title='bbox 711 643 791 673; x_wconf 93' lang='lat' dir='ltr'>malo</span> <span class='ocrx_word' id='word_1_96' title='bbox 806 642 859 672; x_wconf 88' lang='lat' dir='ltr'>tibi</span> <span class='ocrx_word' id='word_1_97' title='bbox 873 651 911 671; x_wconf 89' lang='lat' dir='ltr'>ex</span> <span class='ocrx_word' id='word_1_98' title='bbox 921 650 1042 670; x_wconf 89' lang='lat' dir='ltr'>tuorum</span> <span class='ocrx_word' id='word_1_99' title='bbox 1055 641 1170 673; x_wconf 86' lang='lat' dir='ltr'>litteris,</span> 
     </span>
     <span class='ocr_line' id='line_1_14' title="bbox 215 684 1172 724; baseline -0.004 -10"><span class='ocrx_word' id='word_1_100' title='bbox 215 684 307 724; x_wconf 67' lang='lat' dir='ltr'>quam</span> <span class='ocrx_word' id='word_1_101' title='bbox 318 696 356 715; x_wconf 86' lang='lat' dir='ltr'>ex</span> <span class='ocrx_word' id='word_1_102' title='bbox 367 689 443 716; x_wconf 90' lang='lat' dir='ltr'>meis</span> <span class='ocrx_word' id='word_1_103' title='bbox 455 707 464 719; x_wconf 91' lang='lat'>,</span> <span class='ocrx_word' id='word_1_104' title='bbox 484 685 540 716; x_wconf 82' lang='lat' dir='ltr'>efl&#39;e</span> <span class='ocrx_word' id='word_1_105' title='bbox 553 695 631 716; x_wconf 90' lang='lat' dir='ltr'>nota.</span> <span class='ocrx_word' id='word_1_106' title='bbox 655 687 702 715; x_wconf 85' lang='lat' dir='ltr'>Te</span> <span class='ocrx_word' id='word_1_107' title='bbox 714 693 814 714; x_wconf 87' lang='lat' dir='ltr'>tamen</span> <span class='ocrx_word' id='word_1_108' title='bbox 825 684 927 712; x_wconf 88' lang='lat' dir='ltr'>hortor</span> <span class='ocrx_word' id='word_1_109' title='bbox 939 702 948 714; x_wconf 86' lang='lat'><em>‚</em></span> <span class='ocrx_word' id='word_1_110' title='bbox 962 691 994 711; x_wconf 93' lang='lat' dir='ltr'>ut</span> <span class='ocrx_word' id='word_1_111' title='bbox 1003 684 1091 711; x_wconf 89' lang='lat' dir='ltr'>omni</span> <span class='ocrx_word' id='word_1_112' title='bbox 1105 691 1172 711; x_wconf 85' lang='lat' dir='ltr'>cura</span> 
     </span>
     <span class='ocr_line' id='line_1_15' title="bbox 214 723 1172 767; baseline -0.004 -12"><span class='ocrx_word' id='word_1_113' title='bbox 214 726 249 755; x_wconf 83' lang='lat' dir='ltr'>in</span> <span class='ocrx_word' id='word_1_114' title='bbox 258 736 352 767; x_wconf 89' lang='lat' dir='ltr'>remp.</span> <span class='ocrx_word' id='word_1_115' title='bbox 365 728 530 758; x_wconf 80' lang='lat' dir='ltr'>incumbas.</span> <span class='ocrx_word' id='word_1_116' title='bbox 550 729 608 758; x_wconf 91' lang='lat' dir='ltr'>hoc</span> <span class='ocrx_word' id='word_1_117' title='bbox 618 726 660 756; x_wconf 91' lang='lat' dir='ltr'>est</span> <span class='ocrx_word' id='word_1_118' title='bbox 671 728 777 758; x_wconf 87' lang='lat' dir='ltr'>animi,</span> <span class='ocrx_word' id='word_1_119' title='bbox 789 726 846 754; x_wconf 90' lang='lat' dir='ltr'>hoc</span> <span class='ocrx_word' id='word_1_120' title='bbox 856 723 898 753; x_wconf 90' lang='lat' dir='ltr'>est</span> <span class='ocrx_word' id='word_1_121' title='bbox 910 725 1024 761; x_wconf 86' lang='lat' dir='ltr'>ingenii</span> <span class='ocrx_word' id='word_1_122' title='bbox 1037 725 1080 752; x_wconf 90' lang='lat' dir='ltr'>tui</span> <span class='ocrx_word' id='word_1_123' title='bbox 1093 743 1102 755; x_wconf 87' lang='lat'>,</span> <span class='ocrx_word' id='word_1_124' title='bbox 1115 724 1172 752; x_wconf 91' lang='lat' dir='ltr'>hoc</span> 
     </span>
     <span class='ocr_line' id='line_1_16' title="bbox 213 764 1169 810; baseline -0.005 -13"><span class='ocrx_word' id='word_1_125' title='bbox 213 767 279 806; x_wconf 80' lang='lat' dir='ltr'>ejus</span> <span class='ocrx_word' id='word_1_126' title='bbox 289 769 368 809; x_wconf 89' lang='lat' dir='ltr'>spei,</span> <span class='ocrx_word' id='word_1_127' title='bbox 380 780 471 810; x_wconf 87' lang='lat' dir='ltr'>quam</span> <span class='ocrx_word' id='word_1_128' title='bbox 481 769 586 800; x_wconf 86' lang='lat' dir='ltr'>habere</span> <span class='ocrx_word' id='word_1_129' title='bbox 596 768 697 800; x_wconf 84' lang='lat' dir='ltr'>debes,</span> <span class='ocrx_word' id='word_1_130' title='bbox 708 764 925 806; x_wconf 82' lang='lat' dir='ltr'>amplificandae</span> <span class='ocrx_word' id='word_1_131' title='bbox 937 765 1089 804; x_wconf 83' lang='lat' dir='ltr'>dignitatis</span> <span class='ocrx_word' id='word_1_132' title='bbox 1100 773 1169 810; x_wconf 76' lang='lat' dir='ltr'>tuae.</span> 
     </span>
     <span class='ocr_line' id='line_1_17' title="bbox 215 805 1170 848; baseline -0.007 -7"><span class='ocrx_word' id='word_1_133' title='bbox 215 810 272 840; x_wconf 78' lang='lat' dir='ltr'>Sed</span> <span class='ocrx_word' id='word_1_134' title='bbox 296 812 350 841; x_wconf 88' lang='lat' dir='ltr'>hac</span> <span class='ocrx_word' id='word_1_135' title='bbox 363 811 399 841; x_wconf 93' lang='lat' dir='ltr'>de</span> <span class='ocrx_word' id='word_1_136' title='bbox 409 822 438 841; x_wconf 87' lang='lat' dir='ltr'>re</span> <span class='ocrx_word' id='word_1_137' title='bbox 447 811 520 841; x_wconf 69' lang='lat' dir='ltr'>alias</span> <span class='ocrx_word' id='word_1_138' title='bbox 532 831 541 843; x_wconf 90' lang='lat'>,</span> <span class='ocrx_word' id='word_1_139' title='bbox 559 810 594 840; x_wconf 88' lang='lat' dir='ltr'>ad</span> <span class='ocrx_word' id='word_1_140' title='bbox 610 818 636 839; x_wconf 85' lang='lat' dir='ltr'>te</span> <span class='ocrx_word' id='word_1_141' title='bbox 646 808 791 848; x_wconf 89' lang='lat' dir='ltr'>pluribus.</span> <span class='ocrx_word' id='word_1_142' title='bbox 810 805 883 839; x_wconf 77' lang='lat' dir='ltr'>cum</span> <span class='ocrx_word' id='word_1_143' title='bbox 895 807 978 835; x_wconf 86' lang='lat' dir='ltr'>enirn</span> <span class='ocrx_word' id='word_1_144' title='bbox 990 806 1051 835; x_wconf 82' lang='lat' dir='ltr'>baec</span> <span class='ocrx_word' id='word_1_145' title='bbox 1061 805 1170 835; x_wconf 85' lang='lat' dir='ltr'>scribe-</span> 
     </span>
     <span class='ocr_line' id='line_1_18' title="bbox 214 846 1171 892; baseline -0.005 -12"><span class='ocrx_word' id='word_1_146' title='bbox 214 850 284 881; x_wconf 84' lang='lat' dir='ltr'>bam</span> <span class='ocrx_word' id='word_1_147' title='bbox 297 872 306 886; x_wconf 93' lang='lat'>‚</span> <span class='ocrx_word' id='word_1_148' title='bbox 328 854 361 882; x_wconf 91' lang='lat' dir='ltr'>in</span> <span class='ocrx_word' id='word_1_149' title='bbox 370 852 590 892; x_wconf 68' lang='lat' dir='ltr'>exspe&amp;atione</span> <span class='ocrx_word' id='word_1_150' title='bbox 600 859 682 879; x_wconf 83' lang='lat' dir='ltr'>erant</span> <span class='ocrx_word' id='word_1_151' title='bbox 689 850 794 878; x_wconf 89' lang='lat' dir='ltr'>omnia</span> <span class='ocrx_word' id='word_1_152' title='bbox 806 868 814 880; x_wconf 93' lang='lat'>,</span> <span class='ocrx_word' id='word_1_153' title='bbox 826 846 963 877; x_wconf 88' lang='lat' dir='ltr'>nondum</span> <span class='ocrx_word' id='word_1_154' title='bbox 976 846 1063 886; x_wconf 79' lang='lat' dir='ltr'>legati</span> <span class='ocrx_word' id='word_1_155' title='bbox 1072 846 1171 876; x_wconf 86' lang='lat' dir='ltr'>redie—</span> 
     </span>
     <span class='ocr_line' id='line_1_19' title="bbox 215 888 1169 934; baseline -0.007 -10"><span class='ocrx_word' id='word_1_156' title='bbox 215 902 298 923; x_wconf 83' lang='lat' dir='ltr'>rant:</span> <span class='ocrx_word' id='word_1_157' title='bbox 316 904 392 934; x_wconf 88' lang='lat' dir='ltr'>quos</span> <span class='ocrx_word' id='word_1_158' title='bbox 410 895 526 924; x_wconf 87' lang='lat' dir='ltr'>senatus</span> <span class='ocrx_word' id='word_1_159' title='bbox 545 902 611 922; x_wconf 90' lang='lat' dir='ltr'>non</span> <span class='ocrx_word' id='word_1_160' title='bbox 628 890 662 920; x_wconf 90' lang='lat' dir='ltr'>ad</span> <span class='ocrx_word' id='word_1_161' title='bbox 681 900 784 929; x_wconf 85' lang='lat' dir='ltr'>pacem</span> <span class='ocrx_word' id='word_1_162' title='bbox 803 888 1018 928; x_wconf 77' lang='lat' dir='ltr'>deprecandam</span> <span class='ocrx_word' id='word_1_163' title='bbox 1030 908 1039 921; x_wconf 91' lang='lat'>,</span> <span class='ocrx_word' id='word_1_164' title='bbox 1067 888 1114 918; x_wconf 87' lang='lat' dir='ltr'>sed</span> <span class='ocrx_word' id='word_1_165' title='bbox 1133 888 1169 918; x_wconf 91' lang='lat' dir='ltr'>ad</span> 
     </span>
     <span class='ocr_line' id='line_1_20' title="bbox 213 929 1168 970; baseline -0.007 -5"><span class='ocrx_word' id='word_1_166' title='bbox 213 934 454 965; x_wconf 83' lang='lat' dir='ltr'>denuntiandum</span> <span class='ocrx_word' id='word_1_167' title='bbox 464 934 577 964; x_wconf 85' lang='lat' dir='ltr'>bellum</span> <span class='ocrx_word' id='word_1_168' title='bbox 595 932 732 965; x_wconf 85' lang='lat' dir='ltr'>miserat,</span> <span class='ocrx_word' id='word_1_169' title='bbox 750 929 805 960; x_wconf 84' lang='lat' dir='ltr'>nisi</span> <span class='ocrx_word' id='word_1_170' title='bbox 821 931 986 970; x_wconf 81' lang='lat' dir='ltr'>legatorum</span> <span class='ocrx_word' id='word_1_171' title='bbox 998 932 1106 960; x_wconf 89' lang='lat' dir='ltr'>nuntio</span> <span class='ocrx_word' id='word_1_172' title='bbox 1117 940 1168 970; x_wconf 85' lang='lat' dir='ltr'>pa-</span> 
     </span>
     <span class='ocr_line' id='line_1_21' title="bbox 211 971 1166 1017; baseline -0.005 -11"><span class='ocrx_word' id='word_1_173' title='bbox 211 975 324 1007; x_wconf 82' lang='lat' dir='ltr'>ruifl&#39;et.</span> <span class='ocrx_word' id='word_1_174' title='bbox 347 979 411 1017; x_wconf 90' lang='lat' dir='ltr'>Ego</span> <span class='ocrx_word' id='word_1_175' title='bbox 421 985 521 1005; x_wconf 90' lang='lat' dir='ltr'>tamen</span> <span class='ocrx_word' id='word_1_176' title='bbox 532 995 540 1009; x_wconf 94' lang='lat'>,</span> <span class='ocrx_word' id='word_1_177' title='bbox 563 983 596 1005; x_wconf 88' lang='lat' dir='ltr'>ut</span> <span class='ocrx_word' id='word_1_178' title='bbox 605 976 739 1014; x_wconf 88' lang='lat' dir='ltr'>primum</span> <span class='ocrx_word' id='word_1_179' title='bbox 750 971 862 1002; x_wconf 84' lang='lat' dir='ltr'>occasio</span> <span class='ocrx_word' id='word_1_180' title='bbox 871 972 935 1002; x_wconf 84' lang='lat' dir='ltr'>data</span> <span class='ocrx_word' id='word_1_181' title='bbox 948 971 989 1002; x_wconf 86' lang='lat' dir='ltr'>est</span> <span class='ocrx_word' id='word_1_182' title='bbox 999 992 1007 1005; x_wconf 84' lang='lat'>‚</span> <span class='ocrx_word' id='word_1_183' title='bbox 1027 982 1097 1002; x_wconf 90' lang='lat' dir='ltr'>meo</span> <span class='ocrx_word' id='word_1_184' title='bbox 1107 974 1166 1012; x_wconf 85' lang='lat' dir='ltr'>pri-</span> 
     </span>
     <span class='ocr_line' id='line_1_22' title="bbox 211 1014 1168 1056; baseline -0.005 -8"><span class='ocrx_word' id='word_1_185' title='bbox 211 1017 292 1048; x_wconf 82' lang='lat' dir='ltr'>stino</span> <span class='ocrx_word' id='word_1_186' title='bbox 302 1028 387 1047; x_wconf 88' lang='lat' dir='ltr'>more</span> <span class='ocrx_word' id='word_1_187' title='bbox 395 1027 489 1056; x_wconf 89' lang='lat' dir='ltr'>remp.</span> <span class='ocrx_word' id='word_1_188' title='bbox 501 1016 640 1046; x_wconf 86' lang='lat' dir='ltr'>defendi:</span> <span class='ocrx_word' id='word_1_189' title='bbox 652 1026 702 1045; x_wconf 89' lang='lat' dir='ltr'>me</span> <span class='ocrx_word' id='word_1_190' title='bbox 712 1015 879 1055; x_wconf 76' lang='lat' dir='ltr'>principem</span> <span class='ocrx_word' id='word_1_191' title='bbox 892 1014 1024 1047; x_wconf 78' lang='lat' dir='ltr'>senatui,</span> <span class='ocrx_word' id='word_1_192' title='bbox 1038 1015 1168 1054; x_wconf 88' lang='lat' dir='ltr'>populo-</span> 
     </span>
     <span class='ocr_line' id='line_1_23' title="bbox 212 1056 1165 1100; baseline -0.003 -12"><span class='ocrx_word' id='word_1_193' title='bbox 212 1069 272 1100; x_wconf 90' lang='lat' dir='ltr'>que</span> <span class='ocrx_word' id='word_1_194' title='bbox 288 1061 326 1089; x_wconf 91' lang='lat' dir='ltr'>R.</span> <span class='ocrx_word' id='word_1_195' title='bbox 344 1057 491 1099; x_wconf 87' lang='lat' dir='ltr'>profeffus</span> <span class='ocrx_word' id='word_1_196' title='bbox 503 1059 586 1088; x_wconf 87' lang='lat' dir='ltr'>sum:</span> <span class='ocrx_word' id='word_1_197' title='bbox 606 1067 663 1088; x_wconf 89' lang='lat' dir='ltr'>nec</span> <span class='ocrx_word' id='word_1_198' title='bbox 684 1056 783 1097; x_wconf 67' lang='lat' dir='ltr'>postea</span> <span class='ocrx_word' id='word_1_199' title='bbox 797 1076 806 1090; x_wconf 89' lang='lat'>‚</span> <span class='ocrx_word' id='word_1_200' title='bbox 823 1056 913 1098; x_wconf 63' lang='lat' dir='ltr'>quam</span> <span class='ocrx_word' id='word_1_201' title='bbox 924 1056 1036 1096; x_wconf 77' lang='lat' dir='ltr'>suscepi</span> <span class='ocrx_word' id='word_1_202' title='bbox 1050 1056 1165 1086; x_wconf 86' lang='lat' dir='ltr'>causam</span> 
     </span>
     <span class='ocr_line' id='line_1_24' title="bbox 210 1096 1166 1139; baseline -0.004 -9"><span class='ocrx_word' id='word_1_203' title='bbox 210 1101 353 1130; x_wconf 76' lang='lat' dir='ltr'>libertatis</span> <span class='ocrx_word' id='word_1_204' title='bbox 365 1120 374 1133; x_wconf 91' lang='lat'>,</span> <span class='ocrx_word' id='word_1_205' title='bbox 386 1102 556 1130; x_wconf 89' lang='lat' dir='ltr'>minimum</span> <span class='ocrx_word' id='word_1_206' title='bbox 567 1109 685 1139; x_wconf 83' lang='lat' dir='ltr'>tempus</span> <span class='ocrx_word' id='word_1_207' title='bbox 696 1096 778 1129; x_wconf 81' lang='lat' dir='ltr'>amisi</span> <span class='ocrx_word' id='word_1_208' title='bbox 790 1097 910 1128; x_wconf 83' lang='lat' dir='ltr'>tuendae</span> <span class='ocrx_word' id='word_1_209' title='bbox 923 1098 1035 1131; x_wconf 85' lang='lat' dir='ltr'>salutis,</span> <span class='ocrx_word' id='word_1_210' title='bbox 1047 1098 1166 1127; x_wconf 88' lang='lat' dir='ltr'>liberta-</span> 
     </span>
     <span class='ocr_line' id='line_1_25' title="bbox 208 1139 1161 1182; baseline -0.004 -11"><span class='ocrx_word' id='word_1_211' title='bbox 208 1141 304 1182; x_wconf 88' lang='lat' dir='ltr'>tisque</span> <span class='ocrx_word' id='word_1_212' title='bbox 322 1144 509 1172; x_wconf 88' lang='lat' dir='ltr'>communis.</span> <span class='ocrx_word' id='word_1_213' title='bbox 531 1141 586 1172; x_wconf 88' lang='lat' dir='ltr'>Sed</span> <span class='ocrx_word' id='word_1_214' title='bbox 605 1143 667 1171; x_wconf 88' lang='lat' dir='ltr'>haec</span> <span class='ocrx_word' id='word_1_215' title='bbox 684 1150 804 1181; x_wconf 90' lang='lat' dir='ltr'>quoque</span> <span class='ocrx_word' id='word_1_216' title='bbox 821 1149 848 1170; x_wconf 89' lang='lat' dir='ltr'>te</span> <span class='ocrx_word' id='word_1_217' title='bbox 869 1149 907 1169; x_wconf 83' lang='lat' dir='ltr'>ex</span> <span class='ocrx_word' id='word_1_218' title='bbox 932 1139 997 1169; x_wconf 84' lang='lat' dir='ltr'>aliis</span> <span class='ocrx_word' id='word_1_219' title='bbox 1018 1139 1109 1169; x_wconf 91' lang='lat' dir='ltr'>malo.</span> <span class='ocrx_word' id='word_1_220' title='bbox 1122 1142 1161 1169; x_wconf 92' lang='lat' dir='ltr'>T.</span> 
     </span>
     <span class='ocr_line' id='line_1_26' title="bbox 206 1180 1165 1217; baseline -0.004 -3"><span class='ocrx_word' id='word_1_221' title='bbox 206 1185 361 1214; x_wconf 85' lang='lat' dir='ltr'>Pinarium</span> <span class='ocrx_word' id='word_1_222' title='bbox 372 1204 381 1217; x_wconf 86' lang='lat'>,</span> <span class='ocrx_word' id='word_1_223' title='bbox 392 1182 656 1214; x_wconf 76' lang='lat' dir='ltr'>familiarissimum</span> <span class='ocrx_word' id='word_1_224' title='bbox 670 1192 774 1211; x_wconf 91' lang='lat' dir='ltr'>meum</span> <span class='ocrx_word' id='word_1_225' title='bbox 787 1202 796 1214; x_wconf 84' lang='lat'>.</span> <span class='ocrx_word' id='word_1_226' title='bbox 808 1190 890 1212; x_wconf 85' lang='lat' dir='ltr'>tanto</span> <span class='ocrx_word' id='word_1_227' title='bbox 904 1180 959 1210; x_wconf 91' lang='lat' dir='ltr'>tibi</span> <span class='ocrx_word' id='word_1_228' title='bbox 971 1180 1068 1210; x_wconf 87' lang='lat' dir='ltr'>studio</span> <span class='ocrx_word' id='word_1_229' title='bbox 1077 1191 1165 1211; x_wconf 90' lang='lat' dir='ltr'>com-</span> 
     </span>
     <span class='ocr_line' id='line_1_27' title="bbox 205 1222 1165 1264; baseline -0.003 -9"><span class='ocrx_word' id='word_1_230' title='bbox 205 1225 322 1255; x_wconf 87' lang='lat' dir='ltr'>mendo</span> <span class='ocrx_word' id='word_1_231' title='bbox 334 1245 343 1259; x_wconf 85' lang='lat'>,</span> <span class='ocrx_word' id='word_1_232' title='bbox 368 1235 400 1255; x_wconf 88' lang='lat' dir='ltr'>ut</span> <span class='ocrx_word' id='word_1_233' title='bbox 419 1226 533 1264; x_wconf 85' lang='lat' dir='ltr'>majore</span> <span class='ocrx_word' id='word_1_234' title='bbox 543 1235 606 1255; x_wconf 92' lang='lat' dir='ltr'>non</span> <span class='ocrx_word' id='word_1_235' title='bbox 619 1223 738 1264; x_wconf 88' lang='lat' dir='ltr'>poffim.</span> <span class='ocrx_word' id='word_1_236' title='bbox 763 1225 819 1253; x_wconf 89' lang='lat' dir='ltr'>Cui</span> <span class='ocrx_word' id='word_1_237' title='bbox 832 1222 904 1253; x_wconf 79' lang='lat' dir='ltr'>cum</span> <span class='ocrx_word' id='word_1_238' title='bbox 914 1225 1165 1262; x_wconf 87' lang='lat' dir='ltr'>propteromneis</span> 
     </span>
     <span class='ocr_line' id='line_1_28' title="bbox 206 1265 1164 1307; baseline -0.004 -10"><span class='ocrx_word' id='word_1_239' title='bbox 206 1268 332 1297; x_wconf 84' lang='lat' dir='ltr'>virtutes</span> <span class='ocrx_word' id='word_1_240' title='bbox 344 1287 353 1300; x_wconf 96' lang='lat'>,</span> <span class='ocrx_word' id='word_1_241' title='bbox 374 1276 438 1297; x_wconf 91' lang='lat' dir='ltr'>tum</span> <span class='ocrx_word' id='word_1_242' title='bbox 452 1269 542 1297; x_wconf 87' lang='lat' dir='ltr'>etiam</span> <span class='ocrx_word' id='word_1_243' title='bbox 553 1275 671 1307; x_wconf 83' lang='lat' dir='ltr'>propter</span> <span class='ocrx_word' id='word_1_244' title='bbox 685 1265 778 1296; x_wconf 89' lang='lat' dir='ltr'>studia</span> <span class='ocrx_word' id='word_1_245' title='bbox 788 1266 966 1295; x_wconf 85' lang='lat' dir='ltr'>communia</span> <span class='ocrx_word' id='word_1_246' title='bbox 976 1284 984 1298; x_wconf 83' lang='grc'>,</span> <span class='ocrx_word' id='word_1_247' title='bbox 1006 1265 1070 1294; x_wconf 89' lang='lat' dir='ltr'>sum</span> <span class='ocrx_word' id='word_1_248' title='bbox 1084 1267 1164 1294; x_wconf 83' lang='lat' dir='ltr'>ami-</span> 
     </span>
     <span class='ocr_line' id='line_1_29' title="bbox 204 1305 1162 1348; baseline -0.003 -10"><span class='ocrx_word' id='word_1_249' title='bbox 204 1307 347 1339; x_wconf 87' lang='lat' dir='ltr'>ciffimus.</span> <span class='ocrx_word' id='word_1_250' title='bbox 370 1312 399 1339; x_wconf 86' lang='lat' dir='ltr'>Is</span> <span class='ocrx_word' id='word_1_251' title='bbox 413 1307 688 1348; x_wconf 75' lang='lat' dir='ltr'>procuratratio&#39;nes</span> <span class='ocrx_word' id='word_1_252' title='bbox 698 1328 706 1340; x_wconf 96' lang='lat'>,</span> <span class='ocrx_word' id='word_1_253' title='bbox 718 1309 895 1347; x_wconf 85' lang='lat' dir='ltr'>negotiaque</span> <span class='ocrx_word' id='word_1_254' title='bbox 906 1305 1046 1345; x_wconf 80' lang='lat' dir='ltr'>Dionysii</span> <span class='ocrx_word' id='word_1_255' title='bbox 1057 1306 1162 1340; x_wconf 87' lang='lat' dir='ltr'>nostri,</span> 
     </span>
     <span class='ocr_line' id='line_1_30' title="bbox 206 1348 1157 1390; baseline -0.003 -11"><span class='ocrx_word' id='word_1_256' title='bbox 206 1359 298 1390; x_wconf 86' lang='lat' dir='ltr'>quem</span> <span class='ocrx_word' id='word_1_257' title='bbox 318 1351 351 1381; x_wconf 75' lang='grc' dir='ltr'>δε</span> <span class='ocrx_word' id='word_1_258' title='bbox 372 1360 403 1380; x_wconf 87' lang='lat' dir='ltr'>tu</span> <span class='ocrx_word' id='word_1_259' title='bbox 423 1350 556 1380; x_wconf 77' lang='lat' dir='ltr'>multum</span> <span class='ocrx_word' id='word_1_260' title='bbox 575 1359 674 1382; x_wconf 83' lang='lat' dir='ltr'>amas,</span> <span class='ocrx_word' id='word_1_261' title='bbox 697 1349 729 1378; x_wconf 78' lang='grc' dir='ltr'>δε</span> <span class='ocrx_word' id='word_1_262' title='bbox 747 1358 802 1389; x_wconf 86' lang='lat' dir='ltr'>ego</span> <span class='ocrx_word' id='word_1_263' title='bbox 819 1348 1157 1387; x_wconf 78' lang='lat' dir='ltr'>omniumplurimum.</span> 
     </span>
     <span class='ocr_line' id='line_1_31' title="bbox 209 1389 1162 1431; baseline -0.002 -9"><span class='ocrx_word' id='word_1_264' title='bbox 209 1395 221 1411; x_wconf 85' lang='lat'><strong>¹</strong></span> <span class='ocrx_word' id='word_1_265' title='bbox 233 1394 276 1422; x_wconf 87' lang='lat' dir='ltr'>Ea</span> <span class='ocrx_word' id='word_1_266' title='bbox 294 1391 348 1421; x_wconf 89' lang='lat' dir='ltr'>tibi</span> <span class='ocrx_word' id='word_1_267' title='bbox 361 1402 415 1431; x_wconf 90' lang='lat' dir='ltr'>ego</span> <span class='ocrx_word' id='word_1_268' title='bbox 425 1402 489 1421; x_wconf 91' lang='lat' dir='ltr'>non</span> <span class='ocrx_word' id='word_1_269' title='bbox 499 1392 596 1421; x_wconf 83' lang='lat' dir='ltr'>debeo</span> <span class='ocrx_word' id='word_1_270' title='bbox 608 1391 823 1421; x_wconf 87' lang='lat' dir='ltr'>commendare</span> <span class='ocrx_word' id='word_1_271' title='bbox 837 1400 842 1418; x_wconf 87' lang='lat'>:</span> <span class='ocrx_word' id='word_1_272' title='bbox 864 1389 913 1419; x_wconf 88' lang='lat' dir='ltr'>sed</span> <span class='ocrx_word' id='word_1_273' title='bbox 924 1390 1111 1419; x_wconf 89' lang='lat' dir='ltr'>commendo</span> <span class='ocrx_word' id='word_1_274' title='bbox 1122 1400 1162 1420; x_wconf 85' lang='lat' dir='ltr'>ta-</span> 
     </span>
     <span class='ocr_line' id='line_1_32' title="bbox 207 1426 1161 1474; baseline -0.002 -11"><span class='ocrx_word' id='word_1_275' title='bbox 207 1426 287 1463; x_wconf 64' lang='lat' dir='ltr'>fnen.</span> <span class='ocrx_word' id='word_1_276' title='bbox 314 1435 415 1463; x_wconf 81' lang='lat' dir='ltr'>Facies</span> <span class='ocrx_word' id='word_1_277' title='bbox 427 1435 516 1474; x_wconf 88' lang='lat' dir='ltr'>igitur</span> <span class='ocrx_word' id='word_1_278' title='bbox 526 1453 534 1465; x_wconf 94' lang='lat'>,</span> <span class='ocrx_word' id='word_1_279' title='bbox 549 1442 580 1462; x_wconf 85' lang='lat' dir='ltr'>ut</span> <span class='ocrx_word' id='word_1_280' title='bbox 590 1442 628 1462; x_wconf 82' lang='lat' dir='ltr'>ex</span> <span class='ocrx_word' id='word_1_281' title='bbox 637 1433 758 1464; x_wconf 81' lang='lat' dir='ltr'>Pinarii,</span> <span class='ocrx_word' id='word_1_282' title='bbox 772 1430 925 1472; x_wconf 76' lang='lat' dir='ltr'>gratissimi</span> <span class='ocrx_word' id='word_1_283' title='bbox 936 1432 1161 1461; x_wconf 88' lang='lat' dir='ltr'>hominislitte-</span> 
     </span>
     <span class='ocr_line' id='line_1_33' title="bbox 205 1471 1162 1515; baseline 0 -11"><span class='ocrx_word' id='word_1_284' title='bbox 205 1477 247 1505; x_wconf 88' lang='lat' dir='ltr'>ris</span> <span class='ocrx_word' id='word_1_285' title='bbox 258 1494 267 1507; x_wconf 88' lang='lat'>,</span> <span class='ocrx_word' id='word_1_286' title='bbox 285 1483 370 1504; x_wconf 91' lang='lat' dir='ltr'>tuum</span> <span class='ocrx_word' id='word_1_287' title='bbox 389 1475 421 1503; x_wconf 90' lang='lat'><strong>&amp;</strong></span> <span class='ocrx_word' id='word_1_288' title='bbox 437 1485 503 1515; x_wconf 79' lang='lat' dir='ltr'>erga</span> <span class='ocrx_word' id='word_1_289' title='bbox 512 1475 600 1504; x_wconf 89' lang='lat' dir='ltr'>illum</span> <span class='ocrx_word' id='word_1_290' title='bbox 612 1494 621 1508; x_wconf 89' lang='lat'>,</span> <span class='ocrx_word' id='word_1_291' title='bbox 643 1474 675 1504; x_wconf 72' lang='grc' dir='ltr'>δε</span> <span class='ocrx_word' id='word_1_292' title='bbox 686 1483 750 1514; x_wconf 86' lang='lat' dir='ltr'>erga</span> <span class='ocrx_word' id='word_1_293' title='bbox 760 1471 942 1513; x_wconf 82' lang='lat' dir='ltr'>Dionysium</span> <span class='ocrx_word' id='word_1_294' title='bbox 952 1472 1084 1503; x_wconf 89' lang='lat' dir='ltr'>studium</span> <span class='ocrx_word' id='word_1_295' title='bbox 1094 1483 1162 1513; x_wconf 87' lang='lat' dir='ltr'>per-</span> 
     </span>
     <span class='ocr_line' id='line_1_34' title="bbox 206 1517 377 1556; baseline -0.012 -9"><span class='ocrx_word' id='word_1_296' title='bbox 206 1517 377 1556; x_wconf 84' lang='lat' dir='ltr'>spiciamus.</span> 
     </span>
    </p>

    <p class='ocr_par' dir='ltr' id='par_1_5' title="bbox 291 1560 1161 1677">
     <span class='ocr_line' id='line_1_35' title="bbox 372 1560 1001 1590; baseline 0 -3"><span class='ocrx_word' id='word_1_297' title='bbox 372 1560 418 1588; x_wconf 89' lang='lat' dir='ltr'>M.</span> <span class='ocrx_word' id='word_1_298' title='bbox 430 1561 471 1589; x_wconf 87' lang='lat' dir='ltr'>T.</span> <span class='ocrx_word' id='word_1_299' title='bbox 484 1562 517 1589; x_wconf 90' lang='lat' dir='ltr'>C.</span> <span class='ocrx_word' id='word_1_300' title='bbox 540 1562 568 1590; x_wconf 68' lang='lat' dir='ltr'>S:</span> <span class='ocrx_word' id='word_1_301' title='bbox 582 1562 613 1590; x_wconf 90' lang='lat' dir='ltr'>P.</span> <span class='ocrx_word' id='word_1_302' title='bbox 627 1562 666 1589; x_wconf 93' lang='lat' dir='ltr'>D.</span> <span class='ocrx_word' id='word_1_303' title='bbox 691 1560 1001 1590; x_wconf 76' lang='lat' dir='ltr'>COR-NIFICIO.</span> 
     </span>
     <span class='ocr_line' id='line_1_36' title="bbox 292 1599 1161 1641; baseline -0.001 -11"><span class='ocrx_word' id='word_1_304' title='bbox 292 1603 499 1631; x_wconf 74' lang='lat' dir='ltr'>IEERALtaus</span> <span class='ocrx_word' id='word_1_305' title='bbox 521 1602 631 1631; x_wconf 82' lang='lat' dir='ltr'>litteras</span> <span class='ocrx_word' id='word_1_306' title='bbox 646 1603 744 1641; x_wconf 88' lang='lat' dir='ltr'>accepi</span> <span class='ocrx_word' id='word_1_307' title='bbox 755 1611 815 1631; x_wconf 89' lang='lat' dir='ltr'>tuas</span> <span class='ocrx_word' id='word_1_308' title='bbox 830 1620 838 1634; x_wconf 86' lang='lat'>,</span> <span class='ocrx_word' id='word_1_309' title='bbox 858 1611 929 1641; x_wconf 81' lang='lat' dir='ltr'>quas</span> <span class='ocrx_word' id='word_1_310' title='bbox 941 1601 1017 1630; x_wconf 88' lang='lat' dir='ltr'>mihi</span> <span class='ocrx_word' id='word_1_311' title='bbox 1029 1599 1161 1630; x_wconf 80' lang='lat' dir='ltr'>Cornifi-</span> 
     </span>
     <span class='ocr_line' id='line_1_37' title="bbox 291 1642 1161 1677; baseline 0.001 -6"><span class='ocrx_word' id='word_1_312' title='bbox 291 1644 357 1672; x_wconf 87' lang='lat' dir='ltr'>cius</span> <span class='ocrx_word' id='word_1_313' title='bbox 369 1643 460 1672; x_wconf 87' lang='lat' dir='ltr'>altero</span> <span class='ocrx_word' id='word_1_314' title='bbox 470 1642 613 1673; x_wconf 71' lang='lat' dir='ltr'>vicesimo</span> <span class='ocrx_word' id='word_1_315' title='bbox 624 1643 672 1673; x_wconf 87' lang='lat' dir='ltr'>die</span> <span class='ocrx_word' id='word_1_316' title='bbox 685 1664 693 1677; x_wconf 90' lang='lat'>,</span> <span class='ocrx_word' id='word_1_317' title='bbox 708 1653 737 1673; x_wconf 91' lang='lat' dir='ltr'>ut</span> <span class='ocrx_word' id='word_1_318' title='bbox 746 1643 861 1673; x_wconf 89' lang='lat' dir='ltr'>dicebat</span> <span class='ocrx_word' id='word_1_319' title='bbox 873 1663 881 1676; x_wconf 91' lang='lat'>,</span> <span class='ocrx_word' id='word_1_320' title='bbox 893 1643 1032 1672; x_wconf 75' lang='lat' dir='ltr'>reddidit.</span> <span class='ocrx_word' id='word_1_321' title='bbox 1056 1645 1102 1672; x_wconf 89' lang='lat' dir='ltr'>Eo</span> <span class='ocrx_word' id='word_1_322' title='bbox 1112 1643 1161 1672; x_wconf 92' lang='lat' dir='ltr'>die</span> 
     </span>
    </p>

    <p class='ocr_par' dir='ltr' id='par_1_6' title="bbox 191 1683 1160 2726">
     <span class='ocr_line' id='line_1_38' title="bbox 204 1683 1160 1725; baseline 0 -11"><span class='ocrx_word' id='word_1_323' title='bbox 204 1694 268 1714; x_wconf 89' lang='lat' dir='ltr'>non</span> <span class='ocrx_word' id='word_1_324' title='bbox 278 1683 460 1714; x_wconf 85' lang='lat' dir='ltr'>fuitsenatus</span> <span class='ocrx_word' id='word_1_325' title='bbox 474 1704 483 1718; x_wconf 93' lang='lat'>,</span> <span class='ocrx_word' id='word_1_326' title='bbox 503 1695 600 1725; x_wconf 87' lang='lat' dir='ltr'>neque</span> <span class='ocrx_word' id='word_1_327' title='bbox 610 1684 740 1725; x_wconf 83' lang='lat' dir='ltr'>postero.</span> <span class='ocrx_word' id='word_1_328' title='bbox 765 1685 1002 1725; x_wconf 82' lang='lat' dir='ltr'>Quinquatiibus</span> <span class='ocrx_word' id='word_1_329' title='bbox 1012 1684 1160 1725; x_wconf 83' lang='lat' dir='ltr'>frequenti</span> 
     </span>
     <span class='ocr_line' id='line_1_39' title="bbox 203 1726 1160 1768; baseline -0.002 -11"><span class='ocrx_word' id='word_1_330' title='bbox 203 1726 306 1757; x_wconf 88' lang='lat' dir='ltr'>senatu</span> <span class='ocrx_word' id='word_1_331' title='bbox 327 1726 441 1755; x_wconf 88' lang='lat' dir='ltr'>causam</span> <span class='ocrx_word' id='word_1_332' title='bbox 462 1735 543 1755; x_wconf 90' lang='lat' dir='ltr'>tuam</span> <span class='ocrx_word' id='word_1_333' title='bbox 564 1730 611 1768; x_wconf 90' lang='lat' dir='ltr'>egi</span> <span class='ocrx_word' id='word_1_334' title='bbox 631 1737 694 1757; x_wconf 88' lang='lat' dir='ltr'>non</span> <span class='ocrx_word' id='word_1_335' title='bbox 713 1729 807 1756; x_wconf 81' lang='lat' dir='ltr'>invita</span> <span class='ocrx_word' id='word_1_336' title='bbox 818 1728 964 1756; x_wconf 83' lang='lat' dir='ltr'>Minerva.</span> <span class='ocrx_word' id='word_1_337' title='bbox 989 1729 1111 1756; x_wconf 86' lang='lat' dir='ltr'>Etenim</span> <span class='ocrx_word' id='word_1_338' title='bbox 1123 1736 1160 1756; x_wconf 90' lang='lat' dir='ltr'>eo</span> 
     </span>
     <span class='ocr_line' id='line_1_40' title="bbox 204 1767 1157 1807; baseline -0.001 -9"><span class='ocrx_word' id='word_1_339' title='bbox 204 1767 269 1807; x_wconf 86' lang='lat' dir='ltr'>ipso</span> <span class='ocrx_word' id='word_1_340' title='bbox 281 1767 329 1797; x_wconf 89' lang='lat' dir='ltr'>die</span> <span class='ocrx_word' id='word_1_341' title='bbox 342 1767 458 1797; x_wconf 85' lang='lat' dir='ltr'>senatus</span> <span class='ocrx_word' id='word_1_342' title='bbox 468 1767 620 1801; x_wconf 87' lang='lat' dir='ltr'>decrevit,</span> <span class='ocrx_word' id='word_1_343' title='bbox 632 1778 664 1798; x_wconf 90' lang='lat' dir='ltr'>ut</span> <span class='ocrx_word' id='word_1_344' title='bbox 674 1771 813 1798; x_wconf 85' lang='lat' dir='ltr'>Minerva</span> <span class='ocrx_word' id='word_1_345' title='bbox 822 1767 920 1797; x_wconf 81' lang='lat' dir='ltr'>nostra</span> <span class='ocrx_word' id='word_1_346' title='bbox 932 1787 941 1800; x_wconf 87' lang='lat'>,</span> <span class='ocrx_word' id='word_1_347' title='bbox 952 1767 1051 1797; x_wconf 89' lang='lat' dir='ltr'>custos</span> <span class='ocrx_word' id='word_1_348' title='bbox 1065 1768 1157 1801; x_wconf 81' lang='lat' dir='ltr'>urbis,</span> 
     </span>
     <span class='ocr_line' id='line_1_41' title="bbox 204 1808 1159 1850; baseline 0 -11"><span class='ocrx_word' id='word_1_349' title='bbox 204 1818 296 1850; x_wconf 89' lang='lat' dir='ltr'>quam</span> <span class='ocrx_word' id='word_1_350' title='bbox 321 1808 408 1839; x_wconf 87' lang='lat' dir='ltr'>turbo</span> <span class='ocrx_word' id='word_1_351' title='bbox 431 1809 574 1848; x_wconf 88' lang='lat' dir='ltr'>dejecerat</span> <span class='ocrx_word' id='word_1_352' title='bbox 593 1829 601 1842; x_wconf 92' lang='lat'>‚</span> <span class='ocrx_word' id='word_1_353' title='bbox 621 1809 828 1839; x_wconf 83' lang='lat' dir='ltr'>restitueretur.</span> <span class='ocrx_word' id='word_1_354' title='bbox 861 1809 950 1839; x_wconf 79' lang='lat' dir='ltr'>Pansa</span> <span class='ocrx_word' id='word_1_355' title='bbox 967 1818 1030 1838; x_wconf 89' lang='lat' dir='ltr'>tuas</span> <span class='ocrx_word' id='word_1_356' title='bbox 1050 1809 1159 1839; x_wconf 82' lang='lat' dir='ltr'>litteras</span> 
     </span>
     <span class='ocr_line' id='line_1_42' title="bbox 202 1849 1158 1891; baseline 0 -10"><span class='ocrx_word' id='word_1_357' title='bbox 202 1851 346 1881; x_wconf 79' lang='lat' dir='ltr'>recitavit.</span> <span class='ocrx_word' id='word_1_358' title='bbox 378 1851 486 1891; x_wconf 80' lang='lat' dir='ltr'>Magna</span> <span class='ocrx_word' id='word_1_359' title='bbox 514 1851 631 1880; x_wconf 89' lang='lat' dir='ltr'>senatus</span> <span class='ocrx_word' id='word_1_360' title='bbox 656 1851 829 1891; x_wconf 83' lang='lat' dir='ltr'>approbatio</span> <span class='ocrx_word' id='word_1_361' title='bbox 847 1850 1006 1880; x_wconf 86' lang='lat' dir='ltr'>consecuta</span> <span class='ocrx_word' id='word_1_362' title='bbox 1025 1849 1068 1879; x_wconf 82' lang='lat' dir='ltr'>est</span> <span class='ocrx_word' id='word_1_363' title='bbox 1087 1860 1158 1881; x_wconf 90' lang='lat' dir='ltr'>cum</span> 
     </span>
     <span class='ocr_line' id='line_1_43' title="bbox 203 1890 1156 1936; baseline -0.002 -14"><span class='ocrx_word' id='word_1_364' title='bbox 203 1893 326 1923; x_wconf 83' lang='lat' dir='ltr'>summo</span> <span class='ocrx_word' id='word_1_365' title='bbox 335 1891 443 1933; x_wconf 88' lang='lat' dir='ltr'>gaudio</span> <span class='ocrx_word' id='word_1_366' title='bbox 453 1912 460 1924; x_wconf 92' lang='lat'><strong>‚</strong></span> <span class='ocrx_word' id='word_1_367' title='bbox 486 1891 519 1921; x_wconf 90' lang='lat'>&amp;</span> <span class='ocrx_word' id='word_1_368' title='bbox 528 1890 694 1922; x_wconf 84' lang='lat' dir='ltr'>offenfione</span> <span class='ocrx_word' id='word_1_369' title='bbox 707 1894 871 1921; x_wconf 84' lang='lat' dir='ltr'>Minotauri</span> <span class='ocrx_word' id='word_1_370' title='bbox 884 1911 892 1924; x_wconf 89' lang='lat'>,</span> <span class='ocrx_word' id='word_1_371' title='bbox 913 1891 943 1920; x_wconf 85' lang='lat' dir='ltr'>id</span> <span class='ocrx_word' id='word_1_372' title='bbox 954 1891 995 1921; x_wconf 89' lang='lat' dir='ltr'>est</span> <span class='ocrx_word' id='word_1_373' title='bbox 1007 1912 1015 1924; x_wconf 87' lang='lat'><em>,</em></span> <span class='ocrx_word' id='word_1_374' title='bbox 1027 1890 1156 1936; x_wconf 70' lang='lat' dir='ltr'>Calvisii,</span> 
     </span>
     <span class='ocr_line' id='line_1_44' title="bbox 204 1932 1156 1964; baseline -0.004 0"><span class='ocrx_word' id='word_1_375' title='bbox 204 1934 238 1964; x_wconf 72' lang='grc' dir='ltr'>δε</span> <span class='ocrx_word' id='word_1_376' title='bbox 257 1936 360 1964; x_wconf 82' lang='lat' dir='ltr'>Tauri.</span> <span class='ocrx_word' id='word_1_377' title='bbox 391 1932 515 1964; x_wconf 69' lang='lat' dir='ltr'>Fac‘tum</span> <span class='ocrx_word' id='word_1_378' title='bbox 535 1933 572 1963; x_wconf 89' lang='lat' dir='ltr'>de</span> <span class='ocrx_word' id='word_1_379' title='bbox 588 1943 616 1964; x_wconf 86' lang='lat' dir='ltr'>te</span> <span class='ocrx_word' id='word_1_380' title='bbox 636 1933 921 1964; x_wconf 81' lang='lat' dir='ltr'>senatusconsultum</span> <span class='ocrx_word' id='word_1_381' title='bbox 941 1934 1156 1963; x_wconf 75' lang='lat' dir='ltr'>honorificum.</span> 
     </span>
     <span class='ocr_line' id='line_1_45' title="bbox 201 1974 1158 2016; baseline -0.001 -11"><span class='ocrx_word' id='word_1_382' title='bbox 201 1974 404 2016; x_wconf 83' lang='lat' dir='ltr'>postulabatur</span> <span class='ocrx_word' id='word_1_383' title='bbox 420 1984 536 2009; x_wconf 84' lang='lat' dir='ltr'>autem,</span> <span class='ocrx_word' id='word_1_384' title='bbox 560 1978 650 2006; x_wconf 85' lang='lat' dir='ltr'>etiam</span> <span class='ocrx_word' id='word_1_385' title='bbox 662 1976 707 2006; x_wconf 88' lang='lat' dir='ltr'>illi</span> <span class='ocrx_word' id='word_1_386' title='bbox 718 1985 895 2006; x_wconf 89' lang='lat' dir='ltr'>notarentur</span> <span class='ocrx_word' id='word_1_387' title='bbox 910 1985 916 2003; x_wconf 76' lang='lat' dir='ltr'>z</span> <span class='ocrx_word' id='word_1_388' title='bbox 939 1975 987 2004; x_wconf 88' lang='lat' dir='ltr'>sed</span> <span class='ocrx_word' id='word_1_389' title='bbox 998 1975 1087 2005; x_wconf 87' lang='lat' dir='ltr'>Pansa</span> <span class='ocrx_word' id='word_1_390' title='bbox 1097 1975 1158 2005; x_wconf 86' lang='lat' dir='ltr'>cle-</span> 
     </span>
     <span class='ocr_line' id='line_1_46' title="bbox 203 2015 1156 2059; baseline 0 -13"><span class='ocrx_word' id='word_1_391' title='bbox 203 2018 345 2047; x_wconf 89' lang='lat' dir='ltr'>mentior.</span> <span class='ocrx_word' id='word_1_392' title='bbox 370 2019 434 2058; x_wconf 79' lang='lat' dir='ltr'>Ego</span> <span class='ocrx_word' id='word_1_393' title='bbox 445 2038 453 2050; x_wconf 86' lang='lat'>,</span> <span class='ocrx_word' id='word_1_394' title='bbox 465 2020 508 2047; x_wconf 91' lang='lat' dir='ltr'>mi</span> <span class='ocrx_word' id='word_1_395' title='bbox 520 2016 662 2048; x_wconf 88' lang='lat' dir='ltr'>Cornifici</span> <span class='ocrx_word' id='word_1_396' title='bbox 678 2038 686 2052; x_wconf 92' lang='lat'>,</span> <span class='ocrx_word' id='word_1_397' title='bbox 708 2028 768 2059; x_wconf 88' lang='lat' dir='ltr'>quo</span> <span class='ocrx_word' id='word_1_398' title='bbox 780 2017 828 2048; x_wconf 85' lang='lat' dir='ltr'>die</span> <span class='ocrx_word' id='word_1_399' title='bbox 838 2015 973 2057; x_wconf 78' lang='lat' dir='ltr'>primum</span> <span class='ocrx_word' id='word_1_400' title='bbox 985 2018 1017 2046; x_wconf 89' lang='lat' dir='ltr'>in</span> <span class='ocrx_word' id='word_1_401' title='bbox 1028 2017 1108 2057; x_wconf 89' lang='lat' dir='ltr'>spem</span> <span class='ocrx_word' id='word_1_402' title='bbox 1120 2017 1156 2047; x_wconf 87' lang='lat' dir='ltr'>li-</span> 
     </span>
     <span class='ocr_line' id='line_1_47' title="bbox 201 2057 1155 2099; baseline 0 -11"><span class='ocrx_word' id='word_1_403' title='bbox 201 2059 321 2089; x_wconf 90' lang='lat' dir='ltr'>bertatis</span> <span class='ocrx_word' id='word_1_404' title='bbox 340 2057 486 2099; x_wconf 76' lang='lat' dir='ltr'>ingress&#39;us</span> <span class='ocrx_word' id='word_1_405' title='bbox 505 2059 570 2090; x_wconf 91' lang='lat' dir='ltr'>sum</span> <span class='ocrx_word' id='word_1_406' title='bbox 584 2080 593 2093; x_wconf 91' lang='lat'>,</span> <span class='ocrx_word' id='word_1_407' title='bbox 619 2060 652 2090; x_wconf 73' lang='grc' dir='ltr'>δε</span> <span class='ocrx_word' id='word_1_408' title='bbox 673 2059 882 2091; x_wconf 56' lang='lat' dir='ltr'>musitantibus</span> <span class='ocrx_word' id='word_1_409' title='bbox 901 2061 1006 2090; x_wconf 86' lang='lat' dir='ltr'>ceteris</span> <span class='ocrx_word' id='word_1_410' title='bbox 1025 2059 1060 2089; x_wconf 86' lang='lat' dir='ltr'>ad</span> <span class='ocrx_word' id='word_1_411' title='bbox 1073 2069 1155 2089; x_wconf 80' lang='lat' dir='ltr'>xiix.</span> 
     </span>
     <span class='ocr_line' id='line_1_48' title="bbox 201 2095 1154 2142; baseline 0.001 -12"><span class='ocrx_word' id='word_1_412' title='bbox 201 2101 269 2130; x_wconf 85' lang='lat' dir='ltr'>Kal.</span> <span class='ocrx_word' id='word_1_413' title='bbox 285 2101 351 2141; x_wconf 90' lang='lat' dir='ltr'>Jan.</span> <span class='ocrx_word' id='word_1_414' title='bbox 369 2101 565 2131; x_wconf 62' lang='lat' dir='ltr'>§fundamenta</span> <span class='ocrx_word' id='word_1_415' title='bbox 579 2102 638 2142; x_wconf 83' lang='lat' dir='ltr'>jeci</span> <span class='ocrx_word' id='word_1_416' title='bbox 657 2104 729 2141; x_wconf 87' lang='lat' dir='ltr'>reip.</span> <span class='ocrx_word' id='word_1_417' title='bbox 756 2095 795 2131; x_wconf 63' lang='lat' dir='ltr'>eo*</span> <span class='ocrx_word' id='word_1_418' title='bbox 810 2101 874 2141; x_wconf 90' lang='lat' dir='ltr'>ipso</span> <span class='ocrx_word' id='word_1_419' title='bbox 887 2101 936 2131; x_wconf 88' lang='lat' dir='ltr'>die</span> <span class='ocrx_word' id='word_1_420' title='bbox 945 2102 1065 2141; x_wconf 87' lang='lat' dir='ltr'>providi</span> <span class='ocrx_word' id='word_1_421' title='bbox 1076 2102 1154 2131; x_wconf 91' lang='lat' dir='ltr'>mul-</span> 
     </span>
     <span class='ocr_line' id='line_1_49' title="bbox 201 2141 1154 2185; baseline 0.001 -14"><span class='ocrx_word' id='word_1_422' title='bbox 201 2141 288 2175; x_wconf 80' lang='lat' dir='ltr'>tum,</span> <span class='ocrx_word' id='word_1_423' title='bbox 305 2151 391 2182; x_wconf 88' lang='lat' dir='ltr'>atque</span> <span class='ocrx_word' id='word_1_424' title='bbox 410 2143 501 2172; x_wconf 87' lang='lat' dir='ltr'>habui</span> <span class='ocrx_word' id='word_1_425' title='bbox 513 2145 658 2173; x_wconf 86' lang='lat' dir='ltr'>rationem</span> <span class='ocrx_word' id='word_1_426' title='bbox 671 2144 822 2185; x_wconf 82' lang='lat' dir='ltr'>dignitatis</span> <span class='ocrx_word' id='word_1_427' title='bbox 832 2153 900 2173; x_wconf 80' lang='lat' dir='ltr'>tuae.</span> <span class='ocrx_word' id='word_1_428' title='bbox 924 2145 1005 2172; x_wconf 84' lang='lat' dir='ltr'>Mihi</span> <span class='ocrx_word' id='word_1_429' title='bbox 1015 2145 1099 2172; x_wconf 83' lang='lat' dir='ltr'>enirn</span> <span class='ocrx_word' id='word_1_430' title='bbox 1112 2142 1154 2173; x_wconf 87' lang='lat' dir='ltr'>est</span> 
     </span>
     <span class='ocr_line' id='line_1_50' title="bbox 198 2182 1152 2225; baseline 0.002 -13"><span class='ocrx_word' id='word_1_431' title='bbox 198 2182 328 2213; x_wconf 69' lang='lat' dir='ltr'>affenfiis</span> <span class='ocrx_word' id='word_1_432' title='bbox 338 2185 454 2214; x_wconf 88' lang='lat' dir='ltr'>senatus</span> <span class='ocrx_word' id='word_1_433' title='bbox 463 2184 499 2214; x_wconf 88' lang='lat' dir='ltr'>de</span> <span class='ocrx_word' id='word_1_434' title='bbox 507 2185 682 2215; x_wconf 81' lang='lat' dir='ltr'>obtinendis</span> <span class='ocrx_word' id='word_1_435' title='bbox 694 2186 868 2225; x_wconf 77' lang='lat' dir='ltr'>provinciis.</span> <span class='ocrx_word' id='word_1_436' title='bbox 893 2188 958 2215; x_wconf 92' lang='lat' dir='ltr'>Nec</span> <span class='ocrx_word' id='word_1_437' title='bbox 967 2183 1041 2215; x_wconf 79' lang='lat' dir='ltr'>vero</span> <span class='ocrx_word' id='word_1_438' title='bbox 1052 2184 1152 2224; x_wconf 77' lang='lat' dir='ltr'>postea</span> 
     </span>
     <span class='ocr_line' id='line_1_51' title="bbox 197 2224 1151 2267; baseline 0.002 -13"><span class='ocrx_word' id='word_1_439' title='bbox 197 2224 299 2255; x_wconf 85' lang='lat' dir='ltr'>destiti</span> <span class='ocrx_word' id='word_1_440' title='bbox 309 2224 482 2256; x_wconf 70' lang='lat' dir='ltr'>labefa&amp;are</span> <span class='ocrx_word' id='word_1_441' title='bbox 493 2236 562 2256; x_wconf 86' lang='lat' dir='ltr'>eum</span> <span class='ocrx_word' id='word_1_442' title='bbox 575 2247 583 2260; x_wconf 89' lang='lat'>‚</span> <span class='ocrx_word' id='word_1_443' title='bbox 604 2229 655 2267; x_wconf 90' lang='lat' dir='ltr'>qui</span> <span class='ocrx_word' id='word_1_444' title='bbox 666 2227 783 2257; x_wconf 88' lang='lat' dir='ltr'>summa</span> <span class='ocrx_word' id='word_1_445' title='bbox 791 2236 861 2256; x_wconf 89' lang='lat' dir='ltr'>cum</span> <span class='ocrx_word' id='word_1_446' title='bbox 876 2236 922 2257; x_wconf 82' lang='lat' dir='ltr'>tua</span> <span class='ocrx_word' id='word_1_447' title='bbox 934 2227 1042 2266; x_wconf 88' lang='lat' dir='ltr'>injuria</span> <span class='ocrx_word' id='word_1_448' title='bbox 1053 2247 1061 2261; x_wconf 88' lang='lat'>,</span> <span class='ocrx_word' id='word_1_449' title='bbox 1078 2236 1151 2256; x_wconf 90' lang='lat' dir='ltr'>con-</span> 
     </span>
     <span class='ocr_line' id='line_1_52' title="bbox 197 2267 1153 2309; baseline 0.001 -13"><span class='ocrx_word' id='word_1_450' title='bbox 197 2267 382 2307; x_wconf 87' lang='lat' dir='ltr'>tumeliaque</span> <span class='ocrx_word' id='word_1_451' title='bbox 398 2269 469 2307; x_wconf 87' lang='lat' dir='ltr'>reip.</span> <span class='ocrx_word' id='word_1_452' title='bbox 480 2270 668 2308; x_wconf 89' lang='lat' dir='ltr'>provinciam</span> <span class='ocrx_word' id='word_1_453' title='bbox 679 2269 781 2299; x_wconf 83' lang='lat' dir='ltr'>absens</span> <span class='ocrx_word' id='word_1_454' title='bbox 790 2269 954 2299; x_wconf 80' lang='lat' dir='ltr'>obtinebat.</span> <span class='ocrx_word' id='word_1_455' title='bbox 977 2271 1078 2309; x_wconf 85' lang='lat' dir='ltr'>Itaque</span> <span class='ocrx_word' id='word_1_456' title='bbox 1090 2278 1153 2299; x_wconf 86' lang='lat' dir='ltr'>cre-</span> 
     </span>
     <span class='ocr_line' id='line_1_53' title="bbox 196 2308 1151 2350; baseline 0.002 -12"><span class='ocrx_word' id='word_1_457' title='bbox 196 2308 264 2339; x_wconf 81' lang='lat' dir='ltr'>bras</span> <span class='ocrx_word' id='word_1_458' title='bbox 275 2328 284 2342; x_wconf 92' lang='lat'>,</span> <span class='ocrx_word' id='word_1_459' title='bbox 308 2309 358 2339; x_wconf 90' lang='lat' dir='ltr'>vel</span> <span class='ocrx_word' id='word_1_460' title='bbox 377 2311 478 2348; x_wconf 88' lang='lat' dir='ltr'>potius</span> <span class='ocrx_word' id='word_1_461' title='bbox 497 2310 684 2350; x_wconf 86' lang='lat' dir='ltr'>quotidianas</span> <span class='ocrx_word' id='word_1_462' title='bbox 706 2311 954 2350; x_wconf 75' lang='lat' dir='ltr'>compellationes</span> <span class='ocrx_word' id='word_1_463' title='bbox 981 2320 1062 2340; x_wconf 82' lang='lat' dir='ltr'>meas</span> <span class='ocrx_word' id='word_1_464' title='bbox 1086 2320 1151 2340; x_wconf 90' lang='lat' dir='ltr'>non</span> 
     </span>
     <span class='ocr_line' id='line_1_54' title="bbox 196 2350 1148 2394; baseline 0.002 -14"><span class='ocrx_word' id='word_1_465' title='bbox 196 2350 279 2383; x_wconf 76' lang='lat' dir='ltr'>tulit,</span> <span class='ocrx_word' id='word_1_466' title='bbox 291 2350 378 2391; x_wconf 89' lang='lat' dir='ltr'>seque</span> <span class='ocrx_word' id='word_1_467' title='bbox 387 2353 420 2380; x_wconf 91' lang='lat' dir='ltr'>in</span> <span class='ocrx_word' id='word_1_468' title='bbox 431 2350 537 2381; x_wconf 89' lang='lat' dir='ltr'>urbem</span> <span class='ocrx_word' id='word_1_469' title='bbox 550 2354 661 2392; x_wconf 87' lang='lat' dir='ltr'>recepit</span> <span class='ocrx_word' id='word_1_470' title='bbox 670 2354 786 2382; x_wconf 89' lang='lat' dir='ltr'>invitus</span> <span class='ocrx_word' id='word_1_471' title='bbox 797 2362 802 2381; x_wconf 75' lang='grc' dir='ltr'>ε</span> <span class='ocrx_word' id='word_1_472' title='bbox 813 2362 910 2394; x_wconf 87' lang='lat' dir='ltr'>neque</span> <span class='ocrx_word' id='word_1_473' title='bbox 922 2351 1019 2382; x_wconf 75' lang='lat' dir='ltr'>solum</span> <span class='ocrx_word' id='word_1_474' title='bbox 1030 2353 1088 2392; x_wconf 89' lang='lat' dir='ltr'>spe,</span> <span class='ocrx_word' id='word_1_475' title='bbox 1101 2352 1148 2382; x_wconf 89' lang='lat' dir='ltr'>sed</span> 
     </span>
     <span class='ocr_line' id='line_1_55' title="bbox 196 2392 1150 2433; baseline 0.003 -13"><span class='ocrx_word' id='word_1_476' title='bbox 196 2400 274 2421; x_wconf 87' lang='lat' dir='ltr'>certa</span> <span class='ocrx_word' id='word_1_477' title='bbox 283 2402 314 2422; x_wconf 81' lang='lat' dir='ltr'>re</span> <span class='ocrx_word' id='word_1_478' title='bbox 325 2394 396 2430; x_wconf 81' lang='lat' dir='ltr'>jam,</span> <span class='ocrx_word' id='word_1_479' title='bbox 410 2393 441 2423; x_wconf 73' lang='grc' dir='ltr'>ὃ(</span> <span class='ocrx_word' id='word_1_480' title='bbox 451 2392 627 2433; x_wconf 81' lang='lat' dir='ltr'>poffeffione</span> <span class='ocrx_word' id='word_1_481' title='bbox 638 2394 808 2424; x_wconf 82' lang='lat' dir='ltr'>deturbatus</span> <span class='ocrx_word' id='word_1_482' title='bbox 820 2394 870 2424; x_wconf 90' lang='lat' dir='ltr'>est.</span> <span class='ocrx_word' id='word_1_483' title='bbox 896 2392 1150 2433; x_wconf 81' lang='lat' dir='ltr'>Meojustissimo‚</span> 
     </span>
     <span class='ocr_line' id='line_1_56' title="bbox 195 2433 1151 2476; baseline 0.003 -14"><span class='ocrx_word' id='word_1_484' title='bbox 195 2433 466 2474; x_wconf 79' lang='lat' dir='ltr'>honestissimoque</span> <span class='ocrx_word' id='word_1_485' title='bbox 483 2437 625 2466; x_wconf 88' lang='lat' dir='ltr'>convicio</span> <span class='ocrx_word' id='word_1_486' title='bbox 642 2445 671 2465; x_wconf 90' lang='lat' dir='ltr'>te</span> <span class='ocrx_word' id='word_1_487' title='bbox 692 2437 772 2466; x_wconf 76' lang='lat' dir='ltr'>tuam</span> <span class='ocrx_word' id='word_1_488' title='bbox 785 2435 960 2476; x_wconf 86' lang='lat' dir='ltr'>dignitatem</span> <span class='ocrx_word' id='word_1_489' title='bbox 972 2436 1090 2466; x_wconf 85' lang='lat' dir='ltr'>summa</span> <span class='ocrx_word' id='word_1_490' title='bbox 1101 2444 1151 2465; x_wconf 87' lang='lat' dir='ltr'>tua</span> 
     </span>
     <span class='ocr_line' id='line_1_57' title="bbox 195 2474 1151 2518; baseline 0.001 -13"><span class='ocrx_word' id='word_1_491' title='bbox 195 2477 305 2505; x_wconf 80' lang='lat' dir='ltr'>virtute</span> <span class='ocrx_word' id='word_1_492' title='bbox 324 2474 451 2505; x_wconf 80' lang='lat' dir='ltr'>tenuifl&#39;e</span> <span class='ocrx_word' id='word_1_493' title='bbox 463 2496 472 2509; x_wconf 88' lang='lat'>,</span> <span class='ocrx_word' id='word_1_494' title='bbox 489 2479 712 2518; x_wconf 87' lang='lat' dir='ltr'>provinciaeque</span> <span class='ocrx_word' id='word_1_495' title='bbox 729 2478 898 2509; x_wconf 75' lang='lat' dir='ltr'>honoribus</span> <span class='ocrx_word' id='word_1_496' title='bbox 907 2474 1151 2517; x_wconf 72' lang='lat' dir='ltr'>ampliflimisaf-</span> 
     </span>
     <span class='ocr_line' id='line_1_58' title="bbox 193 2515 1150 2560; baseline 0.003 -14"><span class='ocrx_word' id='word_1_497' title='bbox 193 2515 310 2547; x_wconf 59' lang='lat' dir='ltr'>{eblum</span> <span class='ocrx_word' id='word_1_498' title='bbox 323 2519 536 2551; x_wconf 74' lang='lat' dir='ltr'>3vehementer</span> <span class='ocrx_word' id='word_1_499' title='bbox 543 2519 670 2560; x_wconf 83' lang='lat' dir='ltr'>gaudeo.</span> <span class='ocrx_word' id='word_1_500' title='bbox 694 2518 784 2558; x_wconf 78' lang='lat' dir='ltr'>de</span> <span class='ocrx_word' id='word_1_501' title='bbox 795 2528 822 2549; x_wconf 91' lang='lat' dir='ltr'>te</span> <span class='ocrx_word' id='word_1_502' title='bbox 833 2521 909 2549; x_wconf 89' lang='lat' dir='ltr'>mihi</span> <span class='ocrx_word' id='word_1_503' title='bbox 919 2519 954 2549; x_wconf 89' lang='lat' dir='ltr'>de</span> <span class='ocrx_word' id='word_1_504' title='bbox 966 2521 1150 2558; x_wconf 84' lang='lat' dir='ltr'>Sempronio</span> 
     </span>
     <span class='ocr_line' id='line_1_59' title="bbox 193 2560 1147 2601; baseline 0.003 -14"><span class='ocrx_word' id='word_1_505' title='bbox 193 2567 300 2601; x_wconf 82' lang='lat' dir='ltr'>purgas</span> <span class='ocrx_word' id='word_1_506' title='bbox 310 2578 319 2592; x_wconf 91' lang='lat'>,</span> <span class='ocrx_word' id='word_1_507' title='bbox 339 2560 452 2598; x_wconf 84' lang='lat' dir='ltr'>accipio</span> <span class='ocrx_word' id='word_1_508' title='bbox 461 2561 695 2591; x_wconf 80' lang='lat' dir='ltr'>excusationem.</span> <span class='ocrx_word' id='word_1_509' title='bbox 717 2560 798 2591; x_wconf 86' lang='lat' dir='ltr'>²fuit</span> <span class='ocrx_word' id='word_1_510' title='bbox 808 2562 892 2591; x_wconf 90' lang='lat' dir='ltr'>enirn</span> <span class='ocrx_word' id='word_1_511' title='bbox 908 2560 982 2590; x_wconf 88' lang='lat' dir='ltr'>illud</span> <span class='ocrx_word' id='word_1_512' title='bbox 994 2560 1147 2600; x_wconf 86' lang='lat' dir='ltr'>quoddam</span> 
     </span>
     <span class='ocr_line' id='line_1_60' title="bbox 193 2600 1146 2643; baseline 0.003 -14"><span class='ocrx_word' id='word_1_513' title='bbox 193 2610 306 2630; x_wconf 82' lang='lat' dir='ltr'>caecum</span> <span class='ocrx_word' id='word_1_514' title='bbox 317 2609 434 2640; x_wconf 85' lang='lat' dir='ltr'>tempus</span> <span class='ocrx_word' id='word_1_515' title='bbox 445 2600 604 2631; x_wconf 86' lang='lat' dir='ltr'>servitutis.</span> <span class='ocrx_word' id='word_1_516' title='bbox 623 2605 686 2643; x_wconf 85' lang='lat' dir='ltr'>Ego</span> <span class='ocrx_word' id='word_1_517' title='bbox 695 2611 814 2632; x_wconf 89' lang='lat' dir='ltr'>tuorum</span> <span class='ocrx_word' id='word_1_518' title='bbox 826 2601 1021 2632; x_wconf 84' lang='lat' dir='ltr'>consiliorum</span> <span class='ocrx_word' id='word_1_519' title='bbox 1032 2601 1146 2636; x_wconf 68' lang='grc' dir='ltr'>ευξὶοῐ,</span> 
     </span>
     <span class='ocr_line' id='line_1_61' title="bbox 194 2641 1144 2683; baseline 0.001 -11"><span class='ocrx_word' id='word_1_520' title='bbox 194 2642 404 2683; x_wconf 87' lang='lat' dir='ltr'>dignitatisque</span> <span class='ocrx_word' id='word_1_521' title='bbox 423 2641 520 2672; x_wconf 86' lang='lat' dir='ltr'>fautor</span> <span class='ocrx_word' id='word_1_522' title='bbox 538 2663 546 2676; x_wconf 88' lang='lat'>,</span> <span class='ocrx_word' id='word_1_523' title='bbox 578 2645 668 2674; x_wconf 87' lang='lat' dir='ltr'>iratus</span> <span class='ocrx_word' id='word_1_524' title='bbox 686 2644 874 2682; x_wconf 82' lang='lat' dir='ltr'>temporibus</span> <span class='ocrx_word' id='word_1_525' title='bbox 896 2662 905 2677; x_wconf 92' lang='lat'>‚</span> <span class='ocrx_word' id='word_1_526' title='bbox 935 2646 966 2673; x_wconf 89' lang='lat' dir='ltr'>in</span> <span class='ocrx_word' id='word_1_527' title='bbox 986 2645 1144 2677; x_wconf 85' lang='lat' dir='ltr'>Graeciam,</span> 
     </span>
     <span class='ocr_line' id='line_1_62' title="bbox 191 2683 1148 2726; baseline 0.003 -13"><span class='ocrx_word' id='word_1_528' title='bbox 191 2683 341 2724; x_wconf 84' lang='lat' dir='ltr'>desperata</span> <span class='ocrx_word' id='word_1_529' title='bbox 359 2683 490 2714; x_wconf 82' lang='lat' dir='ltr'>libertate</span> <span class='ocrx_word' id='word_1_530' title='bbox 501 2704 509 2717; x_wconf 91' lang='lat'>,</span> <span class='ocrx_word' id='word_1_531' title='bbox 529 2686 660 2724; x_wconf 88' lang='lat' dir='ltr'>rapiebar</span> <span class='ocrx_word' id='word_1_532' title='bbox 673 2695 678 2713; x_wconf 88' lang='lat'>:</span> <span class='ocrx_word' id='word_1_533' title='bbox 697 2684 769 2714; x_wconf 83' lang='lat' dir='ltr'>cum</span> <span class='ocrx_word' id='word_1_534' title='bbox 781 2695 831 2715; x_wconf 86' lang='lat' dir='ltr'>mc</span> <span class='ocrx_word' id='word_1_535' title='bbox 841 2683 942 2716; x_wconf 85' lang='lat' dir='ltr'>Etefiae</span> <span class='ocrx_word' id='word_1_536' title='bbox 954 2705 962 2718; x_wconf 94' lang='lat'>,</span> <span class='ocrx_word' id='word_1_537' title='bbox 982 2684 1062 2726; x_wconf 82' lang='lat' dir='ltr'>quasi</span> <span class='ocrx_word' id='word_1_538' title='bbox 1073 2685 1148 2716; x_wconf 86' lang='lat' dir='ltr'>boni</span> 
     </span>
    </p>
   </div>
   <div class='ocr_carea' id='block_1_4' title="bbox 192 2790 1147 2895">
    <p class='ocr_par' dir='ltr' id='par_1_7' title="bbox 192 2790 1147 2895">
     <span class='ocr_line' id='line_1_63' title="bbox 234 2790 1146 2825; baseline 0.002 -10"><span class='ocrx_word' id='word_1_539' title='bbox 234 2798 243 2815; x_wconf 85' lang='lat'>1</span> <span class='ocrx_word' id='word_1_540' title='bbox 251 2809 256 2815; x_wconf 93' lang='lat'>.</span> <span class='ocrx_word' id='word_1_541' title='bbox 268 2793 306 2815; x_wconf 82' lang='lat' dir='ltr'>Ea</span> <span class='ocrx_word' id='word_1_542' title='bbox 315 2792 359 2816; x_wconf 76' lang='lat' dir='ltr'>tibi</span> <span class='ocrx_word' id='word_1_543' title='bbox 368 2800 401 2823; x_wconf 71' lang='lat' dir='ltr'>rgo</span> <span class='ocrx_word' id='word_1_544' title='bbox 411 2800 455 2815; x_wconf 77' lang='lat' dir='ltr'>nun</span> <span class='ocrx_word' id='word_1_545' title='bbox 465 2790 527 2814; x_wconf 63' lang='lat' dir='ltr'>debeo</span> <span class='ocrx_word' id='word_1_546' title='bbox 537 2790 691 2815; x_wconf 72' lang='lat' dir='ltr'>commendare</span> <span class='ocrx_word' id='word_1_547' title='bbox 700 2800 706 2813; x_wconf 86' lang='grc'>.’</span> <span class='ocrx_word' id='word_1_548' title='bbox 718 2790 761 2823; x_wconf 75' lang='lat' dir='ltr'>Jed</span> <span class='ocrx_word' id='word_1_549' title='bbox 770 2791 893 2816; x_wconf 73' lang='lat' dir='ltr'>commendo</span> <span class='ocrx_word' id='word_1_550' title='bbox 904 2790 1010 2824; x_wconf 62' lang='lat' dir='ltr'>tamem]</span> <span class='ocrx_word' id='word_1_551' title='bbox 1023 2791 1146 2825; x_wconf 84' lang='lat' dir='ltr'>Hittorp.</span> 
     </span>
     <span class='ocr_line' id='line_1_64' title="bbox 194 2823 1147 2858; baseline 0.003 -9"><span class='ocrx_word' id='word_1_552' title='bbox 194 2823 277 2852; x_wconf 79' lang='lat' dir='ltr'>codex</span> <span class='ocrx_word' id='word_1_553' title='bbox 289 2834 298 2856; x_wconf 77' lang='lat'>¹,</span> <span class='ocrx_word' id='word_1_554' title='bbox 318 2835 345 2852; x_wconf 71' lang='lat' dir='ltr'>ta</span> <span class='ocrx_word' id='word_1_555' title='bbox 354 2828 396 2851; x_wconf 70' lang='lat' dir='ltr'>:ihi</span> <span class='ocrx_word' id='word_1_556' title='bbox 406 2826 530 2850; x_wconf 75' lang='lat' dir='ltr'>commendo</span> <span class='ocrx_word' id='word_1_557' title='bbox 543 2845 549 2856; x_wconf 83' lang='lat'>,</span> <span class='ocrx_word' id='word_1_558' title='bbox 560 2833 638 2850; x_wconf 74' lang='lat' dir='ltr'>tamen</span> <span class='ocrx_word' id='word_1_559' title='bbox 648 2826 686 2858; x_wconf 80' lang='lat' dir='ltr'>etfi</span> <span class='ocrx_word' id='word_1_560' title='bbox 694 2835 738 2850; x_wconf 84' lang='lat' dir='ltr'>non</span> <span class='ocrx_word' id='word_1_561' title='bbox 749 2826 812 2850; x_wconf 68' lang='lat' dir='ltr'>debeo</span> <span class='ocrx_word' id='word_1_562' title='bbox 823 2826 978 2851; x_wconf 70' lang='lat' dir='ltr'>commendare</span> <span class='ocrx_word' id='word_1_563' title='bbox 988 2836 992 2850; x_wconf 83' lang='grc'>.’</span> <span class='ocrx_word' id='word_1_564' title='bbox 1006 2825 1073 2852; x_wconf 83' lang='lat' dir='ltr'>uude</span> <span class='ocrx_word' id='word_1_565' title='bbox 1089 2828 1147 2852; x_wconf 82' lang='lat' dir='ltr'>Gu-</span> 
     </span>
     <span class='ocr_line' id='line_1_65' title="bbox 192 2857 1108 2895; baseline 0.001 -10"><span class='ocrx_word' id='word_1_566' title='bbox 192 2857 309 2886; x_wconf 74' lang='lat' dir='ltr'>lielmius</span> <span class='ocrx_word' id='word_1_567' title='bbox 321 2861 485 2895; x_wconf 58' lang='lat' dir='ltr'>conju-&amp;abar</span> <span class='ocrx_word' id='word_1_568' title='bbox 496 2871 502 2887; x_wconf 86' lang='grc'>;</span> <span class='ocrx_word' id='word_1_569' title='bbox 525 2862 648 2886; x_wconf 65' lang='lat' dir='ltr'>commendo</span> <span class='ocrx_word' id='word_1_570' title='bbox 660 2880 667 2892; x_wconf 83' lang='lat'>‚</span> <span class='ocrx_word' id='word_1_571' title='bbox 682 2868 760 2886; x_wconf 79' lang='lat' dir='ltr'>tamen</span> <span class='ocrx_word' id='word_1_572' title='bbox 771 2863 809 2895; x_wconf 67' lang='lat' dir='ltr'>cist</span> <span class='ocrx_word' id='word_1_573' title='bbox 817 2872 860 2886; x_wconf 79' lang='lat' dir='ltr'>non</span> <span class='ocrx_word' id='word_1_574' title='bbox 871 2863 934 2886; x_wconf 64' lang='lat' dir='ltr'>dibeo</span> <span class='ocrx_word' id='word_1_575' title='bbox 944 2862 1108 2886; x_wconf 70' lang='lat' dir='ltr'>commendare.</span> 
     </span>
    </p>
   </div>
   <div class='ocr_carea' id='block_1_5' title="bbox 1174 1216 1187 2205">
    <p class='ocr_par' dir='ltr' id='par_1_8' title="bbox 1174 1216 1187 2205">
     <span class='ocr_line' id='line_1_66' title="bbox 1174 1216 1187 2205; baseline 0 0"><span class='ocrx_word' id='word_1_576' title='bbox 1174 1216 1187 2205; x_wconf 95' lang='lat' dir='ltr'> </span> 
     </span>
    </p>
   </div>
   <div class='ocr_carea' id='block_1_6' title="bbox 1168 1216 1188 2700">
    <p class='ocr_par' dir='ltr' id='par_1_9' title="bbox 1168 1216 1188 2700">
     <span class='ocr_line' id='line_1_67' title="bbox 1168 1216 1188 2700; baseline 0 0"><span class='ocrx_word' id='word_1_577' title='bbox 1168 1216 1188 2700; x_wconf 95' lang='lat' dir='ltr'> </span> 
     </span>
    </p>
   </div>
   <div class='ocr_carea' id='block_1_7' title="bbox 2085 164 2179 212">
    <p class='ocr_par' dir='ltr' id='par_1_10' title="bbox 2085 164 2179 212">
     <span class='ocr_line' id='line_1_68' title="bbox 2085 164 2179 212; baseline 0.021 -2"><span class='ocrx_word' id='word_1_578' title='bbox 2085 164 2179 212; x_wconf 85' lang='lat'>741</span> 
     </span>
    </p>
   </div>
   <div class='ocr_carea' id='block_1_8' title="bbox 1184 227 2180 2688">
    <p class='ocr_par' dir='ltr' id='par_1_11' title="bbox 1184 227 2180 2688">
     <span class='ocr_line' id='line_1_69' title="bbox 1214 227 2180 275; baseline 0.008 -20"><span class='ocrx_word' id='word_1_579' title='bbox 1214 227 1305 260; x_wconf 82' lang='lat' dir='ltr'>cives,</span> <span class='ocrx_word' id='word_1_580' title='bbox 1320 227 1542 268; x_wconf 75' lang='lat' dir='ltr'>relinquentem</span> <span class='ocrx_word' id='word_1_581' title='bbox 1553 239 1647 270; x_wconf 87' lang='lat' dir='ltr'>remp.</span> <span class='ocrx_word' id='word_1_582' title='bbox 1659 230 1796 271; x_wconf 78' lang='lat' dir='ltr'>prosequi</span> <span class='ocrx_word' id='word_1_583' title='bbox 1809 231 1989 262; x_wconf 90' lang='lat' dir='ltr'>noluerunt:</span> <span class='ocrx_word' id='word_1_584' title='bbox 2009 230 2180 275; x_wconf 81' lang='lat' dir='ltr'>Austerque</span> 
     </span>
     <span class='ocr_line' id='line_1_70' title="bbox 1213 268 2180 315; baseline 0.008 -18"><span class='ocrx_word' id='word_1_585' title='bbox 1213 268 1350 298; x_wconf 86' lang='lat' dir='ltr'>adversus</span> <span class='ocrx_word' id='word_1_586' title='bbox 1371 271 1508 299; x_wconf 75' lang='lat' dir='ltr'>maximo</span> <span class='ocrx_word' id='word_1_587' title='bbox 1529 269 1599 301; x_wconf 86' lang='lat' dir='ltr'>flatu</span> <span class='ocrx_word' id='word_1_588' title='bbox 1617 282 1666 301; x_wconf 87' lang='lat' dir='ltr'>me</span> <span class='ocrx_word' id='word_1_589' title='bbox 1690 275 1701 300; x_wconf 87' lang='lat'>3</span> <span class='ocrx_word' id='word_1_590' title='bbox 1722 274 1756 302; x_wconf 86' lang='lat' dir='ltr'>ad</span> <span class='ocrx_word' id='word_1_591' title='bbox 1766 272 1902 303; x_wconf 87' lang='lat' dir='ltr'>tribuleis</span> <span class='ocrx_word' id='word_1_592' title='bbox 1914 284 1980 304; x_wconf 84' lang='lat' dir='ltr'>tuos</span> <span class='ocrx_word' id='word_1_593' title='bbox 1990 276 2120 315; x_wconf 82' lang='lat' dir='ltr'>Regium</span> <span class='ocrx_word' id='word_1_594' title='bbox 2131 285 2180 305; x_wconf 89' lang='lat' dir='ltr'>re·</span> 
     </span>
     <span class='ocr_line' id='line_1_71' title="bbox 1214 310 2178 354; baseline 0.008 -16"><span class='ocrx_word' id='word_1_595' title='bbox 1214 310 1298 340; x_wconf 83' lang='lat' dir='ltr'>tulit:</span> <span class='ocrx_word' id='word_1_596' title='bbox 1313 320 1399 351; x_wconf 86' lang='lat' dir='ltr'>atque</span> <span class='ocrx_word' id='word_1_597' title='bbox 1409 311 1480 340; x_wconf 86' lang='lat' dir='ltr'>inde</span> <span class='ocrx_word' id='word_1_598' title='bbox 1490 315 1696 346; x_wconf 84' lang='lat' dir='ltr'>ventis‚remis</span> <span class='ocrx_word' id='word_1_599' title='bbox 1706 315 1738 343; x_wconf 84' lang='lat' dir='ltr'>in</span> <span class='ocrx_word' id='word_1_600' title='bbox 1749 317 1872 354; x_wconf 87' lang='lat' dir='ltr'>patriam</span> <span class='ocrx_word' id='word_1_601' title='bbox 1884 318 1971 345; x_wconf 87' lang='lat' dir='ltr'>omni</span> <span class='ocrx_word' id='word_1_602' title='bbox 1981 315 2178 346; x_wconf 82' lang='lat' dir='ltr'>festinatione</span> 
     </span>
     <span class='ocr_line' id='line_1_72' title="bbox 1214 352 2175 398; baseline 0.01 -19"><span class='ocrx_word' id='word_1_603' title='bbox 1214 360 1364 390; x_wconf 80' lang='lat' dir='ltr'>properavi</span> <span class='ocrx_word' id='word_1_604' title='bbox 1378 372 1385 384; x_wconf 88' lang='lat'>‚</span> <span class='ocrx_word' id='word_1_605' title='bbox 1399 352 1613 395; x_wconf 32' lang='lat' dir='ltr'>*postridieque</span> <span class='ocrx_word' id='word_1_606' title='bbox 1634 357 1667 385; x_wconf 87' lang='lat' dir='ltr'>in</span> <span class='ocrx_word' id='word_1_607' title='bbox 1687 355 1803 386; x_wconf 77' lang='lat' dir='ltr'>summa</span> <span class='ocrx_word' id='word_1_608' title='bbox 1824 357 2010 398; x_wconf 81' lang='lat' dir='ltr'>reliquorum</span> <span class='ocrx_word' id='word_1_609' title='bbox 2036 358 2175 389; x_wconf 82' lang='lat' dir='ltr'>servitute</span> 
     </span>
     <span class='ocr_line' id='line_1_73' title="bbox 1215 392 2174 433; baseline 0.01 -13"><span class='ocrx_word' id='word_1_610' title='bbox 1215 392 1289 421; x_wconf 85' lang='lat' dir='ltr'>liber</span> <span class='ocrx_word' id='word_1_611' title='bbox 1304 403 1380 422; x_wconf 86' lang='lat' dir='ltr'>unus</span> <span class='ocrx_word' id='word_1_612' title='bbox 1392 396 1446 423; x_wconf 74' lang='lat' dir='ltr'>rui.</span> <span class='ocrx_word' id='word_1_613' title='bbox 1470 397 1517 424; x_wconf 86' lang='lat' dir='ltr'>Sic</span> <span class='ocrx_word' id='word_1_614' title='bbox 1528 395 1592 425; x_wconf 85' lang='lat' dir='ltr'>sum</span> <span class='ocrx_word' id='word_1_615' title='bbox 1606 400 1637 426; x_wconf 93' lang='lat' dir='ltr'>in</span> <span class='ocrx_word' id='word_1_616' title='bbox 1649 399 1819 427; x_wconf 83' lang='lat' dir='ltr'>Antonium</span> <span class='ocrx_word' id='word_1_617' title='bbox 1835 398 1984 433; x_wconf 55' lang='lat' dir='ltr'>invenitus,</span> <span class='ocrx_word' id='word_1_618' title='bbox 2001 408 2031 429; x_wconf 84' lang='lat' dir='ltr'>ut</span> <span class='ocrx_word' id='word_1_619' title='bbox 2045 400 2097 429; x_wconf 81' lang='lat' dir='ltr'>ilie</span> <span class='ocrx_word' id='word_1_620' title='bbox 2108 409 2174 431; x_wconf 83' lang='lat' dir='ltr'>non</span> 
     </span>
     <span class='ocr_line' id='line_1_74' title="bbox 1214 432 2172 475; baseline 0.011 -14"><span class='ocrx_word' id='word_1_621' title='bbox 1214 432 1311 466; x_wconf 89' lang='lat' dir='ltr'>ferret,</span> <span class='ocrx_word' id='word_1_622' title='bbox 1325 444 1511 475; x_wconf 84' lang='lat' dir='ltr'>omnemque</span> <span class='ocrx_word' id='word_1_623' title='bbox 1522 437 1608 466; x_wconf 86' lang='lat' dir='ltr'>suurn</span> <span class='ocrx_word' id='word_1_624' title='bbox 1620 439 1815 469; x_wconf 87' lang='lat' dir='ltr'>vinolentum</span> <span class='ocrx_word' id='word_1_625' title='bbox 1825 439 1958 470; x_wconf 82' lang='lat' dir='ltr'>furorem</span> <span class='ocrx_word' id='word_1_626' title='bbox 1972 443 2001 470; x_wconf 88' lang='lat' dir='ltr'>in</span> <span class='ocrx_word' id='word_1_627' title='bbox 2014 451 2062 471; x_wconf 81' lang='lat' dir='ltr'>me</span> <span class='ocrx_word' id='word_1_628' title='bbox 2074 451 2172 472; x_wconf 86' lang='lat' dir='ltr'>unum</span> 
     </span>
     <span class='ocr_line' id='line_1_75' title="bbox 1214 472 2171 517; baseline 0.011 -15"><span class='ocrx_word' id='word_1_629' title='bbox 1214 472 1379 504; x_wconf 86' lang='lat' dir='ltr'>effunderet</span> <span class='ocrx_word' id='word_1_630' title='bbox 1400 486 1536 516; x_wconf 44' lang='lat' dir='ltr'>qmeque</span> <span class='ocrx_word' id='word_1_631' title='bbox 1558 478 1629 509; x_wconf 83' lang='lat' dir='ltr'>cum</span> <span class='ocrx_word' id='word_1_632' title='bbox 1650 481 1755 510; x_wconf 85' lang='lat' dir='ltr'>elicere</span> <span class='ocrx_word' id='word_1_633' title='bbox 1773 481 1866 511; x_wconf 90' lang='lat' dir='ltr'>vellet</span> <span class='ocrx_word' id='word_1_634' title='bbox 1886 482 1921 512; x_wconf 87' lang='lat' dir='ltr'>ad</span> <span class='ocrx_word' id='word_1_635' title='bbox 1938 483 2025 512; x_wconf 69' lang='lat' dir='ltr'>caedis</span> <span class='ocrx_word' id='word_1_636' title='bbox 2041 483 2171 517; x_wconf 74' lang='lat' dir='ltr'>causam,</span> 
     </span>
     <span class='ocr_line' id='line_1_76' title="bbox 1214 517 2169 562; baseline 0.013 -19"><span class='ocrx_word' id='word_1_637' title='bbox 1214 524 1278 544; x_wconf 86' lang='lat' dir='ltr'>tum</span> <span class='ocrx_word' id='word_1_638' title='bbox 1290 524 1414 546; x_wconf 80' lang='lat' dir='ltr'>tentaret</span> <span class='ocrx_word' id='word_1_639' title='bbox 1424 517 1550 547; x_wconf 61' lang='lat' dir='ltr'>insidiis:</span> <span class='ocrx_word' id='word_1_640' title='bbox 1565 530 1654 559; x_wconf 87' lang='lat' dir='ltr'>quem</span> <span class='ocrx_word' id='word_1_641' title='bbox 1667 532 1721 562; x_wconf 86' lang='lat' dir='ltr'>ego</span> <span class='ocrx_word' id='word_1_642' title='bbox 1732 521 1898 553; x_wconf 60' lang='lat' dir='ltr'>rusiantem</span> <span class='ocrx_word' id='word_1_643' title='bbox 1912 544 1920 557; x_wconf 91' lang='lat'>,</span> <span class='ocrx_word' id='word_1_644' title='bbox 1933 524 1965 554; x_wconf 87' lang='lat'>&amp;</span> <span class='ocrx_word' id='word_1_645' title='bbox 1977 525 2169 555; x_wconf 76' lang='lat' dir='ltr'>nauseantem</span> 
     </span>
     <span class='ocr_line' id='line_1_77' title="bbox 1213 558 2171 608; baseline 0.011 -23"><span class='ocrx_word' id='word_1_646' title='bbox 1213 558 1330 595; x_wconf 77' lang='lat' dir='ltr'>conjeci</span> <span class='ocrx_word' id='word_1_647' title='bbox 1350 559 1382 586; x_wconf 87' lang='lat' dir='ltr'>in</span> <span class='ocrx_word' id='word_1_648' title='bbox 1402 559 1520 588; x_wconf 58' lang='lat' dir='ltr'>Caesaris</span> <span class='ocrx_word' id='word_1_649' title='bbox 1544 561 1698 592; x_wconf 66' lang='lat' dir='ltr'>oehviani</span> <span class='ocrx_word' id='word_1_650' title='bbox 1716 565 1821 604; x_wconf 81' lang='lat' dir='ltr'>plagas.</span> <span class='ocrx_word' id='word_1_651' title='bbox 1849 568 1923 595; x_wconf 88' lang='lat' dir='ltr'>Puer</span> <span class='ocrx_word' id='word_1_652' title='bbox 1940 576 2024 596; x_wconf 81' lang='lat' dir='ltr'>enim</span> <span class='ocrx_word' id='word_1_653' title='bbox 2037 568 2171 608; x_wconf 76' lang='lat' dir='ltr'>egregius</span> 
     </span>
     <span class='ocr_line' id='line_1_78' title="bbox 1212 597 2169 648; baseline 0.006 -18"><span class='ocrx_word' id='word_1_654' title='bbox 1212 597 1380 637; x_wconf 76' lang='lat' dir='ltr'>praesldium</span> <span class='ocrx_word' id='word_1_655' title='bbox 1401 598 1453 628; x_wconf 75' lang='lat' dir='ltr'>slbi</span> <span class='ocrx_word' id='word_1_656' title='bbox 1471 601 1604 639; x_wconf 66' lang='lat' dir='ltr'>primCJm</span> <span class='ocrx_word' id='word_1_657' title='bbox 1618 622 1625 635; x_wconf 83' lang='lat'>‚</span> <span class='ocrx_word' id='word_1_658' title='bbox 1650 604 1682 633; x_wconf 85' lang='lat'>&amp;</span> <span class='ocrx_word' id='word_1_659' title='bbox 1704 607 1810 636; x_wconf 82' lang='lat' dir='ltr'>nobis:</span> <span class='ocrx_word' id='word_1_660' title='bbox 1830 606 1939 637; x_wconf 88' lang='lat' dir='ltr'>deinde</span> <span class='ocrx_word' id='word_1_661' title='bbox 1959 608 2169 648; x_wconf 68' lang='lat' dir='ltr'>summaereip.</span> 
     </span>
     <span class='ocr_line' id='line_1_79' title="bbox 1212 641 2170 686; baseline 0.011 -17"><span class='ocrx_word' id='word_1_662' title='bbox 1212 642 1407 678; x_wconf 83' lang='lat' dir='ltr'>comparavit:</span> <span class='ocrx_word' id='word_1_663' title='bbox 1436 644 1487 684; x_wconf 90' lang='lat' dir='ltr'>qui</span> <span class='ocrx_word' id='word_1_664' title='bbox 1507 641 1560 686; x_wconf 76' lang='lat' dir='ltr'>nisi</span> <span class='ocrx_word' id='word_1_665' title='bbox 1572 642 1671 673; x_wconf 65' lang='lat' dir='ltr'>fuisset</span> <span class='ocrx_word' id='word_1_666' title='bbox 1682 665 1690 677; x_wconf 91' lang='lat'>,</span> <span class='ocrx_word' id='word_1_667' title='bbox 1712 649 1838 677; x_wconf 80' lang='lat' dir='ltr'>Antonii</span> <span class='ocrx_word' id='word_1_668' title='bbox 1850 649 2170 684; x_wconf 66' lang='lat' dir='ltr'>reditus‘assrundifio,</span> 
     </span>
     <span class='ocr_line' id='line_1_80' title="bbox 1213 680 2172 727; baseline 0.011 -17"><span class='ocrx_word' id='word_1_669' title='bbox 1213 680 1302 720; x_wconf 88' lang='lat' dir='ltr'>pestis</span> <span class='ocrx_word' id='word_1_670' title='bbox 1320 684 1420 720; x_wconf 80' lang='lat' dir='ltr'>patiiae</span> <span class='ocrx_word' id='word_1_671' title='bbox 1438 681 1546 712; x_wconf 75' lang='lat' dir='ltr'>rmssct.</span> <span class='ocrx_word' id='word_1_672' title='bbox 1570 687 1643 724; x_wconf 74' lang='lat' dir='ltr'>Qiae</span> <span class='ocrx_word' id='word_1_673' title='bbox 1651 685 1791 727; x_wconf 85' lang='lat' dir='ltr'>deinceps</span> <span class='ocrx_word' id='word_1_674' title='bbox 1802 688 1863 719; x_wconf 60' lang='grc' dir='ltr'>εδει]</span> <span class='ocrx_word' id='word_1_675' title='bbox 1874 689 1928 719; x_wconf 83' lang='lat' dir='ltr'>sint</span> <span class='ocrx_word' id='word_1_676' title='bbox 1939 711 1948 724; x_wconf 90' lang='lat'>,</span> <span class='ocrx_word' id='word_1_677' title='bbox 1968 691 2040 721; x_wconf 90' lang='lat' dir='ltr'>scire</span> <span class='ocrx_word' id='word_1_678' title='bbox 2050 700 2077 721; x_wconf 90' lang='lat' dir='ltr'>te</span> <span class='ocrx_word' id='word_1_679' title='bbox 2089 691 2172 721; x_wconf 85' lang='lat' dir='ltr'>arbi-</span> 
     </span>
     <span class='ocr_line' id='line_1_81' title="bbox 1213 723 2168 773; baseline 0.012 -21"><span class='ocrx_word' id='word_1_680' title='bbox 1213 731 1284 752; x_wconf 89' lang='lat' dir='ltr'>tror.</span> <span class='ocrx_word' id='word_1_681' title='bbox 1308 723 1364 752; x_wconf 90' lang='lat' dir='ltr'>Sed</span> <span class='ocrx_word' id='word_1_682' title='bbox 1384 723 1541 753; x_wconf 85' lang='lat' dir='ltr'>redeamus</span> <span class='ocrx_word' id='word_1_683' title='bbox 1561 727 1595 755; x_wconf 82' lang='lat' dir='ltr'>ad</span> <span class='ocrx_word' id='word_1_684' title='bbox 1619 726 1711 760; x_wconf 86' lang='lat' dir='ltr'>illud,</span> <span class='ocrx_word' id='word_1_685' title='bbox 1736 730 1814 759; x_wconf 91' lang='lat' dir='ltr'>unde</span> <span class='ocrx_word' id='word_1_686' title='bbox 1827 731 2016 762; x_wconf 85' lang='lat' dir='ltr'>divertimus.</span> <span class='ocrx_word' id='word_1_687' title='bbox 2039 734 2168 773; x_wconf 87' lang='lat' dir='ltr'>Accipio</span> 
     </span>
     <span class='ocr_line' id='line_1_82' title="bbox 1214 764 2170 815; baseline 0.013 -22"><span class='ocrx_word' id='word_1_688' title='bbox 1214 764 1439 794; x_wconf 80' lang='lat' dir='ltr'>excusationem</span> <span class='ocrx_word' id='word_1_689' title='bbox 1454 774 1534 795; x_wconf 89' lang='lat' dir='ltr'>tuam</span> <span class='ocrx_word' id='word_1_690' title='bbox 1545 766 1582 796; x_wconf 91' lang='lat' dir='ltr'>de</span> <span class='ocrx_word' id='word_1_691' title='bbox 1591 769 1883 811; x_wconf 82' lang='lat' dir='ltr'>Sempronio.neque</span> <span class='ocrx_word' id='word_1_692' title='bbox 1893 776 1976 803; x_wconf 89' lang='lat' dir='ltr'>enim</span> <span class='ocrx_word' id='word_1_693' title='bbox 1988 773 2084 804; x_wconf 88' lang='lat' dir='ltr'>statuti</span> <span class='ocrx_word' id='word_1_694' title='bbox 2096 774 2170 815; x_wconf 82' lang='lat' dir='ltr'>quid</span> 
     </span>
     <span class='ocr_line' id='line_1_83' title="bbox 1213 807 2170 850; baseline 0.008 -16"><span class='ocrx_word' id='word_1_695' title='bbox 1213 807 1246 835; x_wconf 86' lang='lat' dir='ltr'>in</span> <span class='ocrx_word' id='word_1_696' title='bbox 1265 815 1344 835; x_wconf 86' lang='lat' dir='ltr'>tanta</span> <span class='ocrx_word' id='word_1_697' title='bbox 1361 807 1584 846; x_wconf 82' lang='lat' dir='ltr'>perturbatione</span> <span class='ocrx_word' id='word_1_698' title='bbox 1607 809 1714 839; x_wconf 84' lang='lat' dir='ltr'>habere</span> <span class='ocrx_word' id='word_1_699' title='bbox 1733 812 1864 850; x_wconf 84' lang='lat' dir='ltr'>potuisti.</span> <span class='ocrx_word' id='word_1_700' title='bbox 1895 818 1913 840; x_wconf 84' lang='lat'>4</span> <span class='ocrx_word' id='word_1_701' title='bbox 1925 817 2015 845; x_wconf 77' lang='lat' dir='ltr'>Nunc</span> <span class='ocrx_word' id='word_1_702' title='bbox 2035 817 2082 847; x_wconf 65' lang='lat' dir='ltr'>hle</span> <span class='ocrx_word' id='word_1_703' title='bbox 2101 816 2170 846; x_wconf 69' lang='lat' dir='ltr'>dies</span> 
     </span>
     <span class='ocr_line' id='line_1_84' title="bbox 1213 846 2167 892; baseline 0.01 -16"><span class='ocrx_word' id='word_1_704' title='bbox 1213 848 1301 877; x_wconf 85' lang='lat' dir='ltr'>aliam</span> <span class='ocrx_word' id='word_1_705' title='bbox 1325 849 1416 878; x_wconf 88' lang='lat' dir='ltr'>vitam</span> <span class='ocrx_word' id='word_1_706' title='bbox 1429 846 1511 878; x_wconf 84' lang='lat' dir='ltr'>affert</span> <span class='ocrx_word' id='word_1_707' title='bbox 1522 870 1531 882; x_wconf 91' lang='lat'>‚</span> <span class='ocrx_word' id='word_1_708' title='bbox 1551 850 1626 880; x_wconf 89' lang='lat' dir='ltr'>alios</span> <span class='ocrx_word' id='word_1_709' title='bbox 1640 861 1738 881; x_wconf 88' lang='lat' dir='ltr'>mores</span> <span class='ocrx_word' id='word_1_710' title='bbox 1749 852 1892 892; x_wconf 86' lang='lat' dir='ltr'>postulat,</span> <span class='ocrx_word' id='word_1_711' title='bbox 1904 865 1935 885; x_wconf 94' lang='lat' dir='ltr'>ut</span> <span class='ocrx_word' id='word_1_712' title='bbox 1945 859 1983 886; x_wconf 88' lang='lat' dir='ltr'>ait</span> <span class='ocrx_word' id='word_1_713' title='bbox 1993 859 2167 888; x_wconf 87' lang='lat' dir='ltr'>Terentius.</span> 
     </span>
     <span class='ocr_line' id='line_1_85' title="bbox 1213 889 2167 939; baseline 0.014 -22"><span class='ocrx_word' id='word_1_714' title='bbox 1213 889 1433 934; x_wconf 78' lang='lat' dir='ltr'>Qamobrem,</span> <span class='ocrx_word' id='word_1_715' title='bbox 1446 891 1488 920; x_wconf 88' lang='lat' dir='ltr'>mi</span> <span class='ocrx_word' id='word_1_716' title='bbox 1500 894 1624 930; x_wconf 85' lang='lat' dir='ltr'>Qinte,</span> <span class='ocrx_word' id='word_1_717' title='bbox 1635 893 1802 924; x_wconf 88' lang='lat' dir='ltr'>conscende</span> <span class='ocrx_word' id='word_1_718' title='bbox 1812 896 1980 930; x_wconf 87' lang='lat' dir='ltr'>nobiscum,</span> <span class='ocrx_word' id='word_1_719' title='bbox 1995 899 2026 928; x_wconf 63' lang='grc' dir='ltr'>δε</span> <span class='ocrx_word' id='word_1_720' title='bbox 2039 899 2167 939; x_wconf 84' lang='lat' dir='ltr'>quidem</span> 
     </span>
     <span class='ocr_line' id='line_1_86' title="bbox 1212 932 2167 981; baseline 0.013 -22"><span class='ocrx_word' id='word_1_721' title='bbox 1212 932 1247 960; x_wconf 85' lang='lat' dir='ltr'>ad</span> <span class='ocrx_word' id='word_1_722' title='bbox 1264 934 1399 971; x_wconf 84' lang='lat' dir='ltr'>puppim.</span> <span class='ocrx_word' id='word_1_723' title='bbox 1424 935 1492 962; x_wconf 89' lang='lat' dir='ltr'>Una</span> <span class='ocrx_word' id='word_1_724' title='bbox 1509 936 1593 963; x_wconf 72' lang='lat' dir='ltr'>navis</span> <span class='ocrx_word' id='word_1_725' title='bbox 1604 935 1646 964; x_wconf 87' lang='lat' dir='ltr'>est</span> <span class='ocrx_word' id='word_1_726' title='bbox 1656 935 1717 973; x_wconf 84' lang='lat' dir='ltr'>jam</span> <span class='ocrx_word' id='word_1_727' title='bbox 1733 937 1886 967; x_wconf 90' lang='lat' dir='ltr'>bonorum</span> <span class='ocrx_word' id='word_1_728' title='bbox 1898 941 2057 969; x_wconf 90' lang='lat' dir='ltr'>omnium:</span> <span class='ocrx_word' id='word_1_729' title='bbox 2074 951 2167 981; x_wconf 87' lang='lat' dir='ltr'>quam</span> 
     </span>
     <span class='ocr_line' id='line_1_87' title="bbox 1211 972 2167 1015; baseline 0.012 -14"><span class='ocrx_word' id='word_1_730' title='bbox 1211 972 1334 1012; x_wconf 88' lang='lat' dir='ltr'>quidem</span> <span class='ocrx_word' id='word_1_731' title='bbox 1347 983 1403 1002; x_wconf 91' lang='lat' dir='ltr'>nos</span> <span class='ocrx_word' id='word_1_732' title='bbox 1412 973 1516 1003; x_wconf 85' lang='lat' dir='ltr'>damus</span> <span class='ocrx_word' id='word_1_733' title='bbox 1528 985 1648 1015; x_wconf 86' lang='lat' dir='ltr'>operam</span> <span class='ocrx_word' id='word_1_734' title='bbox 1661 997 1669 1010; x_wconf 93' lang='lat'>‚</span> <span class='ocrx_word' id='word_1_735' title='bbox 1691 986 1721 1007; x_wconf 84' lang='lat' dir='ltr'>ut</span> <span class='ocrx_word' id='word_1_736' title='bbox 1731 978 1792 1008; x_wconf 69' lang='lat' dir='ltr'>rest</span> <span class='ocrx_word' id='word_1_737' title='bbox 1800 989 1846 1009; x_wconf 87' lang='lat' dir='ltr'>am</span> <span class='ocrx_word' id='word_1_738' title='bbox 1863 988 2027 1010; x_wconf 85' lang='lat' dir='ltr'>teneamus.</span> <span class='ocrx_word' id='word_1_739' title='bbox 2051 986 2167 1013; x_wconf 87' lang='lat' dir='ltr'>utinam</span> 
     </span>
     <span class='ocr_line' id='line_1_88' title="bbox 1211 1015 2167 1060; baseline 0.012 -17"><span class='ocrx_word' id='word_1_740' title='bbox 1211 1015 1349 1054; x_wconf 87' lang='lat' dir='ltr'>prospero</span> <span class='ocrx_word' id='word_1_741' title='bbox 1368 1016 1465 1045; x_wconf 90' lang='lat' dir='ltr'>cursu.</span> <span class='ocrx_word' id='word_1_742' title='bbox 1508 1017 1563 1047; x_wconf 89' lang='lat' dir='ltr'>Sed</span> <span class='ocrx_word' id='word_1_743' title='bbox 1581 1019 1764 1060; x_wconf 87' lang='lat' dir='ltr'>quicumque</span> <span class='ocrx_word' id='word_1_744' title='bbox 1781 1023 1866 1051; x_wconf 88' lang='lat' dir='ltr'>venti</span> <span class='ocrx_word' id='word_1_745' title='bbox 1883 1031 1986 1055; x_wconf 82' lang='lat' dir='ltr'>erunt,</span> <span class='ocrx_word' id='word_1_746' title='bbox 2006 1032 2051 1052; x_wconf 90' lang='lat' dir='ltr'>ars</span> <span class='ocrx_word' id='word_1_747' title='bbox 2067 1023 2167 1054; x_wconf 84' lang='lat' dir='ltr'>nostra.</span> 
     </span>
     <span class='ocr_line' id='line_1_89' title="bbox 1210 1057 2167 1104; baseline 0.008 -19"><span class='ocrx_word' id='word_1_748' title='bbox 1210 1058 1287 1086; x_wconf 71' lang='lat' dir='ltr'>certe</span> <span class='ocrx_word' id='word_1_749' title='bbox 1309 1066 1372 1086; x_wconf 91' lang='lat' dir='ltr'>non</span> <span class='ocrx_word' id='word_1_750' title='bbox 1391 1057 1494 1087; x_wconf 85' lang='lat' dir='ltr'>aberit.</span> <span class='ocrx_word' id='word_1_751' title='bbox 1519 1061 1599 1099; x_wconf 86' lang='lat' dir='ltr'>Qid</span> <span class='ocrx_word' id='word_1_752' title='bbox 1618 1063 1701 1090; x_wconf 87' lang='lat' dir='ltr'>enim</span> <span class='ocrx_word' id='word_1_753' title='bbox 1721 1061 1853 1101; x_wconf 84' lang='lat' dir='ltr'>praestare</span> <span class='ocrx_word' id='word_1_754' title='bbox 1865 1063 1945 1093; x_wconf 86' lang='lat' dir='ltr'>aliud</span> <span class='ocrx_word' id='word_1_755' title='bbox 1955 1066 2049 1094; x_wconf 81' lang='lat' dir='ltr'>virtus</span> <span class='ocrx_word' id='word_1_756' title='bbox 2058 1065 2167 1104; x_wconf 84' lang='lat' dir='ltr'>potest?</span> 
     </span>
     <span class='ocr_line' id='line_1_90' title="bbox 1210 1097 2166 1146; baseline 0.009 -19"><span class='ocrx_word' id='word_1_757' title='bbox 1210 1100 1260 1127; x_wconf 89' lang='lat' dir='ltr'>Tu</span> <span class='ocrx_word' id='word_1_758' title='bbox 1278 1097 1323 1128; x_wconf 86' lang='lat' dir='ltr'>fac</span> <span class='ocrx_word' id='word_1_759' title='bbox 1344 1109 1453 1140; x_wconf 87' lang='lat' dir='ltr'>magno</span> <span class='ocrx_word' id='word_1_760' title='bbox 1472 1101 1577 1130; x_wconf 88' lang='lat' dir='ltr'>animo</span> <span class='ocrx_word' id='word_1_761' title='bbox 1594 1101 1648 1135; x_wconf 85' lang='lat' dir='ltr'>fis,</span> <span class='ocrx_word' id='word_1_762' title='bbox 1670 1103 2027 1146; x_wconf 73' lang='lat' dir='ltr'>&amp;excelsotcogitesque</span> <span class='ocrx_word' id='word_1_763' title='bbox 2038 1116 2166 1136; x_wconf 88' lang='lat' dir='ltr'>omnem</span> 
     </span>
     <span class='ocr_line' id='line_1_91' title="bbox 1208 1139 2164 1185; baseline 0.008 -15"><span class='ocrx_word' id='word_1_764' title='bbox 1208 1139 1385 1181; x_wconf 85' lang='lat' dir='ltr'>dignitatem</span> <span class='ocrx_word' id='word_1_765' title='bbox 1409 1151 1490 1171; x_wconf 85' lang='lat' dir='ltr'>tuam</span> <span class='ocrx_word' id='word_1_766' title='bbox 1513 1152 1583 1172; x_wconf 88' lang='lat' dir='ltr'>cum</span> <span class='ocrx_word' id='word_1_767' title='bbox 1608 1153 1669 1183; x_wconf 83' lang='lat' dir='ltr'>rep.</span> <span class='ocrx_word' id='word_1_768' title='bbox 1699 1145 1894 1185; x_wconf 60' lang='lat' dir='ltr'>conjunk&#39;tam</span> <span class='ocrx_word' id='word_1_769' title='bbox 1913 1145 1971 1176; x_wconf 77' lang='lat' dir='ltr'>effe</span> <span class='ocrx_word' id='word_1_770' title='bbox 1993 1148 2113 1177; x_wconf 84' lang='lat' dir='ltr'>debere.</span> <span class='ocrx_word' id='word_1_771' title='bbox 2130 1151 2164 1178; x_wconf 87' lang='grc' dir='ltr'>Ρ.</span> 
     </span>
     <span class='ocr_line' id='line_1_92' title="bbox 1209 1184 2162 1231; baseline 0.009 -20"><span class='ocrx_word' id='word_1_772' title='bbox 1209 1184 1357 1212; x_wconf 84' lang='lat' dir='ltr'>Luceium</span> <span class='ocrx_word' id='word_1_773' title='bbox 1376 1184 1453 1212; x_wconf 85' lang='lat' dir='ltr'>mihi</span> <span class='ocrx_word' id='word_1_774' title='bbox 1464 1193 1567 1214; x_wconf 87' lang='lat' dir='ltr'>meum</span> <span class='ocrx_word' id='word_1_775' title='bbox 1577 1186 1772 1217; x_wconf 85' lang='lat' dir='ltr'>commendas</span> <span class='ocrx_word' id='word_1_776' title='bbox 1784 1198 1788 1216; x_wconf 93' lang='lat'>:</span> <span class='ocrx_word' id='word_1_777' title='bbox 1799 1198 1890 1228; x_wconf 90' lang='lat' dir='ltr'>quem</span> <span class='ocrx_word' id='word_1_778' title='bbox 1903 1208 1911 1221; x_wconf 94' lang='lat'>,</span> <span class='ocrx_word' id='word_1_779' title='bbox 1922 1188 2162 1231; x_wconf 77' lang='lat' dir='ltr'>quibuscumque</span> 
     </span>
     <span class='ocr_line' id='line_1_93' title="bbox 1200 1224 2165 1271; baseline 0.009 -18"><span class='ocrx_word' id='word_1_780' title='bbox 1200 1224 1295 1257; x_wconf 71' lang='lat' dir='ltr'>,rebus</span> <span class='ocrx_word' id='word_1_781' title='bbox 1302 1234 1407 1264; x_wconf 86' lang='lat' dir='ltr'>potero</span> <span class='ocrx_word' id='word_1_782' title='bbox 1418 1245 1426 1258; x_wconf 87' lang='lat'><em>‚</em></span> <span class='ocrx_word' id='word_1_783' title='bbox 1440 1225 1598 1265; x_wconf 85' lang='lat' dir='ltr'>diligenter</span> <span class='ocrx_word' id='word_1_784' title='bbox 1610 1227 1724 1258; x_wconf 86' lang='lat' dir='ltr'>tuebor.</span> <span class='ocrx_word' id='word_1_785' title='bbox 1749 1231 1884 1259; x_wconf 87' lang='lat' dir='ltr'>Hirtium</span> <span class='ocrx_word' id='word_1_786' title='bbox 1895 1230 2030 1271; x_wconf 89' lang='lat' dir='ltr'>quidem,</span> <span class='ocrx_word' id='word_1_787' title='bbox 2043 1232 2076 1261; x_wconf 71' lang='grc' dir='ltr'>ὃς</span> <span class='ocrx_word' id='word_1_788' title='bbox 2086 1235 2165 1262; x_wconf 83' lang='lat' dir='ltr'>Pan-</span> 
     </span>
     <span class='ocr_line' id='line_1_94' title="bbox 1209 1266 2165 1312; baseline 0.009 -17"><span class='ocrx_word' id='word_1_789' title='bbox 1209 1266 1415 1308; x_wconf 85' lang='lat' dir='ltr'>sam,collegas</span> <span class='ocrx_word' id='word_1_790' title='bbox 1425 1266 1700 1302; x_wconf 84' lang='lat' dir='ltr'>nostros,h0mines</span> <span class='ocrx_word' id='word_1_791' title='bbox 1712 1272 1744 1300; x_wconf 89' lang='lat' dir='ltr'>in</span> <span class='ocrx_word' id='word_1_792' title='bbox 1752 1272 1906 1302; x_wconf 81' lang='lat' dir='ltr'>consulatu</span> <span class='ocrx_word' id='word_1_793' title='bbox 1918 1275 1988 1312; x_wconf 90' lang='lat' dir='ltr'>reip.</span> <span class='ocrx_word' id='word_1_794' title='bbox 2002 1273 2165 1307; x_wconf 65' lang='lat' dir='ltr'>motareis,</span> 
     </span>
     <span class='ocr_line' id='line_1_95' title="bbox 1210 1309 2163 1356; baseline 0.008 -19"><span class='ocrx_word' id='word_1_795' title='bbox 1210 1309 1309 1338; x_wconf 85' lang='lat' dir='ltr'>alieno</span> <span class='ocrx_word' id='word_1_796' title='bbox 1328 1309 1394 1339; x_wconf 78' lang='lat' dir='ltr'>sane</span> <span class='ocrx_word' id='word_1_797' title='bbox 1421 1318 1559 1351; x_wconf 89' lang='lat' dir='ltr'>tempore</span> <span class='ocrx_word' id='word_1_798' title='bbox 1577 1311 1730 1342; x_wconf 79' lang='lat' dir='ltr'>amisimus</span> <span class='ocrx_word' id='word_1_799' title='bbox 1744 1332 1752 1346; x_wconf 88' lang='lat'>‚</span> <span class='ocrx_word' id='word_1_800' title='bbox 1772 1324 1832 1354; x_wconf 87' lang='lat' dir='ltr'>rep.</span> <span class='ocrx_word' id='word_1_801' title='bbox 1853 1317 2028 1344; x_wconf 86' lang='lat' dir='ltr'>Antoniano</span> <span class='ocrx_word' id='word_1_802' title='bbox 2038 1315 2163 1356; x_wconf 80' lang='lat' dir='ltr'>quidem</span> 
     </span>
     <span class='ocr_line' id='line_1_96' title="bbox 1209 1350 2163 1397; baseline 0.008 -18"><span class='ocrx_word' id='word_1_803' title='bbox 1209 1350 1368 1381; x_wconf 85' lang='lat' dir='ltr'>latrocinio</span> <span class='ocrx_word' id='word_1_804' title='bbox 1380 1351 1500 1383; x_wconf 82' lang='lat' dir='ltr'>liberata</span> <span class='ocrx_word' id='word_1_805' title='bbox 1511 1373 1519 1386; x_wconf 92' lang='lat'>,</span> <span class='ocrx_word' id='word_1_806' title='bbox 1545 1353 1592 1383; x_wconf 90' lang='lat' dir='ltr'>sed</span> <span class='ocrx_word' id='word_1_807' title='bbox 1604 1355 1744 1385; x_wconf 90' lang='lat' dir='ltr'>nondum</span> <span class='ocrx_word' id='word_1_808' title='bbox 1756 1358 1888 1386; x_wconf 91' lang='lat' dir='ltr'>omnino</span> <span class='ocrx_word' id='word_1_809' title='bbox 1897 1357 2042 1396; x_wconf 80' lang='lat' dir='ltr'>explicata</span> <span class='ocrx_word' id='word_1_810' title='bbox 2054 1368 2059 1385; x_wconf 89' lang='lat'><strong><em>:</em></strong></span> <span class='ocrx_word' id='word_1_811' title='bbox 2071 1366 2163 1397; x_wconf 88' lang='lat' dir='ltr'>quam</span> 
     </span>
     <span class='ocr_line' id='line_1_97' title="bbox 1206 1391 2163 1438; baseline 0.006 -18"><span class='ocrx_word' id='word_1_812' title='bbox 1206 1402 1273 1425; x_wconf 86' lang='lat' dir='ltr'>nos,</span> <span class='ocrx_word' id='word_1_813' title='bbox 1295 1391 1316 1422; x_wconf 86' lang='lat' dir='ltr'><strong>fi</strong></span> <span class='ocrx_word' id='word_1_814' title='bbox 1335 1393 1459 1427; x_wconf 87' lang='lat' dir='ltr'>licebit,</span> <span class='ocrx_word' id='word_1_815' title='bbox 1485 1404 1569 1425; x_wconf 88' lang='lat' dir='ltr'>more</span> <span class='ocrx_word' id='word_1_816' title='bbox 1588 1396 1690 1426; x_wconf 89' lang='lat' dir='ltr'>nostro</span> <span class='ocrx_word' id='word_1_817' title='bbox 1700 1398 1852 1427; x_wconf 81' lang='lat' dir='ltr'>tuebimur</span> <span class='ocrx_word' id='word_1_818' title='bbox 1862 1408 2043 1438; x_wconf 84' lang='lat' dir='ltr'>quamquam</span> <span class='ocrx_word' id='word_1_819' title='bbox 2055 1400 2163 1428; x_wconf 79' lang='lat' dir='ltr'>admo-</span> 
     </span>
     <span class='ocr_line' id='line_1_98' title="bbox 1206 1433 2163 1478; baseline 0.006 -15"><span class='ocrx_word' id='word_1_820' title='bbox 1206 1433 1279 1463; x_wconf 91' lang='lat' dir='ltr'>dum</span> <span class='ocrx_word' id='word_1_821' title='bbox 1300 1435 1470 1475; x_wconf 87' lang='lat' dir='ltr'>sumusjam</span> <span class='ocrx_word' id='word_1_822' title='bbox 1486 1436 1646 1478; x_wconf 78' lang='lat' dir='ltr'>defatigati.</span> <span class='ocrx_word' id='word_1_823' title='bbox 1669 1442 1731 1468; x_wconf 73' lang='lat' dir='ltr'>SED</span> <span class='ocrx_word' id='word_1_824' title='bbox 1741 1449 1858 1469; x_wconf 82' lang='lat' dir='ltr'>NULLA</span> <span class='ocrx_word' id='word_1_825' title='bbox 1870 1441 2163 1478; x_wconf 70' lang='lat' dir='ltr'>LAss1-mooimpe-</span> 
     </span>
     <span class='ocr_line' id='line_1_99' title="bbox 1206 1475 2162 1511; baseline 0.005 -7"><span class='ocrx_word' id='word_1_826' title='bbox 1206 1475 1269 1505; x_wconf 87' lang='lat' dir='ltr'>dire</span> <span class='ocrx_word' id='word_1_827' title='bbox 1286 1475 1422 1506; x_wconf 83' lang='lat' dir='ltr'>officium</span> <span class='ocrx_word' id='word_1_828' title='bbox 1438 1497 1446 1511; x_wconf 84' lang='lat'>‚</span> <span class='ocrx_word' id='word_1_829' title='bbox 1468 1477 1602 1509; x_wconf 86' lang='lat' dir='ltr'>&amp;fidem</span> <span class='ocrx_word' id='word_1_830' title='bbox 1614 1479 1711 1510; x_wconf 87' lang='lat' dir='ltr'>debet.</span> <span class='ocrx_word' id='word_1_831' title='bbox 1735 1480 1851 1510; x_wconf 76' lang='lat' dir='ltr'>Verum</span> <span class='ocrx_word' id='word_1_832' title='bbox 1863 1483 1925 1511; x_wconf 78' lang='lat' dir='ltr'>haec</span> <span class='ocrx_word' id='word_1_833' title='bbox 1934 1481 2090 1511; x_wconf 58' lang='lat' dir='ltr'>hactenus.</span> <span class='ocrx_word' id='word_1_834' title='bbox 2114 1482 2162 1510; x_wconf 86' lang='lat' dir='ltr'>Ab</span> 
     </span>
     <span class='ocr_line' id='line_1_100' title="bbox 1204 1518 2164 1563; baseline 0.007 -18"><span class='ocrx_word' id='word_1_835' title='bbox 1204 1518 1270 1549; x_wconf 80' lang='lat' dir='ltr'>aliis</span> <span class='ocrx_word' id='word_1_836' title='bbox 1290 1527 1317 1546; x_wconf 89' lang='lat' dir='ltr'>te</span> <span class='ocrx_word' id='word_1_837' title='bbox 1338 1518 1374 1548; x_wconf 89' lang='lat' dir='ltr'>de</span> <span class='ocrx_word' id='word_1_838' title='bbox 1395 1529 1465 1553; x_wconf 87' lang='lat' dir='ltr'>me,</span> <span class='ocrx_word' id='word_1_839' title='bbox 1484 1521 1735 1562; x_wconf 70' lang='lat' dir='ltr'>quamameipso</span> <span class='ocrx_word' id='word_1_840' title='bbox 1747 1542 1755 1555; x_wconf 84' lang='lat'>,</span> <span class='ocrx_word' id='word_1_841' title='bbox 1772 1523 1854 1552; x_wconf 86' lang='lat' dir='ltr'>malo</span> <span class='ocrx_word' id='word_1_842' title='bbox 1865 1523 2052 1563; x_wconf 84' lang='lat' dir='ltr'>cognoscere.</span> <span class='ocrx_word' id='word_1_843' title='bbox 2076 1525 2164 1552; x_wconf 83' lang='lat' dir='ltr'>Dete</span> 
     </span>
     <span class='ocr_line' id='line_1_101' title="bbox 1204 1559 2161 1602; baseline 0.006 -15"><span class='ocrx_word' id='word_1_844' title='bbox 1204 1559 1398 1590; x_wconf 84' lang='lat' dir='ltr'>audiebamus</span> <span class='ocrx_word' id='word_1_845' title='bbox 1409 1571 1441 1590; x_wconf 87' lang='lat' dir='ltr'>ea</span> <span class='ocrx_word' id='word_1_846' title='bbox 1455 1581 1463 1594; x_wconf 88' lang='lat'>,</span> <span class='ocrx_word' id='word_1_847' title='bbox 1474 1572 1540 1602; x_wconf 72' lang='lat' dir='ltr'>quae</span> <span class='ocrx_word' id='word_1_848' title='bbox 1551 1563 1688 1593; x_wconf 69' lang='lat' dir='ltr'>maxime</span> <span class='ocrx_word' id='word_1_849' title='bbox 1700 1564 1859 1593; x_wconf 75' lang='lat' dir='ltr'>vellemus.</span> <span class='ocrx_word' id='word_1_850' title='bbox 1883 1567 1930 1593; x_wconf 89' lang='lat' dir='ltr'>De</span> <span class='ocrx_word' id='word_1_851' title='bbox 1940 1566 1995 1594; x_wconf 89' lang='lat' dir='ltr'>Cn.</span> <span class='ocrx_word' id='word_1_852' title='bbox 2006 1566 2161 1597; x_wconf 82' lang='lat' dir='ltr'>Minucio,</span> 
     </span>
     <span class='ocr_line' id='line_1_102' title="bbox 1203 1603 2158 1642; baseline 0.005 -12"><span class='ocrx_word' id='word_1_853' title='bbox 1203 1611 1293 1641; x_wconf 87' lang='lat' dir='ltr'>quem</span> <span class='ocrx_word' id='word_1_854' title='bbox 1314 1610 1344 1631; x_wconf 89' lang='lat' dir='ltr'>tu</span> <span class='ocrx_word' id='word_1_855' title='bbox 1362 1603 1541 1642; x_wconf 73' lang='lat' dir='ltr'>quibusdam</span> <span class='ocrx_word' id='word_1_856' title='bbox 1561 1605 1665 1634; x_wconf 78' lang='lat' dir='ltr'>litteris</span> <span class='ocrx_word' id='word_1_857' title='bbox 1685 1605 1720 1634; x_wconf 90' lang='lat' dir='ltr'>ad</span> <span class='ocrx_word' id='word_1_858' title='bbox 1738 1605 1993 1635; x_wconf 83' lang='lat' dir='ltr'>caelumlaudibus</span> <span class='ocrx_word' id='word_1_859' title='bbox 2013 1605 2158 1640; x_wconf 67' lang='lat' dir='ltr'>emulisti,</span> 
     </span>
     <span class='ocr_line' id='line_1_103' title="bbox 1203 1645 2158 1689; baseline 0.006 -17"><span class='ocrx_word' id='word_1_860' title='bbox 1203 1653 1339 1673; x_wconf 86' lang='lat' dir='ltr'>rumores</span> <span class='ocrx_word' id='word_1_861' title='bbox 1358 1645 1495 1674; x_wconf 85' lang='lat' dir='ltr'>duriores</span> <span class='ocrx_word' id='word_1_862' title='bbox 1512 1655 1604 1675; x_wconf 87' lang='lat' dir='ltr'>erant.</span> <span class='ocrx_word' id='word_1_863' title='bbox 1628 1646 1661 1676; x_wconf 88' lang='lat' dir='ltr'>ld</span> <span class='ocrx_word' id='word_1_864' title='bbox 1681 1648 1766 1687; x_wconf 86' lang='lat' dir='ltr'>quale</span> <span class='ocrx_word' id='word_1_865' title='bbox 1777 1647 1809 1676; x_wconf 75' lang='lat' dir='ltr'>sit</span> <span class='ocrx_word' id='word_1_866' title='bbox 1825 1668 1834 1680; x_wconf 64' lang='lat'><em>2</em></span> <span class='ocrx_word' id='word_1_867' title='bbox 1852 1649 2042 1689; x_wconf 80' lang='lat' dir='ltr'>omninoque</span> <span class='ocrx_word' id='word_1_868' title='bbox 2054 1668 2063 1682; x_wconf 94' lang='lat'>,</span> <span class='ocrx_word' id='word_1_869' title='bbox 2084 1648 2158 1689; x_wconf 84' lang='lat' dir='ltr'>quid</span> 
     </span>
     <span class='ocr_line' id='line_1_104' title="bbox 1203 1684 1835 1725; baseline 0.006 -11"><span class='ocrx_word' id='word_1_870' title='bbox 1203 1684 1270 1715; x_wconf 86' lang='lat' dir='ltr'>istic</span> <span class='ocrx_word' id='word_1_871' title='bbox 1281 1695 1390 1725; x_wconf 83' lang='lat' dir='ltr'>agatur,</span> <span class='ocrx_word' id='word_1_872' title='bbox 1404 1685 1492 1716; x_wconf 84' lang='lat' dir='ltr'>facias</span> <span class='ocrx_word' id='word_1_873' title='bbox 1502 1697 1550 1716; x_wconf 88' lang='lat' dir='ltr'>me</span> <span class='ocrx_word' id='word_1_874' title='bbox 1561 1688 1655 1717; x_wconf 89' lang='lat' dir='ltr'>velim</span> <span class='ocrx_word' id='word_1_875' title='bbox 1666 1690 1835 1718; x_wconf 82' lang='lat' dir='ltr'>certiorem.</span> 
     </span>
     <span class='ocr_line' id='line_1_105' title="bbox 1184 1724 2005 1761; baseline 0.002 -5"><span class='ocrx_word' id='word_1_876' title='bbox 1184 1724 1198 1739; x_wconf 65' lang='lat'><strong>⁹</strong></span> <span class='ocrx_word' id='word_1_877' title='bbox 1366 1731 1559 1759; x_wconf 81' lang='lat' dir='ltr'>CICERO</span> <span class='ocrx_word' id='word_1_878' title='bbox 1589 1732 1904 1761; x_wconf 88' lang='lat' dir='ltr'>CORNIFICIO</span> <span class='ocrx_word' id='word_1_879' title='bbox 1926 1734 2005 1761; x_wconf 77' lang='lat' dir='ltr'>S-D.</span> 
     </span>
     <span class='ocr_line' id='line_1_106' title="bbox 1320 1770 2158 1813; baseline 0.005 -14"><span class='ocrx_word' id='word_1_880' title='bbox 1320 1771 1456 1800; x_wconf 72' lang='lat' dir='ltr'>Tunius</span> <span class='ocrx_word' id='word_1_881' title='bbox 1468 1789 1476 1803; x_wconf 90' lang='lat'>,</span> <span class='ocrx_word' id='word_1_882' title='bbox 1495 1773 1547 1811; x_wconf 92' lang='lat' dir='ltr'>qui</span> <span class='ocrx_word' id='word_1_883' title='bbox 1568 1773 1598 1801; x_wconf 89' lang='lat' dir='ltr'>in</span> <span class='ocrx_word' id='word_1_884' title='bbox 1616 1770 1716 1806; x_wconf 80' lang='lat' dir='ltr'>Africa</span> <span class='ocrx_word' id='word_1_885' title='bbox 1729 1775 1895 1813; x_wconf 77' lang='lat' dir='ltr'>negotiatus</span> <span class='ocrx_word' id='word_1_886' title='bbox 1905 1772 1947 1802; x_wconf 87' lang='lat' dir='ltr'>est</span> <span class='ocrx_word' id='word_1_887' title='bbox 1958 1793 1967 1806; x_wconf 93' lang='lat'>‚</span> <span class='ocrx_word' id='word_1_888' title='bbox 1988 1774 2034 1802; x_wconf 89' lang='lat' dir='ltr'>vir</span> <span class='ocrx_word' id='word_1_889' title='bbox 2044 1772 2158 1807; x_wconf 77' lang='lat' dir='ltr'>bonus,</span> 
     </span>
     <span class='ocr_line' id='line_1_107' title="bbox 1300 1811 2161 1847; baseline 0.005 -7"><span class='ocrx_word' id='word_1_890' title='bbox 1300 1811 1346 1841; x_wconf 71' lang='grc' dir='ltr'>’δε</span> <span class='ocrx_word' id='word_1_891' title='bbox 1372 1811 1514 1842; x_wconf 85' lang='lat' dir='ltr'>honestus</span> <span class='ocrx_word' id='word_1_892' title='bbox 1532 1833 1540 1845; x_wconf 83' lang='lat'>‚</span> <span class='ocrx_word' id='word_1_893' title='bbox 1562 1813 1967 1847; x_wconf 73' lang='lat' dir='ltr'>heredesfecusimileissui,</span> <span class='ocrx_word' id='word_1_894' title='bbox 1990 1817 2043 1843; x_wconf 90' lang='lat' dir='ltr'>Cn.</span> <span class='ocrx_word' id='word_1_895' title='bbox 2059 1817 2161 1845; x_wconf 78' lang='lat' dir='ltr'>Satur-</span> 
     </span>
     <span class='ocr_line' id='line_1_108' title="bbox 1203 1852 2160 1894; baseline 0.006 -14"><span class='ocrx_word' id='word_1_896' title='bbox 1203 1854 1312 1882; x_wconf 85' lang='lat' dir='ltr'>ninum</span> <span class='ocrx_word' id='word_1_897' title='bbox 1326 1873 1334 1885; x_wconf 89' lang='lat'>,</span> <span class='ocrx_word' id='word_1_898' title='bbox 1346 1856 1413 1882; x_wconf 80' lang='lat' dir='ltr'>Sex.</span> <span class='ocrx_word' id='word_1_899' title='bbox 1424 1852 1581 1883; x_wconf 86' lang='lat' dir='ltr'>Aufidium</span> <span class='ocrx_word' id='word_1_900' title='bbox 1594 1873 1602 1888; x_wconf 87' lang='lat'>‚</span> <span class='ocrx_word' id='word_1_901' title='bbox 1616 1857 1648 1884; x_wconf 92' lang='lat' dir='ltr'>C.</span> <span class='ocrx_word' id='word_1_902' title='bbox 1660 1856 1813 1894; x_wconf 75' lang='lat' dir='ltr'>Anne-jum</span> <span class='ocrx_word' id='word_1_903' title='bbox 1827 1875 1834 1889; x_wconf 85' lang='lat'>‚</span> <span class='ocrx_word' id='word_1_904' title='bbox 1850 1854 2075 1894; x_wconf 68' lang='lat' dir='ltr'>QConsidium</span> <span class='ocrx_word' id='word_1_905' title='bbox 2087 1858 2160 1886; x_wconf 88' lang='lat' dir='ltr'>Gal-</span> 
     </span>
     <span class='ocr_line' id='line_1_109' title="bbox 1202 1893 2158 1929; baseline 0.008 -8"><span class='ocrx_word' id='word_1_906' title='bbox 1202 1893 1278 1926; x_wconf 83' lang='lat' dir='ltr'>lum,</span> <span class='ocrx_word' id='word_1_907' title='bbox 1291 1896 1325 1923; x_wconf 92' lang='lat' dir='ltr'>L.</span> <span class='ocrx_word' id='word_1_908' title='bbox 1343 1895 1508 1924; x_wconf 90' lang='lat' dir='ltr'>Servilium</span> <span class='ocrx_word' id='word_1_909' title='bbox 1519 1895 1708 1929; x_wconf 87' lang='lat' dir='ltr'>Postumum,</span> <span class='ocrx_word' id='word_1_910' title='bbox 1722 1898 1754 1925; x_wconf 90' lang='lat' dir='ltr'>C.</span> <span class='ocrx_word' id='word_1_911' title='bbox 1767 1897 1980 1927; x_wconf 82' lang='lat' dir='ltr'>Rubellinum.</span> <span class='ocrx_word' id='word_1_912' title='bbox 2003 1907 2040 1927; x_wconf 83' lang='lat' dir='ltr'>ex</span> <span class='ocrx_word' id='word_1_913' title='bbox 2050 1908 2158 1929; x_wconf 87' lang='lat' dir='ltr'>eorum</span> 
     </span>
     <span class='ocr_line' id='line_1_110' title="bbox 1200 1936 2155 1980; baseline 0.006 -17"><span class='ocrx_word' id='word_1_914' title='bbox 1200 1937 1337 1964; x_wconf 81' lang='lat' dir='ltr'>oratione</span> <span class='ocrx_word' id='word_1_915' title='bbox 1358 1936 1497 1973; x_wconf 81' lang='lat' dir='ltr'>intellexi</span> <span class='ocrx_word' id='word_1_916' title='bbox 1517 1956 1525 1970; x_wconf 86' lang='lat'>‚</span> <span class='ocrx_word' id='word_1_917' title='bbox 1559 1941 1717 1979; x_wconf 86' lang='lat' dir='ltr'>gratiarum</span> <span class='ocrx_word' id='word_1_918' title='bbox 1738 1938 1857 1968; x_wconf 64' lang='lat' dir='ltr'>afflone</span> <span class='ocrx_word' id='word_1_919' title='bbox 1876 1949 1927 1968; x_wconf 91' lang='lat' dir='ltr'>eos</span> <span class='ocrx_word' id='word_1_920' title='bbox 1947 1942 2041 1979; x_wconf 86' lang='lat' dir='ltr'>magis</span> <span class='ocrx_word' id='word_1_921' title='bbox 2060 1950 2155 1980; x_wconf 83' lang='lat' dir='ltr'>egere,</span> 
     </span>
     <span class='ocr_line' id='line_1_111' title="bbox 1199 1978 2158 2017; baseline 0.006 -12"><span class='ocrx_word' id='word_1_922' title='bbox 1199 1979 1289 2017; x_wconf 72' lang='lat' dir='ltr'>quam</span> <span class='ocrx_word' id='word_1_923' title='bbox 1300 1978 1578 2008; x_wconf 87' lang='lat' dir='ltr'>commendatione.</span> <span class='ocrx_word' id='word_1_924' title='bbox 1602 1982 1699 2009; x_wconf 86' lang='lat' dir='ltr'>Tanta</span> <span class='ocrx_word' id='word_1_925' title='bbox 1709 1982 1791 2010; x_wconf 88' lang='lat' dir='ltr'>enim</span> <span class='ocrx_word' id='word_1_926' title='bbox 1803 1981 1979 2011; x_wconf 84' lang='lat' dir='ltr'>liberalitate</span> <span class='ocrx_word' id='word_1_927' title='bbox 1992 1982 2020 2010; x_wconf 84' lang='lat' dir='ltr'>se</span> <span class='ocrx_word' id='word_1_928' title='bbox 2032 1991 2078 2011; x_wconf 86' lang='lat' dir='ltr'>tua</span> <span class='ocrx_word' id='word_1_929' title='bbox 2090 1982 2158 2012; x_wconf 84' lang='lat' dir='ltr'>usos</span> 
     </span>
     <span class='ocr_line' id='line_1_112' title="bbox 1199 2019 2157 2064; baseline 0.006 -17"><span class='ocrx_word' id='word_1_930' title='bbox 1199 2019 1397 2058; x_wconf 84' lang='lat' dir='ltr'>praedicabant</span> <span class='ocrx_word' id='word_1_931' title='bbox 1408 2040 1416 2053; x_wconf 93' lang='lat'>,</span> <span class='ocrx_word' id='word_1_932' title='bbox 1438 2029 1471 2049; x_wconf 90' lang='lat' dir='ltr'>ut</span> <span class='ocrx_word' id='word_1_933' title='bbox 1480 2022 1517 2050; x_wconf 81' lang='lat' dir='ltr'>irs</span> <span class='ocrx_word' id='word_1_934' title='bbox 1527 2021 1593 2060; x_wconf 87' lang='lat' dir='ltr'>plus</span> <span class='ocrx_word' id='word_1_935' title='bbox 1602 2023 1616 2051; x_wconf 72' lang='lat' dir='ltr'>a</span> <span class='ocrx_word' id='word_1_936' title='bbox 1629 2031 1656 2051; x_wconf 90' lang='lat' dir='ltr'>te</span> <span class='ocrx_word' id='word_1_937' title='bbox 1667 2022 1813 2052; x_wconf 89' lang='lat' dir='ltr'>tributum</span> <span class='ocrx_word' id='word_1_938' title='bbox 1825 2023 2025 2063; x_wconf 79' lang='lat' dir='ltr'>intelligerem</span> <span class='ocrx_word' id='word_1_939' title='bbox 2037 2043 2044 2057; x_wconf 83' lang='lat'>‚</span> <span class='ocrx_word' id='word_1_940' title='bbox 2065 2024 2157 2064; x_wconf 68' lang='lat' dir='ltr'>quam</span> 
     </span>
     <span class='ocr_line' id='line_1_113' title="bbox 1200 2061 2157 2105; baseline 0.004 -15"><span class='ocrx_word' id='word_1_941' title='bbox 1200 2070 1256 2101; x_wconf 82' lang='lat' dir='ltr'>ego</span> <span class='ocrx_word' id='word_1_942' title='bbox 1273 2070 1300 2091; x_wconf 90' lang='lat' dir='ltr'>te</span> <span class='ocrx_word' id='word_1_943' title='bbox 1320 2061 1459 2091; x_wconf 83' lang='lat' dir='ltr'>auderem</span> <span class='ocrx_word' id='word_1_944' title='bbox 1478 2072 1587 2102; x_wconf 80' lang='lat' dir='ltr'>rogare.</span> <span class='ocrx_word' id='word_1_945' title='bbox 1607 2063 1724 2093; x_wconf 89' lang='lat' dir='ltr'>audebo</span> <span class='ocrx_word' id='word_1_946' title='bbox 1735 2073 1844 2094; x_wconf 88' lang='lat' dir='ltr'>tamen.</span> <span class='ocrx_word' id='word_1_947' title='bbox 1863 2065 1923 2095; x_wconf 80' lang='lat' dir='ltr'>scio</span> <span class='ocrx_word' id='word_1_948' title='bbox 1934 2068 2016 2094; x_wconf 89' lang='lat' dir='ltr'>enim</span> <span class='ocrx_word' id='word_1_949' title='bbox 2032 2085 2040 2098; x_wconf 90' lang='lat'>‚</span> <span class='ocrx_word' id='word_1_950' title='bbox 2061 2075 2157 2105; x_wconf 81' lang='lat' dir='ltr'>quan-</span> 
     </span>
     <span class='ocr_line' id='line_1_114' title="bbox 1198 2103 2156 2147; baseline 0.006 -16"><span class='ocrx_word' id='word_1_951' title='bbox 1198 2111 1263 2132; x_wconf 88' lang='lat' dir='ltr'>tum</span> <span class='ocrx_word' id='word_1_952' title='bbox 1282 2103 1425 2142; x_wconf 81' lang='lat' dir='ltr'>ponderis</span> <span class='ocrx_word' id='word_1_953' title='bbox 1446 2114 1512 2134; x_wconf 88' lang='lat' dir='ltr'>mea</span> <span class='ocrx_word' id='word_1_954' title='bbox 1531 2106 1758 2135; x_wconf 76' lang='lat' dir='ltr'>commendatio</span> <span class='ocrx_word' id='word_1_955' title='bbox 1779 2105 1811 2135; x_wconf 81' lang='lat' dir='ltr'>sit</span> <span class='ocrx_word' id='word_1_956' title='bbox 1828 2107 1971 2136; x_wconf 77' lang='lat' dir='ltr'>habitura.</span> <span class='ocrx_word' id='word_1_957' title='bbox 1995 2106 2116 2147; x_wconf 74' lang='lat' dir='ltr'>Qarea</span> <span class='ocrx_word' id='word_1_958' title='bbox 2129 2115 2156 2137; x_wconf 87' lang='lat' dir='ltr'>te</span> 
     </span>
     <span class='ocr_line' id='line_1_115' title="bbox 1197 2144 2153 2187; baseline 0.004 -14"><span class='ocrx_word' id='word_1_959' title='bbox 1197 2154 1277 2184; x_wconf 89' lang='lat' dir='ltr'>peto,</span> <span class='ocrx_word' id='word_1_960' title='bbox 1291 2154 1322 2174; x_wconf 91' lang='lat' dir='ltr'>ut</span> <span class='ocrx_word' id='word_1_961' title='bbox 1331 2144 1365 2175; x_wconf 89' lang='lat' dir='ltr'>ad</span> <span class='ocrx_word' id='word_1_962' title='bbox 1377 2155 1439 2175; x_wconf 88' lang='lat' dir='ltr'>earn</span> <span class='ocrx_word' id='word_1_963' title='bbox 1452 2146 1658 2176; x_wconf 87' lang='lat' dir='ltr'>liberalitatem</span> <span class='ocrx_word' id='word_1_964' title='bbox 1674 2167 1681 2179; x_wconf 89' lang='lat'>‚</span> <span class='ocrx_word' id='word_1_965' title='bbox 1693 2157 1748 2187; x_wconf 90' lang='lat' dir='ltr'>qua</span> <span class='ocrx_word' id='word_1_966' title='bbox 1760 2146 1819 2177; x_wconf 84' lang='lat' dir='ltr'>sine</span> <span class='ocrx_word' id='word_1_967' title='bbox 1831 2150 1907 2177; x_wconf 88' lang='lat' dir='ltr'>meis</span> <span class='ocrx_word' id='word_1_968' title='bbox 1917 2149 2023 2178; x_wconf 89' lang='lat' dir='ltr'>litteris</span> <span class='ocrx_word' id='word_1_969' title='bbox 2035 2148 2101 2178; x_wconf 90' lang='lat' dir='ltr'>usus</span> <span class='ocrx_word' id='word_1_970' title='bbox 2112 2158 2153 2181; x_wconf 85' lang='lat' dir='ltr'>es,</span> 
     </span>
     <span class='ocr_line' id='line_1_116' title="bbox 1197 2186 2154 2231; baseline 0.006 -17"><span class='ocrx_word' id='word_1_971' title='bbox 1197 2186 1288 2226; x_wconf 65' lang='lat' dir='ltr'>quam</span> <span class='ocrx_word' id='word_1_972' title='bbox 1300 2189 1457 2216; x_wconf 85' lang='lat' dir='ltr'>maximus</span> <span class='ocrx_word' id='word_1_973' title='bbox 1468 2188 1514 2216; x_wconf 86' lang='lat' dir='ltr'>his</span> <span class='ocrx_word' id='word_1_974' title='bbox 1529 2188 1635 2218; x_wconf 85' lang='lat' dir='ltr'>litteris</span> <span class='ocrx_word' id='word_1_975' title='bbox 1644 2189 1786 2219; x_wconf 89' lang='lat' dir='ltr'>cumulus</span> <span class='ocrx_word' id='word_1_976' title='bbox 1797 2190 1924 2220; x_wconf 87' lang='lat' dir='ltr'>accedat.</span> <span class='ocrx_word' id='word_1_977' title='bbox 1949 2193 2042 2231; x_wconf 70' lang='lat' dir='ltr'>Cappt</span> <span class='ocrx_word' id='word_1_978' title='bbox 2053 2198 2154 2220; x_wconf 88' lang='lat' dir='ltr'>autem</span> 
     </span>
     <span class='ocr_line' id='line_1_117' title="bbox 1196 2227 2152 2269; baseline 0.002 -12"><span class='ocrx_word' id='word_1_979' title='bbox 1196 2227 1239 2257; x_wconf 84' lang='lat' dir='ltr'>est</span> <span class='ocrx_word' id='word_1_980' title='bbox 1253 2238 1326 2258; x_wconf 74' lang='lat' dir='ltr'>mea:</span> <span class='ocrx_word' id='word_1_981' title='bbox 1338 2229 1615 2259; x_wconf 86' lang='lat' dir='ltr'>commendationis</span> <span class='ocrx_word' id='word_1_982' title='bbox 1626 2250 1634 2264; x_wconf 94' lang='lat'>,</span> <span class='ocrx_word' id='word_1_983' title='bbox 1653 2240 1689 2260; x_wconf 91' lang='lat' dir='ltr'>ne</span> <span class='ocrx_word' id='word_1_984' title='bbox 1699 2240 1807 2269; x_wconf 79' lang='lat' dir='ltr'>patiare</span> <span class='ocrx_word' id='word_1_985' title='bbox 1817 2234 1940 2261; x_wconf 86' lang='lat' dir='ltr'>Erotem</span> <span class='ocrx_word' id='word_1_986' title='bbox 1951 2232 2081 2261; x_wconf 86' lang='lat' dir='ltr'>Turium</span> <span class='ocrx_word' id='word_1_987' title='bbox 2095 2251 2102 2263; x_wconf 89' lang='lat'>,</span> <span class='ocrx_word' id='word_1_988' title='bbox 2115 2234 2152 2269; x_wconf 90' lang='lat' dir='ltr'>Q.</span> 
     </span>
     <span class='ocr_line' id='line_1_118' title="bbox 1196 2271 2156 2305; baseline 0.005 -7"><span class='ocrx_word' id='word_1_989' title='bbox 1196 2272 1284 2299; x_wconf 87' lang='lat' dir='ltr'>Turii</span> <span class='ocrx_word' id='word_1_990' title='bbox 1302 2271 1444 2300; x_wconf 88' lang='lat' dir='ltr'>libertum</span> <span class='ocrx_word' id='word_1_991' title='bbox 1460 2291 1468 2304; x_wconf 94' lang='lat'>‚</span> <span class='ocrx_word' id='word_1_992' title='bbox 1491 2281 1523 2301; x_wconf 91' lang='lat' dir='ltr'>ut</span> <span class='ocrx_word' id='word_1_993' title='bbox 1544 2271 1640 2302; x_wconf 83' lang='lat' dir='ltr'>adhuc</span> <span class='ocrx_word' id='word_1_994' title='bbox 1656 2271 1744 2305; x_wconf 75' lang='lat' dir='ltr'>fecit,</span> <span class='ocrx_word' id='word_1_995' title='bbox 1771 2273 1964 2303; x_wconf 87' lang='lat' dir='ltr'>hereditatem</span> <span class='ocrx_word' id='word_1_996' title='bbox 1987 2275 2156 2303; x_wconf 73' lang='lat' dir='ltr'>Turianam</span> 
     </span>
     <span class='ocr_line' id='line_1_119' title="bbox 1195 2313 2152 2353; baseline 0.003 -13"><span class='ocrx_word' id='word_1_997' title='bbox 1195 2321 1324 2341; x_wconf 86' lang='lat' dir='ltr'>avertere</span> <span class='ocrx_word' id='word_1_998' title='bbox 1336 2332 1344 2344; x_wconf 87' lang='lat'>,</span> <span class='ocrx_word' id='word_1_999' title='bbox 1366 2313 1527 2353; x_wconf 79' lang='lat' dir='ltr'>ceterisque</span> <span class='ocrx_word' id='word_1_1000' title='bbox 1546 2314 1689 2343; x_wconf 88' lang='lat' dir='ltr'>omnibus</span> <span class='ocrx_word' id='word_1_1001' title='bbox 1707 2314 1795 2344; x_wconf 88' lang='lat' dir='ltr'>rebus</span> <span class='ocrx_word' id='word_1_1002' title='bbox 1815 2316 1921 2345; x_wconf 84' lang='lat' dir='ltr'>habeas</span> <span class='ocrx_word' id='word_1_1003' title='bbox 1930 2325 1981 2344; x_wconf 88' lang='lat' dir='ltr'>eos</span> <span class='ocrx_word' id='word_1_1004' title='bbox 1991 2324 2152 2344; x_wconf 82' lang='lat' dir='ltr'>commen·</span> 
     </span>
     <span class='ocr_line' id='line_1_120' title="bbox 1194 2352 2153 2395; baseline 0.004 -13"><span class='ocrx_word' id='word_1_1005' title='bbox 1194 2352 1370 2383; x_wconf 86' lang='lat' dir='ltr'>datiffimos.</span> <span class='ocrx_word' id='word_1_1006' title='bbox 1392 2356 1533 2395; x_wconf 87' lang='lat' dir='ltr'>Magnam</span> <span class='ocrx_word' id='word_1_1007' title='bbox 1553 2365 1591 2384; x_wconf 89' lang='lat' dir='ltr'>ex</span> <span class='ocrx_word' id='word_1_1008' title='bbox 1612 2365 1717 2385; x_wconf 88' lang='lat' dir='ltr'>corum</span> <span class='ocrx_word' id='word_1_1009' title='bbox 1729 2356 1902 2395; x_wconf 86' lang='lat' dir='ltr'>splendore,</span> <span class='ocrx_word' id='word_1_1010' title='bbox 1923 2357 2153 2386; x_wconf 75' lang='lat' dir='ltr'>&amp;observantia</span> 
     </span>
     <span class='ocr_line' id='line_1_121' title="bbox 1194 2396 2150 2438; baseline 0.004 -14"><span class='ocrx_word' id='word_1_1011' title='bbox 1194 2396 1290 2434; x_wconf 88' lang='lat' dir='ltr'>capies</span> <span class='ocrx_word' id='word_1_1012' title='bbox 1310 2396 1508 2436; x_wconf 84' lang='lat' dir='ltr'>voluptatem.</span> <span class='ocrx_word' id='word_1_1013' title='bbox 1532 2397 1623 2438; x_wconf 83' lang='lat' dir='ltr'>Qod</span> <span class='ocrx_word' id='word_1_1014' title='bbox 1643 2406 1674 2427; x_wconf 87' lang='lat' dir='ltr'>ut</span> <span class='ocrx_word' id='word_1_1015' title='bbox 1689 2398 1782 2432; x_wconf 77' lang='lat' dir='ltr'>velis,</span> <span class='ocrx_word' id='word_1_1016' title='bbox 1802 2407 1830 2429; x_wconf 90' lang='lat' dir='ltr'>te</span> <span class='ocrx_word' id='word_1_1017' title='bbox 1841 2400 2038 2429; x_wconf 84' lang='lat' dir='ltr'>vehementer</span> <span class='ocrx_word' id='word_1_1018' title='bbox 2047 2400 2150 2432; x_wconf 80' lang='lat' dir='ltr'>etiam,</span> 
     </span>
     <span class='ocr_line' id='line_1_122' title="bbox 1195 2440 1477 2477; baseline 0.004 -11"><span class='ocrx_word' id='word_1_1019' title='bbox 1195 2446 1282 2477; x_wconf 89' lang='lat' dir='ltr'>atque</span> <span class='ocrx_word' id='word_1_1020' title='bbox 1292 2440 1381 2467; x_wconf 88' lang='lat' dir='ltr'>etiam</span> <span class='ocrx_word' id='word_1_1021' title='bbox 1394 2448 1477 2477; x_wconf 87' lang='lat' dir='ltr'>rogo.</span> 
     </span>
     <span class='ocr_line' id='line_1_123' title="bbox 1325 2481 2014 2520; baseline 0.001 -12"><span class='ocrx_word' id='word_1_1022' title='bbox 1325 2481 1368 2508; x_wconf 85' lang='lat' dir='ltr'>M.</span> <span class='ocrx_word' id='word_1_1023' title='bbox 1383 2482 1420 2509; x_wconf 70' lang='lat' dir='ltr'>T.</span> <span class='ocrx_word' id='word_1_1024' title='bbox 1437 2482 1470 2509; x_wconf 90' lang='lat' dir='ltr'>C.</span> <span class='ocrx_word' id='word_1_1025' title='bbox 1495 2483 1523 2510; x_wconf 90' lang='lat' dir='ltr'>S.</span> <span class='ocrx_word' id='word_1_1026' title='bbox 1536 2482 1565 2510; x_wconf 93' lang='lat' dir='ltr'>P.</span> <span class='ocrx_word' id='word_1_1027' title='bbox 1579 2482 1619 2510; x_wconf 68' lang='lat' dir='ltr'>D.</span> <span class='ocrx_word' id='word_1_1028' title='bbox 1643 2483 2014 2520; x_wconf 75' lang='lat' dir='ltr'>QCORNIFICIO.</span> 
     </span>
     <span class='ocr_line' id='line_1_124' title="bbox 1254 2519 2152 2563; baseline 0.002 -13"><span class='ocrx_word' id='word_1_1029' title='bbox 1254 2522 1314 2550; x_wconf 87' lang='lat' dir='ltr'>Ex.</span> <span class='ocrx_word' id='word_1_1030' title='bbox 1335 2519 1475 2551; x_wconf 86' lang='lat' dir='ltr'>Aufidius</span> <span class='ocrx_word' id='word_1_1031' title='bbox 1485 2522 1517 2551; x_wconf 91' lang='lat'>&amp;</span> <span class='ocrx_word' id='word_1_1032' title='bbox 1528 2522 1712 2552; x_wconf 77' lang='lat' dir='ltr'>observantia</span> <span class='ocrx_word' id='word_1_1033' title='bbox 1723 2543 1731 2557; x_wconf 91' lang='lat'>‚</span> <span class='ocrx_word' id='word_1_1034' title='bbox 1750 2533 1808 2563; x_wconf 86' lang='lat' dir='ltr'>qua</span> <span class='ocrx_word' id='word_1_1035' title='bbox 1822 2523 1952 2552; x_wconf 79' lang='lat' dir='ltr'>mecolit</span> <span class='ocrx_word' id='word_1_1036' title='bbox 1963 2544 1972 2555; x_wconf 93' lang='lat'>,</span> <span class='ocrx_word' id='word_1_1037' title='bbox 1991 2521 2104 2553; x_wconf 84' lang='lat' dir='ltr'>accedit</span> <span class='ocrx_word' id='word_1_1038' title='bbox 2112 2523 2152 2553; x_wconf 88' lang='lat' dir='ltr'>ad-</span> 
     </span>
     <span class='ocr_line' id='line_1_125' title="bbox 1249 2563 2149 2605; baseline 0.006 -14"><span class='ocrx_word' id='word_1_1039' title='bbox 1249 2564 1426 2602; x_wconf 86' lang='lat' dir='ltr'>proximos:</span> <span class='ocrx_word' id='word_1_1040' title='bbox 1447 2563 1479 2593; x_wconf 89' lang='lat'>&amp;</span> <span class='ocrx_word' id='word_1_1041' title='bbox 1498 2563 1672 2602; x_wconf 87' lang='lat' dir='ltr'>splendore,</span> <span class='ocrx_word' id='word_1_1042' title='bbox 1693 2567 1786 2605; x_wconf 82' lang='lat' dir='ltr'>equiti</span> <span class='ocrx_word' id='word_1_1043' title='bbox 1799 2566 1835 2594; x_wconf 88' lang='lat' dir='ltr'>R.</span> <span class='ocrx_word' id='word_1_1044' title='bbox 1857 2566 1975 2594; x_wconf 89' lang='lat' dir='ltr'>nemini</span> <span class='ocrx_word' id='word_1_1045' title='bbox 1985 2564 2072 2594; x_wconf 90' lang='lat' dir='ltr'>cedit.</span> <span class='ocrx_word' id='word_1_1046' title='bbox 2096 2563 2149 2596; x_wconf 84' lang='lat' dir='ltr'>Est</span> 
     </span>
     <span class='ocr_line' id='line_1_126' title="bbox 1190 2604 2149 2646; baseline 0.005 -14"><span class='ocrx_word' id='word_1_1047' title='bbox 1190 2613 1290 2633; x_wconf 87' lang='lat' dir='ltr'>autem</span> <span class='ocrx_word' id='word_1_1048' title='bbox 1314 2606 1353 2633; x_wconf 86' lang='lat' dir='ltr'>ita</span> <span class='ocrx_word' id='word_1_1049' title='bbox 1374 2607 1562 2644; x_wconf 82' lang='lat' dir='ltr'>temperatis,</span> <span class='ocrx_word' id='word_1_1050' title='bbox 1583 2604 1800 2646; x_wconf 71' lang='lat' dir='ltr'>moderatusque</span> <span class='ocrx_word' id='word_1_1051' title='bbox 1810 2606 1967 2640; x_wconf 84' lang='lat' dir='ltr'>moribus,</span> <span class='ocrx_word' id='word_1_1052' title='bbox 1987 2615 2018 2635; x_wconf 92' lang='lat' dir='ltr'>ut</span> <span class='ocrx_word' id='word_1_1053' title='bbox 2029 2606 2149 2637; x_wconf 83' lang='lat' dir='ltr'>summa</span> 
     </span>
     <span class='ocr_line' id='line_1_127' title="bbox 1190 2645 2147 2688; baseline 0.005 -15"><span class='ocrx_word' id='word_1_1054' title='bbox 1190 2645 1326 2674; x_wconf 81' lang='lat' dir='ltr'>severitas</span> <span class='ocrx_word' id='word_1_1055' title='bbox 1349 2666 1358 2677; x_wconf 89' lang='lat'>‚</span> <span class='ocrx_word' id='word_1_1056' title='bbox 1380 2646 1496 2675; x_wconf 82' lang='lat' dir='ltr'>summa</span> <span class='ocrx_word' id='word_1_1057' title='bbox 1516 2655 1585 2675; x_wconf 90' lang='lat' dir='ltr'>cum</span> <span class='ocrx_word' id='word_1_1058' title='bbox 1606 2647 1790 2677; x_wconf 73' lang='lat' dir='ltr'>humanitate</span> <span class='ocrx_word' id='word_1_1059' title='bbox 1807 2649 1954 2688; x_wconf 84' lang='lat' dir='ltr'>jungatur.</span> <span class='ocrx_word' id='word_1_1060' title='bbox 1980 2648 2072 2687; x_wconf 88' lang='lat' dir='ltr'>Cujus</span> <span class='ocrx_word' id='word_1_1061' title='bbox 2091 2648 2147 2678; x_wconf 85' lang='lat' dir='ltr'>tibi</span> 
     </span>
    </p>
   </div>
   <div class='ocr_carea' id='block_1_9' title="bbox 1190 2687 2146 2766">
    <p class='ocr_par' dir='ltr' id='par_1_12' title="bbox 1190 2687 2146 2766">
     <span class='ocr_line' id='line_1_128' title="bbox 1190 2687 2146 2728; baseline 0.003 -12"><span class='ocrx_word' id='word_1_1062' title='bbox 1190 2696 1327 2727; x_wconf 82' lang='lat' dir='ltr'>negotia,</span> <span class='ocrx_word' id='word_1_1063' title='bbox 1347 2697 1412 2727; x_wconf 86' lang='lat' dir='ltr'>quae</span> <span class='ocrx_word' id='word_1_1064' title='bbox 1432 2687 1548 2717; x_wconf 85' lang='lat' dir='ltr'>suntin</span> <span class='ocrx_word' id='word_1_1065' title='bbox 1566 2687 1685 2722; x_wconf 74' lang='lat' dir='ltr'>Africa,</span> <span class='ocrx_word' id='word_1_1066' title='bbox 1705 2690 1746 2719; x_wconf 82' lang='lat' dir='ltr'>ita</span> <span class='ocrx_word' id='word_1_1067' title='bbox 1755 2689 1964 2724; x_wconf 86' lang='lat' dir='ltr'>commendo,</span> <span class='ocrx_word' id='word_1_1068' title='bbox 1986 2699 2017 2719; x_wconf 88' lang='lat' dir='ltr'>ut</span> <span class='ocrx_word' id='word_1_1069' title='bbox 2031 2690 2146 2728; x_wconf 85' lang='lat' dir='ltr'>majore</span> 
     </span>
     <span class='ocr_line' id='line_1_129' title="bbox 2032 2731 2144 2766; baseline -0.009 -4"><span class='ocrx_word' id='word_1_1070' title='bbox 2032 2731 2144 2766; x_wconf 89' lang='lat' dir='ltr'>studio,</span> 
     </span>
    </p>
   </div>
   <div class='ocr_carea' id='block_1_10' title="bbox 1190 2792 2151 2910">
    <p class='ocr_par' dir='ltr' id='par_1_13' title="bbox 1190 2792 2151 2910">
     <span class='ocr_line' id='line_1_130' title="bbox 1192 2792 2151 2831; baseline 0.003 -10"><span class='ocrx_word' id='word_1_1071' title='bbox 1192 2796 1380 2831; x_wconf 80' lang='lat' dir='ltr'>Hittorpianus</span> <span class='ocrx_word' id='word_1_1072' title='bbox 1394 2816 1402 2827; x_wconf 82' lang='lat'>‚</span> <span class='ocrx_word' id='word_1_1073' title='bbox 1424 2799 1507 2821; x_wconf 66' lang='lat' dir='ltr'>atrum</span> <span class='ocrx_word' id='word_1_1074' title='bbox 1518 2816 1526 2828; x_wconf 92' lang='lat'>,</span> <span class='ocrx_word' id='word_1_1075' title='bbox 1538 2797 1606 2823; x_wconf 82' lang='lat' dir='ltr'>unde</span> <span class='ocrx_word' id='word_1_1076' title='bbox 1618 2797 1724 2824; x_wconf 81' lang='lat' dir='ltr'>volebat</span> <span class='ocrx_word' id='word_1_1077' title='bbox 1734 2797 1895 2825; x_wconf 83' lang='lat' dir='ltr'>Gulielmius</span> <span class='ocrx_word' id='word_1_1078' title='bbox 1906 2801 2007 2831; x_wconf 65' lang='lat' dir='ltr'>appufit.</span> <span class='ocrx_word' id='word_1_1079' title='bbox 2026 2799 2096 2824; x_wconf 80' lang='lat' dir='ltr'>idem</span> <span class='ocrx_word' id='word_1_1080' title='bbox 2111 2792 2151 2828; x_wconf 65' lang='lat' dir='ltr'>‘m&#39;</span> 
     </span>
     <span class='ocr_line' id='line_1_131' title="bbox 1190 2835 2146 2874; baseline 0.005 -14"><span class='ocrx_word' id='word_1_1081' title='bbox 1190 2839 1250 2861; x_wconf 85' lang='lat' dir='ltr'>omni</span> <span class='ocrx_word' id='word_1_1082' title='bbox 1261 2838 1409 2869; x_wconf 62' lang='lat' dir='ltr'>festinati-&#39;ont</span> <span class='ocrx_word' id='word_1_1083' title='bbox 1418 2835 1544 2870; x_wconf 80' lang='lat' dir='ltr'>glossema</span> <span class='ocrx_word' id='word_1_1084' title='bbox 1553 2836 1638 2863; x_wconf 74' lang='lat' dir='ltr'>ducit.</span> <span class='ocrx_word' id='word_1_1085' title='bbox 1661 2837 1717 2864; x_wconf 74' lang='lat' dir='ltr'>Post</span> <span class='ocrx_word' id='word_1_1086' title='bbox 1729 2846 1736 2867; x_wconf 84' lang='lat'>3</span> <span class='ocrx_word' id='word_1_1087' title='bbox 1759 2838 1892 2865; x_wconf 82' lang='lat' dir='ltr'>Palatinus</span> <span class='ocrx_word' id='word_1_1088' title='bbox 1904 2842 2003 2874; x_wconf 84' lang='lat' dir='ltr'>primus</span> <span class='ocrx_word' id='word_1_1089' title='bbox 2017 2858 2025 2870; x_wconf 85' lang='lat'>,</span> <span class='ocrx_word' id='word_1_1090' title='bbox 2044 2838 2146 2871; x_wconf 79' lang='lat' dir='ltr'>sextus,</span> 
     </span>
     <span class='ocr_line' id='line_1_132' title="bbox 1190 2872 2147 2910; baseline 0.004 -14"><span class='ocrx_word' id='word_1_1091' title='bbox 1190 2872 1391 2907; x_wconf 75' lang='lat' dir='ltr'>Hittorpianus,</span> <span class='ocrx_word' id='word_1_1092' title='bbox 1403 2872 1601 2899; x_wconf 75' lang='lat' dir='ltr'>stewechianus</span> <span class='ocrx_word' id='word_1_1093' title='bbox 1614 2893 1621 2903; x_wconf 74' lang='grc'>,</span> <span class='ocrx_word' id='word_1_1094' title='bbox 1631 2873 1778 2900; x_wconf 86' lang='lat' dir='ltr'>editionum</span> <span class='ocrx_word' id='word_1_1095' title='bbox 1790 2875 1915 2910; x_wconf 86' lang='lat' dir='ltr'>primaria</span> <span class='ocrx_word' id='word_1_1096' title='bbox 1925 2874 2041 2900; x_wconf 84' lang='lat' dir='ltr'>scribunt</span> <span class='ocrx_word' id='word_1_1097' title='bbox 2054 2894 2061 2906; x_wconf 87' lang='lat'>‚</span> <span class='ocrx_word' id='word_1_1098' title='bbox 2080 2885 2147 2909; x_wconf 65' lang='lat' dir='ltr'>quem</span> 
     </span>
    </p>
   </div>
   <div class='ocr_carea' id='block_1_11' title="bbox 2065 2783 2136 2786">
    <p class='ocr_par' dir='ltr' id='par_1_14' title="bbox 2065 2783 2136 2786">
     <span class='ocr_line' id='line_1_133' title="bbox 2065 2783 2136 2786; baseline 0 0"><span class='ocrx_word' id='word_1_1099' title='bbox 2065 2783 2136 2786; x_wconf 95' lang='lat' dir='ltr'> </span> 
     </span>
    </p>
   </div>
   <div class='ocr_carea' id='block_1_12' title="bbox 230 2901 2145 2944">
    <p class='ocr_par' dir='ltr' id='par_1_15' title="bbox 230 2901 2145 2944">
     <span class='ocr_line' id='line_1_134' title="bbox 230 2901 2145 2944; baseline 0.007 -20"><span class='ocrx_word' id='word_1_1100' title='bbox 230 2907 260 2925; x_wconf 83' lang='lat'>2.</span> <span class='ocrx_word' id='word_1_1101' title='bbox 281 2903 336 2926; x_wconf 78' lang='lat' dir='ltr'>Fuit</span> <span class='ocrx_word' id='word_1_1102' title='bbox 344 2904 404 2927; x_wconf 79' lang='lat' dir='ltr'>enim</span> <span class='ocrx_word' id='word_1_1103' title='bbox 413 2901 471 2926; x_wconf 77' lang='lat' dir='ltr'>illud</span> <span class='ocrx_word' id='word_1_1104' title='bbox 478 2902 591 2935; x_wconf 74' lang='lat' dir='ltr'>quoddam</span> <span class='ocrx_word' id='word_1_1105' title='bbox 602 2910 682 2926; x_wconf 56' lang='lat' dir='ltr'>certem</span> <span class='ocrx_word' id='word_1_1106' title='bbox 693 2902 936 2935; x_wconf 64' lang='lat' dir='ltr'>ternpmfirvitntis.]</span> <span class='ocrx_word' id='word_1_1107' title='bbox 949 2902 1011 2927; x_wconf 84' lang='lat' dir='ltr'>Non</span> <span class='ocrx_word' id='word_1_1108' title='bbox 1023 2901 1101 2928; x_wconf 80' lang='lat' dir='ltr'>aliter</span> <span class='ocrx_word' id='word_1_1109' title='bbox 1112 2901 1147 2927; x_wconf 83' lang='lat' dir='ltr'>est</span> <span class='ocrx_word' id='word_1_1110' title='bbox 1169 2918 1171 2935; x_wconf 79' lang='lat'>1</span> <span class='ocrx_word' id='word_1_1111' title='bbox 1187 2917 1222 2939; x_wconf 64' lang='lat' dir='ltr'>ego</span> <span class='ocrx_word' id='word_1_1112' title='bbox 1232 2910 1363 2933; x_wconf 55' lang='lat' dir='ltr'>mammem</span> <span class='ocrx_word' id='word_1_1113' title='bbox 1373 2919 1400 2938; x_wconf 77' lang='lat' dir='ltr'><em>O</em></span> <span class='ocrx_word' id='word_1_1114' title='bbox 1410 2909 1561 2940; x_wconf 66' lang='lat' dir='ltr'>nausiantem</span> <span class='ocrx_word' id='word_1_1115' title='bbox 1570 2911 1686 2943; x_wconf 65' lang='lat' dir='ltr'>confit-idn</span> <span class='ocrx_word' id='word_1_1116' title='bbox 1696 2911 1749 2944; x_wconf 71' lang='lat' dir='ltr'>Cts.</span> <span class='ocrx_word' id='word_1_1117' title='bbox 1759 2912 1903 2944; x_wconf 67' lang='lat' dir='ltr'>OH.plagM.&#39;</span> <span class='ocrx_word' id='word_1_1118' title='bbox 1913 2911 1981 2937; x_wconf 84' lang='lat' dir='ltr'>Mihi</span> <span class='ocrx_word' id='word_1_1119' title='bbox 1994 2922 2002 2936; x_wconf 61' lang='lat' dir='ltr'>x</span> <span class='ocrx_word' id='word_1_1120' title='bbox 2010 2911 2099 2937; x_wconf 77' lang='lat' dir='ltr'>idetur</span> <span class='ocrx_word' id='word_1_1121' title='bbox 2110 2920 2145 2938; x_wconf 84' lang='lat' dir='ltr'>cx</span> 
     </span>
    </p>
   </div>
   <div class='ocr_carea' id='block_1_13' title="bbox 147 2934 1145 3079">
    <p class='ocr_par' dir='ltr' id='par_1_16' title="bbox 147 2934 1144 3006">
     <span class='ocr_line' id='line_1_135' title="bbox 193 2934 1144 2972; baseline 0.003 -13"><span class='ocrx_word' id='word_1_1122' title='bbox 193 2934 221 2960; x_wconf 89' lang='lat' dir='ltr'>in</span> <span class='ocrx_word' id='word_1_1123' title='bbox 233 2934 352 2962; x_wconf 79' lang='lat' dir='ltr'>Palatino</span> <span class='ocrx_word' id='word_1_1124' title='bbox 360 2936 447 2967; x_wconf 86' lang='lat' dir='ltr'>sexto,</span> <span class='ocrx_word' id='word_1_1125' title='bbox 458 2937 485 2961; x_wconf 64' lang='grc' dir='ltr'>ὃ(</span> <span class='ocrx_word' id='word_1_1126' title='bbox 498 2937 621 2972; x_wconf 84' lang='lat' dir='ltr'>Hittorp.</span> <span class='ocrx_word' id='word_1_1127' title='bbox 633 2937 678 2962; x_wconf 77' lang='lat' dir='ltr'>nili</span> <span class='ocrx_word' id='word_1_1128' title='bbox 692 2936 775 2971; x_wconf 84' lang='lat' dir='ltr'>quod,</span> <span class='ocrx_word' id='word_1_1129' title='bbox 787 2946 865 2962; x_wconf 62' lang='lat' dir='ltr'>extimi</span> <span class='ocrx_word' id='word_1_1130' title='bbox 876 2945 964 2970; x_wconf 64' lang='lat' dir='ltr'>tempus</span> <span class='ocrx_word' id='word_1_1131' title='bbox 974 2938 1098 2971; x_wconf 72' lang='lat' dir='ltr'>quoddam.</span> <span class='ocrx_word' id='word_1_1132' title='bbox 1119 2938 1144 2963; x_wconf 85' lang='lat' dir='ltr'>iu</span> 
     </span>
     <span class='ocr_line' id='line_1_136' title="bbox 147 2970 1143 3006; baseline 0.003 -11"><span class='ocrx_word' id='word_1_1133' title='bbox 147 2973 152 2978; x_wconf 87' lang='lat'>&#39;</span> <span class='ocrx_word' id='word_1_1134' title='bbox 214 2970 384 3004; x_wconf 77' lang='lat' dir='ltr'>rimograecum</span> <span class='ocrx_word' id='word_1_1135' title='bbox 395 2990 403 3003; x_wconf 89' lang='lat'>,</span> <span class='ocrx_word' id='word_1_1136' title='bbox 413 2971 481 2998; x_wconf 87' lang='lat' dir='ltr'>uude</span> <span class='ocrx_word' id='word_1_1137' title='bbox 491 2972 536 2998; x_wconf 85' lang='lat' dir='ltr'>alii</span> <span class='ocrx_word' id='word_1_1138' title='bbox 547 2976 626 2997; x_wconf 73' lang='lat' dir='ltr'>Gra-ve</span> <span class='ocrx_word' id='word_1_1139' title='bbox 637 2983 643 2997; x_wconf 89' lang='lat'>.·</span> <span class='ocrx_word' id='word_1_1140' title='bbox 662 2973 795 2999; x_wconf 60' lang='lat' dir='ltr'>Viiftorius</span> <span class='ocrx_word' id='word_1_1141' title='bbox 807 2977 916 3006; x_wconf 66' lang='lat' dir='ltr'>egregium</span> <span class='ocrx_word' id='word_1_1142' title='bbox 927 2972 1036 2999; x_wconf 70' lang='lat' dir='ltr'>fecerat.</span> <span class='ocrx_word' id='word_1_1143' title='bbox 1062 2974 1143 2998; x_wconf 87' lang='lat' dir='ltr'>Lam-</span> 
     </span>
    </p>

    <p class='ocr_par' dir='ltr' id='par_1_17' title="bbox 194 2979 1145 3079">
     <span class='ocr_line' id='line_1_137' title="bbox 194 2979 1144 3043; baseline 0.002 -11"><span class='ocrx_word' id='word_1_1144' title='bbox 194 2979 269 3032; x_wconf 59' lang='lat' dir='ltr'>binus</span> <span class='ocrx_word' id='word_1_1145' title='bbox 280 3013 367 3033; x_wconf 87' lang='lat' dir='ltr'>tamen</span> <span class='ocrx_word' id='word_1_1146' title='bbox 378 3007 414 3033; x_wconf 65' lang='lat' dir='ltr'>abt</span> <span class='ocrx_word' id='word_1_1147' title='bbox 424 3006 447 3033; x_wconf 91' lang='lat' dir='ltr'>se</span> <span class='ocrx_word' id='word_1_1148' title='bbox 457 3007 527 3043; x_wconf 78' lang='lat' dir='ltr'>sequi</span> <span class='ocrx_word' id='word_1_1149' title='bbox 538 3008 666 3035; x_wconf 78' lang='lat' dir='ltr'>Ubaldini</span> <span class='ocrx_word' id='word_1_1150' title='bbox 678 3008 826 3035; x_wconf 84' lang='lat' dir='ltr'>Bandiuelli</span> <span class='ocrx_word' id='word_1_1151' title='bbox 838 3009 1017 3043; x_wconf 52' lang='lat' dir='ltr'>comesturam</span> <span class='ocrx_word' id='word_1_1152' title='bbox 1031 3019 1038 3038; x_wconf 61' lang='grc' dir='ltr'><strong><em>ς</em></strong></span> <span class='ocrx_word' id='word_1_1153' title='bbox 1055 3008 1144 3035; x_wconf 72' lang='lat' dir='ltr'>lauda-</span> 
     </span>
     <span class='ocr_line' id='line_1_138' title="bbox 195 3041 1145 3079; baseline 0.003 -12"><span class='ocrx_word' id='word_1_1154' title='bbox 195 3048 289 3068; x_wconf 77' lang='lat' dir='ltr'>tamne</span> <span class='ocrx_word' id='word_1_1155' title='bbox 307 3041 439 3077; x_wconf 82' lang='lat' dir='ltr'>probatam</span> <span class='ocrx_word' id='word_1_1156' title='bbox 457 3044 596 3070; x_wconf 74' lang='lat' dir='ltr'>Manutioz</span> <span class='ocrx_word' id='word_1_1157' title='bbox 611 3047 662 3077; x_wconf 83' lang='lat' dir='ltr'>fuit</span> <span class='ocrx_word' id='word_1_1158' title='bbox 676 3047 735 3070; x_wconf 79' lang='lat' dir='ltr'>enim</span> <span class='ocrx_word' id='word_1_1159' title='bbox 754 3045 869 3079; x_wconf 71' lang='lat' dir='ltr'>quoddam</span> <span class='ocrx_word' id='word_1_1160' title='bbox 890 3046 1038 3077; x_wconf 67' lang='lat' dir='ltr'>neccffhrimn</span> <span class='ocrx_word' id='word_1_1161' title='bbox 1057 3053 1145 3076; x_wconf 63' lang='lat' dir='ltr'>tempus</span> 
     </span>
    </p>
   </div>
   <div class='ocr_carea' id='block_1_14' title="bbox 1189 2943 2144 3015">
    <p class='ocr_par' dir='ltr' id='par_1_18' title="bbox 1189 2943 2144 3015">
     <span class='ocr_line' id='line_1_139' title="bbox 1189 2943 1600 2978; baseline 0.005 -10"><span class='ocrx_word' id='word_1_1162' title='bbox 1189 2943 1339 2978; x_wconf 76' lang='lat' dir='ltr'>ignorantia</span> <span class='ocrx_word' id='word_1_1163' title='bbox 1349 2943 1488 2968; x_wconf 67' lang='lat' dir='ltr'>scribarum</span> <span class='ocrx_word' id='word_1_1164' title='bbox 1501 2952 1587 2970; x_wconf 83' lang='lat' dir='ltr'>ortum</span> <span class='ocrx_word' id='word_1_1165' title='bbox 1595 2966 1600 2970; x_wconf 98' lang='lat'>.</span> 
     </span>
     <span class='ocr_line' id='line_1_140' title="bbox 1223 2980 2144 3015; baseline 0.005 -12"><span class='ocrx_word' id='word_1_1166' title='bbox 1223 2986 1252 3010; x_wconf 85' lang='lat'>4.</span> <span class='ocrx_word' id='word_1_1167' title='bbox 1271 2983 1348 3013; x_wconf 63' lang='lat' dir='ltr'>‘Ram</span> <span class='ocrx_word' id='word_1_1168' title='bbox 1357 2982 1393 3004; x_wconf 71' lang='lat' dir='ltr'>ln‘c</span> <span class='ocrx_word' id='word_1_1169' title='bbox 1411 2980 1459 3003; x_wconf 71' lang='lat' dir='ltr'>dics</span> <span class='ocrx_word' id='word_1_1170' title='bbox 1478 2982 1551 3004; x_wconf 68' lang='lat' dir='ltr'>aliam</span> <span class='ocrx_word' id='word_1_1171' title='bbox 1569 2984 1648 3006; x_wconf 76' lang='lat' dir='ltr'>vitam</span> <span class='ocrx_word' id='word_1_1172' title='bbox 1666 2981 1765 3015; x_wconf 66' lang='lat' dir='ltr'>defert]</span> <span class='ocrx_word' id='word_1_1173' title='bbox 1788 2982 1818 3009; x_wconf 84' lang='lat' dir='ltr'>In</span> <span class='ocrx_word' id='word_1_1174' title='bbox 1830 2980 1964 3008; x_wconf 81' lang='lat' dir='ltr'>codicibus</span> <span class='ocrx_word' id='word_1_1175' title='bbox 1975 2982 2144 3008; x_wconf 80' lang='lat' dir='ltr'>Terentianis</span> 
     </span>
    </p>
   </div>
   <div class='ocr_carea' id='block_1_15' title="bbox 1189 3014 2147 3054">
    <p class='ocr_par' dir='ltr' id='par_1_19' title="bbox 1189 3014 2147 3054">
     <span class='ocr_line' id='line_1_141' title="bbox 1189 3014 2147 3054; baseline 0.006 -15"><span class='ocrx_word' id='word_1_1176' title='bbox 1189 3014 1288 3048; x_wconf 83' lang='lat' dir='ltr'>legitur</span> <span class='ocrx_word' id='word_1_1177' title='bbox 1301 3034 1307 3043; x_wconf 76' lang='lat'><em>‚</em></span> <span class='ocrx_word' id='word_1_1178' title='bbox 1321 3015 1399 3047; x_wconf 66' lang='lat' dir='ltr'>affert.</span> <span class='ocrx_word' id='word_1_1179' title='bbox 1421 3014 1491 3050; x_wconf 84' lang='lat' dir='ltr'>quod</span> <span class='ocrx_word' id='word_1_1180' title='bbox 1503 3016 1646 3051; x_wconf 84' lang='lat' dir='ltr'>sequuntur</span> <span class='ocrx_word' id='word_1_1181' title='bbox 1657 3017 1700 3043; x_wconf 84' lang='lat' dir='ltr'>hic</span> <span class='ocrx_word' id='word_1_1182' title='bbox 1717 3018 1762 3044; x_wconf 81' lang='lat' dir='ltr'>alii</span> <span class='ocrx_word' id='word_1_1183' title='bbox 1775 3037 1782 3050; x_wconf 93' lang='lat'>,</span> <span class='ocrx_word' id='word_1_1184' title='bbox 1796 3025 1853 3045; x_wconf 85' lang='lat' dir='ltr'>tum</span> <span class='ocrx_word' id='word_1_1185' title='bbox 1866 3019 2010 3044; x_wconf 85' lang='lat' dir='ltr'>Manutius.</span> <span class='ocrx_word' id='word_1_1186' title='bbox 2031 3017 2072 3044; x_wconf 77' lang='lat' dir='ltr'>sed</span> <span class='ocrx_word' id='word_1_1187' title='bbox 2085 3019 2147 3054; x_wconf 77' lang='lat' dir='ltr'>quia</span> 
     </span>
    </p>
   </div>
   <div class='ocr_carea' id='block_1_16' title="bbox 1168 3049 2144 3089">
    <p class='ocr_par' dir='ltr' id='par_1_20' title="bbox 1168 3049 2144 3089">
     <span class='ocr_line' id='line_1_142' title="bbox 1168 3049 2144 3089; baseline 0.004 -14"><span class='ocrx_word' id='word_1_1188' title='bbox 1168 3078 1169 3081; x_wconf 14' lang='grc' dir='ltr'><strong>Ἴ</strong></span> <span class='ocrx_word' id='word_1_1189' title='bbox 1188 3049 1254 3075; x_wconf 85' lang='lat' dir='ltr'>hanc</span> <span class='ocrx_word' id='word_1_1190' title='bbox 1266 3050 1406 3076; x_wconf 60' lang='lat' dir='ltr'>lefitionem</span> <span class='ocrx_word' id='word_1_1191' title='bbox 1419 3052 1504 3086; x_wconf 82' lang='lat' dir='ltr'>reperi</span> <span class='ocrx_word' id='word_1_1192' title='bbox 1515 3052 1540 3077; x_wconf 86' lang='lat' dir='ltr'>iu</span> <span class='ocrx_word' id='word_1_1193' title='bbox 1554 3053 1674 3079; x_wconf 80' lang='lat' dir='ltr'>Palatino</span> <span class='ocrx_word' id='word_1_1194' title='bbox 1684 3054 1771 3089; x_wconf 83' lang='lat' dir='ltr'>primo</span> <span class='ocrx_word' id='word_1_1195' title='bbox 1782 3073 1790 3086; x_wconf 91' lang='lat'><strong>‚</strong></span> <span class='ocrx_word' id='word_1_1196' title='bbox 1804 3053 1879 3080; x_wconf 84' lang='lat' dir='ltr'>sexto</span> <span class='ocrx_word' id='word_1_1197' title='bbox 1892 3073 1899 3085; x_wconf 85' lang='lat'><strong>‚</strong></span> <span class='ocrx_word' id='word_1_1198' title='bbox 1919 3055 2036 3080; x_wconf 67' lang='lat' dir='ltr'>Vaticani</span> <span class='ocrx_word' id='word_1_1199' title='bbox 2049 3064 2144 3081; x_wconf 71' lang='lat' dir='ltr'>excer-</span> 
     </span>
    </p>
   </div>
   <div class='ocr_carea' id='block_1_17' title="bbox 193 3077 2145 3125">
    <p class='ocr_par' dir='ltr' id='par_1_21' title="bbox 193 3077 2145 3125">
     <span class='ocr_line' id='line_1_143' title="bbox 193 3077 2145 3125; baseline 0.007 -23"><span class='ocrx_word' id='word_1_1200' title='bbox 193 3077 265 3112; x_wconf 86' lang='lat' dir='ltr'>quod</span> <span class='ocrx_word' id='word_1_1201' title='bbox 278 3085 363 3104; x_wconf 84' lang='lat' dir='ltr'>tamen</span> <span class='ocrx_word' id='word_1_1202' title='bbox 382 3077 455 3103; x_wconf 80' lang='lat' dir='ltr'>illius</span> <span class='ocrx_word' id='word_1_1203' title='bbox 474 3081 669 3106; x_wconf 72' lang='lat' dir='ltr'>commentariis</span> <span class='ocrx_word' id='word_1_1204' title='bbox 690 3090 740 3106; x_wconf 87' lang='lat' dir='ltr'>uon</span> <span class='ocrx_word' id='word_1_1205' title='bbox 761 3081 878 3120; x_wconf 74' lang='lat' dir='ltr'>invenie.</span> <span class='ocrx_word' id='word_1_1206' title='bbox 900 3082 958 3116; x_wconf 79' lang='lat' dir='ltr'>Ego</span> <span class='ocrx_word' id='word_1_1207' title='bbox 969 3080 1040 3117; x_wconf 83' lang='lat' dir='ltr'>quod</span> <span class='ocrx_word' id='word_1_1208' title='bbox 1061 3081 1143 3107; x_wconf 54' lang='lat' dir='ltr'>vili-lm</span> <span class='ocrx_word' id='word_1_1209' title='bbox 1167 3100 1168 3107; x_wconf 38' lang='grc' dir='ltr'><strong>κ</strong></span> <span class='ocrx_word' id='word_1_1210' title='bbox 1188 3086 1239 3121; x_wconf 83' lang='lat' dir='ltr'>ptis</span> <span class='ocrx_word' id='word_1_1211' title='bbox 1253 3105 1260 3116; x_wconf 80' lang='lat'>‚</span> <span class='ocrx_word' id='word_1_1212' title='bbox 1280 3086 1465 3113; x_wconf 71' lang='lat' dir='ltr'>Stewcclriauo</span> <span class='ocrx_word' id='word_1_1213' title='bbox 1478 3107 1485 3117; x_wconf 80' lang='grc'><em>,</em></span> <span class='ocrx_word' id='word_1_1214' title='bbox 1505 3087 1651 3115; x_wconf 73' lang='lat' dir='ltr'>editionum</span> <span class='ocrx_word' id='word_1_1215' title='bbox 1665 3090 1809 3125; x_wconf 73' lang='lat' dir='ltr'>primaria,</span> <span class='ocrx_word' id='word_1_1216' title='bbox 1830 3092 1978 3125; x_wconf 80' lang='lat' dir='ltr'>retinetque</span> <span class='ocrx_word' id='word_1_1217' title='bbox 1998 3089 2145 3121; x_wconf 58' lang='lat' dir='ltr'>imerius,</span> 
     </span>
    </p>
   </div>
   <div class='ocr_carea' id='block_1_18' title="bbox 192 3112 1144 3190">
    <p class='ocr_par' dir='ltr' id='par_1_22' title="bbox 192 3112 1144 3190">
     <span class='ocr_line' id='line_1_144' title="bbox 192 3112 865 3152; baseline 0.004 -13"><span class='ocrx_word' id='word_1_1218' title='bbox 192 3121 249 3140; x_wconf 82' lang='lat' dir='ltr'>erat</span> <span class='ocrx_word' id='word_1_1219' title='bbox 261 3112 391 3139; x_wconf 79' lang='lat' dir='ltr'>veteribus</span> <span class='ocrx_word' id='word_1_1220' title='bbox 402 3113 697 3150; x_wconf 37' lang='lat' dir='ltr'>codicibuskexturbarc</span> <span class='ocrx_word' id='word_1_1221' title='bbox 708 3124 865 3152; x_wconf 58' lang='lat' dir='ltr'>temperati,</span> 
     </span>
     <span class='ocr_line' id='line_1_145' title="bbox 230 3153 1144 3190; baseline 0.004 -12"><span class='ocrx_word' id='word_1_1222' title='bbox 230 3162 255 3188; x_wconf 85' lang='lat'>3.</span> <span class='ocrx_word' id='word_1_1223' title='bbox 274 3153 328 3180; x_wconf 57' lang='lat' dir='ltr'>(Ad</span> <span class='ocrx_word' id='word_1_1224' title='bbox 336 3154 434 3178; x_wconf 76' lang='lat' dir='ltr'>tribules</span> <span class='ocrx_word' id='word_1_1225' title='bbox 444 3159 494 3179; x_wconf 80' lang='lat' dir='ltr'>tuns</span> <span class='ocrx_word' id='word_1_1226' title='bbox 502 3157 595 3187; x_wconf 79' lang='lat' dir='ltr'>Regium</span> <span class='ocrx_word' id='word_1_1227' title='bbox 605 3156 710 3189; x_wconf 64' lang='lat' dir='ltr'>retulit]</span> <span class='ocrx_word' id='word_1_1228' title='bbox 732 3155 929 3182; x_wconf 69' lang='lat' dir='ltr'>steweclianus</span> <span class='ocrx_word' id='word_1_1229' title='bbox 943 3175 950 3186; x_wconf 87' lang='lat'>‚</span> <span class='ocrx_word' id='word_1_1230' title='bbox 962 3158 1125 3190; x_wconf 66' lang='lat' dir='ltr'>rrIbullossrws</span> <span class='ocrx_word' id='word_1_1231' title='bbox 1137 3167 1144 3187; x_wconf 88' lang='lat'>;</span> 
     </span>
    </p>
   </div>
   <div class='ocr_carea' id='block_1_19' title="bbox 191 3176 1168 3227">
    <p class='ocr_par' dir='ltr' id='par_1_23' title="bbox 191 3176 1168 3227">
     <span class='ocr_line' id='line_1_146' title="bbox 191 3176 1168 3227; baseline 0.005 -12"><span class='ocrx_word' id='word_1_1232' title='bbox 191 3187 263 3226; x_wconf 77' lang='lat' dir='ltr'>quod</span> <span class='ocrx_word' id='word_1_1233' title='bbox 274 3188 338 3225; x_wconf 84' lang='lat' dir='ltr'>quid</span> <span class='ocrx_word' id='word_1_1234' title='bbox 349 3188 379 3216; x_wconf 83' lang='lat' dir='ltr'>lit</span> <span class='ocrx_word' id='word_1_1235' title='bbox 389 3189 496 3224; x_wconf 81' lang='lat' dir='ltr'>ignoro.</span> <span class='ocrx_word' id='word_1_1236' title='bbox 517 3197 633 3217; x_wconf 77' lang='lat' dir='ltr'>ceterum</span> <span class='ocrx_word' id='word_1_1237' title='bbox 645 3199 692 3226; x_wconf 87' lang='lat' dir='ltr'>pro</span> <span class='ocrx_word' id='word_1_1238' title='bbox 702 3193 784 3218; x_wconf 73' lang='lat' dir='ltr'>retulit</span> <span class='ocrx_word' id='word_1_1239' title='bbox 793 3190 878 3220; x_wconf 77' lang='lat' dir='ltr'>infert</span> <span class='ocrx_word' id='word_1_1240' title='bbox 888 3192 1023 3221; x_wconf 74' lang='lat' dir='ltr'>Palatinus</span> <span class='ocrx_word' id='word_1_1241' title='bbox 1043 3191 1146 3227; x_wconf 72' lang='lat' dir='ltr'>sextus,</span> <span class='ocrx_word' id='word_1_1242' title='bbox 1165 3176 1168 3220; x_wconf 82' lang='lat' dir='ltr'>l</span> 
     </span>
    </p>
   </div>
   <div class='ocr_carea' id='block_1_20' title="bbox 1166 3119 2144 3199">
    <p class='ocr_par' dir='ltr' id='par_1_24' title="bbox 1166 3119 2144 3199">
     <span class='ocr_line' id='line_1_147' title="bbox 1166 3119 2144 3165; baseline 0.003 -18"><span class='ocrx_word' id='word_1_1243' title='bbox 1166 3119 1169 3165; x_wconf 54' lang='lat' dir='ltr'>l</span> <span class='ocrx_word' id='word_1_1244' title='bbox 1190 3131 1240 3148; x_wconf 88' lang='lat' dir='ltr'>non</span> <span class='ocrx_word' id='word_1_1245' title='bbox 1252 3120 1425 3149; x_wconf 80' lang='lat' dir='ltr'>dubitandum</span> <span class='ocrx_word' id='word_1_1246' title='bbox 1437 3124 1549 3159; x_wconf 81' lang='lat' dir='ltr'>amplius</span> <span class='ocrx_word' id='word_1_1247' title='bbox 1560 3124 1613 3150; x_wconf 79' lang='lat' dir='ltr'>fuit</span> <span class='ocrx_word' id='word_1_1248' title='bbox 1624 3145 1631 3156; x_wconf 87' lang='lat'><strong>‚</strong></span> <span class='ocrx_word' id='word_1_1249' title='bbox 1658 3125 1720 3161; x_wconf 89' lang='lat' dir='ltr'>quin</span> <span class='ocrx_word' id='word_1_1250' title='bbox 1733 3126 1830 3152; x_wconf 80' lang='lat' dir='ltr'>Cicero</span> <span class='ocrx_word' id='word_1_1251' title='bbox 1840 3126 1877 3152; x_wconf 81' lang='lat' dir='ltr'>ita</span> <span class='ocrx_word' id='word_1_1252' title='bbox 1888 3125 2021 3162; x_wconf 64' lang='lat' dir='ltr'>scripxnstt</span> <span class='ocrx_word' id='word_1_1253' title='bbox 2034 3145 2041 3156; x_wconf 84' lang='lat'>,</span> <span class='ocrx_word' id='word_1_1254' title='bbox 2060 3127 2085 3151; x_wconf 60' lang='grc' dir='ltr'>ἔκ·</span> <span class='ocrx_word' id='word_1_1255' title='bbox 2100 3124 2144 3150; x_wconf 83' lang='lat' dir='ltr'>suo</span> 
     </span>
     <span class='ocr_line' id='line_1_148' title="bbox 1187 3157 2144 3199; baseline 0.004 -17"><span class='ocrx_word' id='word_1_1256' title='bbox 1187 3157 1315 3184; x_wconf 74' lang='lat' dir='ltr'>arbitr-utu</span> <span class='ocrx_word' id='word_1_1257' title='bbox 1336 3168 1367 3185; x_wconf 79' lang='lat' dir='ltr'>ex</span> <span class='ocrx_word' id='word_1_1258' title='bbox 1381 3161 1508 3186; x_wconf 76' lang='lat' dir='ltr'>memoria</span> <span class='ocrx_word' id='word_1_1259' title='bbox 1519 3160 1655 3187; x_wconf 73' lang='lat' dir='ltr'>laudasset.</span> <span class='ocrx_word' id='word_1_1260' title='bbox 1677 3161 1865 3199; x_wconf 79' lang='lat' dir='ltr'>Hittorpianus</span> <span class='ocrx_word' id='word_1_1261' title='bbox 1885 3162 2144 3197; x_wconf 72' lang='lat' dir='ltr'>nonlo:1gequoque</span> 
     </span>
    </p>
   </div>
   <div class='ocr_carea' id='block_1_21' title="bbox 1187 3193 1540 3231">
    <p class='ocr_par' dir='ltr' id='par_1_25' title="bbox 1187 3193 1540 3231">
     <span class='ocr_line' id='line_1_149' title="bbox 1187 3193 1540 3231; baseline 0 -9"><span class='ocrx_word' id='word_1_1262' title='bbox 1187 3193 1254 3227; x_wconf 80' lang='lat' dir='ltr'>abit,</span> <span class='ocrx_word' id='word_1_1263' title='bbox 1265 3195 1331 3231; x_wconf 79' lang='lat' dir='ltr'>legit</span> <span class='ocrx_word' id='word_1_1264' title='bbox 1341 3195 1432 3228; x_wconf 76' lang='lat' dir='ltr'>euim5</span> <span class='ocrx_word' id='word_1_1265' title='bbox 1453 3195 1540 3230; x_wconf 68' lang='lat' dir='ltr'>dtffirt.</span> 
     </span>
    </p>
   </div>
   <div class='ocr_carea' id='block_1_22' title="bbox 1538 3233 2147 3270">
    <p class='ocr_par' dir='ltr' id='par_1_26' title="bbox 1538 3233 2147 3270">
     <span class='ocr_line' id='line_1_150' title="bbox 1538 3233 2147 3270; baseline -0.007 -8"><span class='ocrx_word' id='word_1_1266' title='bbox 1538 3233 1693 3270; x_wconf 71' lang='lat' dir='ltr'>Aaaaa3</span> <span class='ocrx_word' id='word_1_1267' title='bbox 2055 3235 2147 3268; x_wconf 53' lang='lat' dir='ltr'>rme</span> 
     </span>
    </p>
   </div>
   <div class='ocr_carea' id='block_1_23' title="bbox 2171 2500 2216 2536">
    <p class='ocr_par' dir='ltr' id='par_1_27' title="bbox 2171 2500 2216 2536">
     <span class='ocr_line' id='line_1_151' title="bbox 2171 2500 2216 2536; baseline 0 0"><span class='ocrx_word' id='word_1_1268' title='bbox 2171 2500 2216 2536; x_wconf 86' lang='lat'>27</span> 
     </span>
    </p>
   </div>
  </div>
 </body>
</html>
