2301 3395
205 144 287 211 46
679 135 761 190 ht
841 131 1176 187 Twsnt11

213 226 293 263 san.
304 237 380 275 quae
391 223 475 261 cum
488 223 630 262 audisset
644 250 652 265 ,
667 223 736 259 fine
750 223 818 259 ulla
831 221 1049 257 dubitatione
1061 219 1184 268 abjecit

214 275 401 312 confilium
414 274 651 323 profeflionis.
677 273 791 321 itaque
805 270 960 306 celeriter
974 269 1109 305 Veliam
1122 269 1181 305 de-

216 325 337 362 vetius
351 349 360 364 ,
383 324 551 360 convenit
565 325 710 358 Brutum
727 348 735 361 ,
760 321 818 368 qui
839 318 965 354 cedens
980 319 1075 354 Italia
1098 331 1178 354 cum

216 374 284 410 suis
300 374 446 410 navibus
462 384 535 408 erat
555 371 643 419 apud
657 370 815 406 Haletem
832 367 984 404 fluvium
1007 369 1098 404 circa
1109 368 1180 403 Ve-

214 423 296 459 liam
310 449 319 464 ,
345 422 533 470 Philippica
545 422 676 469 prima,
701 421 734 454 ὃς
748 417 841 466 epist·
859 430 886 462 7.
901 417 961 453 lib.
980 420 1030 452 16.
1056 415 1097 451 ad
1112 419 1180 453 Att.

216 473 303 508 Inde
326 471 441 508 ventis
465 470 632 517 remisque
647 468 682 502 in
698 468 840 513 patriam
853 466 950 502 omni
964 465 1181 501 festinatione

213 521 431 568 properavit,
456 519 550 568 epist.
568 530 620 559 25-
646 516 703 553 lib.
726 529 774 552 12.
791 515 908 551 Faniil.
934 514 1122 551 Accedenti
1139 515 1179 549 ad
1207 553 1212 556 ‚

213 571 338 606 urbem
352 580 446 606 tanta
462 566 653 604 multitudo
665 590 675 604 ,
688 576 728 601 ut
741 565 942 601 Plutarchus
955 564 1069 599 scribit
1083 589 1091 604 ,
1113 563 1178 598 ob-

213 620 308 655 viarn
322 617 482 667 processit
494 643 502 657 ‚
515 627 554 651 ut
566 616 651 651 dum
666 615 705 650 ad
719 625 833 663 portas
848 613 1101 662 ingredientem
1116 625 1177 649 ex-

212 668 348 717 cipiunt
357 693 366 706 ,
391 665 649 714 adventumque
660 663 879 712 gratulantur
891 687 901 701 ‚
925 663 996 698 dies
1009 662 1078 698 fere
1090 673 1178 696 con-

212 717 344 753 sumtus
356 715 471 752 fuerit.
493 714 644 750 Videtur
655 725 767 749 autem
784 711 1002 748 verisimilius
1014 723 1097 746 eum
1110 711 1178 758 pri-

212 766 268 802 die
280 764 427 801 Kalend.
440 763 612 812 Septemb.
625 765 777 797 Romam
791 761 976 800 revertisse,
991 759 1086 808 quod
1097 760 1178 794 Plu-

207 815 319 850 tarchi
343 813 492 850 narratio
516 811 667 848 ostendit
680 835 688 849 ‚
713 812 819 858 quain
834 809 1000 845 Kalendis
1014 833 1024 847 ‚
1050 819 1088 844 ut
1111 809 1179 856 ipse

209 862 403 911 significare
425 862 565 898 videtur
578 860 672 909 epist.
689 872 742 901 25-
756 860 814 894 lib-
836 871 885 894 12.
900 858 1016 894 Famil.
1046 857 1178 894 Kalen-

210 913 262 948 dis
276 911 449 961 Septemb.
463 913 637 947 Antonius
653 909 807 944 senatum
821 907 941 943 habuit
953 907 996 942 de
1008 907 1178 955 supplica-

208 962 364 997 tionibus
380 960 504 996 Caesari
516 958 739 995 decernendis
752 982 761 995 ,
780 960 814 993 8ῑ
827 957 1039 992 Ciceronem
1052 958 1087 991 in
1101 957 1177 991 Cu-

207 1011 295 1047 riam
311 1010 461 1046 vocavit.
488 1009 547 1058 qui
568 1021 652 1044 cum
673 1007 691 1041 e
707 1007 760 1042 via
775 1006 954 1053 langueret
967 1032 976 1047 ‚
995 1007 1030 1041 δε
1043 1004 1178 1041 sibimet

207 1059 400 1106 displiceret
413 1085 422 1100 ,
448 1058 539 1095 milit
559 1071 621 1105 pro
642 1056 794 1092 amicitia
812 1055 873 1103 qui
897 1056 964 1090 hoc
985 1055 1015 1089 ei
1037 1054 1176 1093 diceret,

209 1109 356 1157 Philipp.
377 1121 403 1144 i.
426 1110 461 1144 &
474 1120 503 1149 ς.
542 1106 743 1142 Plutarchus
767 1104 814 1139 ait
826 1130 835 1144 ‚
864 1104 1075 1140 Ciceronem
1102 1104 1177 1139 lan-

208 1158 329 1205 guoris
350 1157 484 1193 caulam
496 1155 687 1204 opposuiil'e
701 1179 710 1192 ‚
732 1154 815 1189 cum
828 1165 863 1188 re
875 1153 1009 1188 insidias
1022 1163 1178 1199 metuere

208 1219 251 1242 ex
264 1206 412 1256 quadam
426 1205 614 1254 suspicione
626 1229 635 1242 ,
649 1203 826 1240 &indicio
841 1226 850 1240 ,
872 1201 967 1251 quod
980 1202 1071 1237 inter
1084 1201 1176 1237 viam

208 1257 240 1292 ei
253 1255 386 1292 fastum
398 1265 469 1291 erat
479 1281 487 1295 ‚
504 1255 690 1291 videi-etur.
712 1251 885 1288 Antonius
898 1251 933 1286 id
948 1263 1037 1298 aegre
1052 1250 1175 1289 ferens,

206 1304 329 1353 palam·
345 1305 382 1339 in
403 1304 519 1340 senatu
535 1329 542 1343 ‚
568 1303 630 1338 nisi
643 1302 779 1337 veniret
793 1326 801 1341 ,
824 1300 937 1336 fabros
951 1300 980 1335 se
993 1299 1176 1335 missurum

208 1353 403 1390 &domum
425 1352 498 1400 ejus
522 1351 796 1387 disturbaturum
807 1349 896 1386 dixit
913 1349 1032 1397 Philip.
1054 1362 1081 1384 i.
1098 1351 1132 1385 ὃς
1145 1361 1176 1392 5.

206 1403 412 1439 Plutarchus
425 1401 539 1438 scribit
552 1427 561 1442 ‚
575 1400 772 1436 Antonium
785 1399 909 1434 milites
921 1398 1046 1434 misisse
1060 1425 1068 1439 ‚
1088 1411 1175 1446 quos

208 1451 420 1487 Ciceronem
445 1450 616 1487 adducere
640 1449 696 1485 vel
719 1449 868 1484 domuin
894 1447 966 1496 ejus
991 1447 1177 1483 incendere

201 1500 340 1550 jusserit
354 1514 362 1536 ι
376 1499 430 1536 sed
441 1524 450 1538 ‚
465 1512 549 1536 cum
563 1499 665 1535 multi
678 1497 932 1534 intercederent
944 1523 953 1537 ‚
967 1499 1001 1533 ὃς
1013 1496 1175 1544 depreca-

206 1560 352 1590 rentur,
377 1549 583 1597 pignoribus
607 1548 712 1594 captis
728 1546 901 1595 quievisse.
929 1547 1037 1582 Venit
1050 1545 1174 1594 postri-

206 1598 264 1634 die
286 1598 322 1634 in
345 1598 502 1634 senatum
514 1598 641 1634 Cicero
654 1623 664 1638 ,
688 1600 771 1632 cum
785 1595 960 1632 Antonius
973 1608 1047 1631 non
1061 1594 1173 1631 venis—

207 1646 280 1692 set,
305 1648 538 1695 locutumque
560 1647 592 1683 se
614 1646 656 1682 de
677 1658 745 1693 rep·
759 1645 876 1681 minus
889 1644 1031 1693 quidem
1055 1644 1173 1683 libere,

204 1707 313 1746 quarn
325 1696 382 1732 sua
395 1695 610 1732 consuetudo
623 1713 633 1739 3
653 1694 794 1730 liberius
805 1705 922 1730 tamen
937 1718 947 1732 ‚
967 1706 1072 1743 quam
1086 1693 1175 1742 peri-

204 1745 285 1782 cula
297 1745 473 1794 minaeque
488 1745 702 1793 postulabant
713 1768 723 1782 ‚
735 1743 780 1779 ait
791 1742 981 1792 Philippica
993 1755 1024 1785 5.
1048 1743 1089 1779 ad
1106 1750 1176 1779 Att.

206 1794 304 1844 epist·
319 1806 375 1835 25.
389 1794 446 1841 lib.
467 1807 518 1830 12..
534 1793 651 1829 Famil.
667 1792 780 1829 scribit
792 1816 801 1830 ,
816 1793 847 1828 se
859 1792 1019 1841 postridie
1031 1791 1066 1827 in
1080 1793 1174 1828 ssim-

206 1857 264 1880 ma
298 1843 517 1892 reliquorum
547 1843 710 1878 servitute
732 1841 883 1877 liberum
917 1854 1030 1877 unum
1064 1840 1175 1877 fuisse.

204 1893 338 1929 Habuit
351 1904 428 1928 tum
449 1893 485 1928 in
497 1892 613 1928 senatu
626 1892 774 1940 primam
798 1890 994 1926 orationem
1008 1890 1174 1939 Philippi-

205 1954 285 1978 cam
298 1967 308 1984 ‚
334 1941 370 1977 in
383 1955 451 1990 qua
472 1941 627 1989 primum
645 1940 764 1976 itionis
778 1941 811 1975 &
823 1939 1003 1975 reditionis
1016 1939 1082 1974 suae
1095 1952 1176 1975 cau—

205 1991 278 2027 sam
290 1990 454 2038 exponit:
473 1990 599 2026 deinde
611 1989 653 2025 de
665 1988 811 2025 Antonii
825 1988 952 2036 injuria
964 2014 973 2029 ‚
989 1990 1024 2024 &
1037 1988 1176 2024 Caesaris

204 2039 289 2076 aeris
311 2039 459 2087 disputat
480 2065 490 2080 ,
523 2038 565 2074 ad
586 2049 785 2074 extremum
799 2037 997 2073 Antonium
1021 2039 1056 2073 ὃς
1069 2037 1175 2073 Dola-

205 2088 335 2124 bellam
361 2100 481 2123 coss.
503 2087 545 2122 ad
567 2099 675 2133 remp·
702 2086 882 2121 moderate
905 2086 1093 2132 regendam
1115 2099 1176 2121 co-

206 2137 379 2172 hortatur.
412 2137 509 2171 Tum
525 2135 698 2170 Antonius
711 2134 760 2168 ira
773 2133 930 2168 incensus
944 2158 953 2172 ‚
974 2131 1174 2167 inimicitias

206 2185 373 2220 Ciceroni
386 2183 605 2219 denuntiavit
620 2208 628 2222 ‚
654 2192 757 2229 atque
768 2180 877 2216 adeffe
892 2181 927 2215 in
948 2180 1064 2216 senatu
1076 2179 1174 2226 jussit

209 2246 297 2270 xiii.
312 2234 388 2269 Kal.
403 2233 533 2270 Ostob.
547 2231 614 2279 ipse
635 2231 766 2266 interea
786 2228 1018 2278 septendecim
1040 2228 1110 2264 dies
1133 2228 1176 2263 de

208 2283 382 2318 Cicerone
406 2282 443 2317 in
469 2280 660 2316 Tiburtino
685 2278 856 2327 Scipionis
880 2276 1085 2313 declamavit
1105 2301 1114 2314 ‚
1140 2280 1173 2313 &

210 2343 292 2368 xlii.
303 2330 449 2367 Kalend.
461 2330 599 2377 agmine
614 2328 780 2376 quadrato
794 2327 827 2362 in
842 2326 951 2362 aedem
964 2325 1173 2361 Concordiae

209 2381 306 2416 venit
319 2404 327 2418 ‚
348 2391 451 2427 atque
465 2380 498 2414 in
512 2379 722 2414 Ciceronem
735 2377 907 2412 absentem
920 2374 1117 2410 orationem
1130 2387 1172 2411 ex

209 2442 273 2465 ore
284 2428 517 2477 impurissimo
538 2427 696 2463 evomuit
710 2451 719 2466 ,
740 2423 971 2473 omnibusque
994 2424 1086 2459 visus
1109 2423 1175 2459 fuit

208 2478 269 2514 suo
284 2490 383 2513 more
395 2488 538 2513 vomere
548 2502 557 2517 ,
571 2488 643 2511 non
655 2475 780 2511 dicere.
803 2473 966 2509 Ciceroni
980 2484 1097 2508 autem
1111 2485 1172 2508 cu-

209 2526 319 2575 pienti
332 2526 368 2561 in
380 2526 534 2562 senatum
549 2525 667 2560 venire
679 2537 739 2572 per
751 2523 879 2559 amicos
892 2548 901 2562 ‚
913 2535 985 2558 non
998 2521 1108 2557 licuit.
1133 2534 1173 2557 eo

209 2575 306 2623 quod
322 2574 496 2610 Antonius
508 2574 527 2609 a
540 2574 712 2609 Cicerone
725 2572 828 2608 caedis
840 2570 981 2607 initium
995 2580 1174 2619 quaereret,

210 2623 430 2671 §afilurusque
452 2632 630 2670 putaretur
643 2649 651 2663 ,
678 2622 799 2670 Philip.
817 2634 844 2666 3.
858 2623 892 2657 ὃς
906 2632 936 2663 5·
961 2621 996 2656 δί
1008 2618 1103 2668 epist.
1120 2631 1174 2661 25.

211 2673 269 2709 hb.
288 2685 328 2708 12
343 2671 461 2708 Famil.
484 2671 639 2706 Antonio
653 2673 702 2706 M,
716 2670 855 2706 Tullius
869 2669 1044 2717 respondit
1057 2669 1176 2716 scripta

212 2721 371 2757 nobili&
383 2720 501 2755 divina
516 2746 524 2761 ‚
543 2720 765 2768 utJuven-alis
779 2719 824 2755 ait
835 2745 843 2760 ,
857 2717 1045 2767 Philippica
1056 2717 1175 2753 secun-

209 2770 255 2805 da
267 2796 275 2809 ,
297 2770 335 2805 in
352 2782 419 2817 qua
431 2769 585 2816 primum
596 2769 743 2804 crimina
757 2767 815 2804 sibi
830 2766 964 2815 obje&a
976 2766 1101 2802 refutat
1114 2792 1123 2808 ,
1141 2768 1173 2803 δί

211 2818 337 2854 deinde
349 2829 460 2854 totam
473 2816 620 2853 Antonii
642 2818 748 2853 vitam
764 2817 782 2852 a
796 2816 940 2863 pueritia
960 2815 1098 2853 exorsus
1116 2828 1171 2851 re-

210 2866 402 2914 prehendit.
431 2869 506 2902 Nec
531 2878 655 2901 verum
682 2865 729 2901 est
753 2889 762 2903 ‚
789 2865 884 2914 quod
911 2865 1110 2913 interpretes
1132 2863 1173 2900 ad

211 2928 324 2952 unum
347 2928 470 2950 omnes
492 2926 679 2962 putarunt,
706 2914 919 2950 Ciceronem
933 2913 1027 2949 illam
1042 2912 1170 2949 oratio-

212 2977 294 3000 nem
316 2965 351 2999 in
365 2964 481 3000 senatu
501 2964 661 3011 praesente
674 2963 830 2999 Antonio
850 2963 1022 3005 habuisse,
1046 2962 1101 2998 sed
1127 2962 1172 2997 ita

213 3014 340 3049 Cicero
355 3008 427 3048 eam
442 3011 569 3058 scripsit
583 3036 591 3050 ‚
611 3011 702 3061 quasi
715 3011 749 3046 in
766 3012 964 3059 praesentem
977 3011 1171 3048 Antonium

186 3081 192 3086 -
214 3074 298 3102 xiii.
310 3061 386 3098 Kal.
400 3061 529 3096 ch'tob.
542 3061 655 3096 habita
667 3060 756 3096 effet.
782 3072 993 3108 argumento
1006 3061 1083 3097 sunt
1096 3072 1169 3096 ver-

211 3110 254 3145 ba
271 3110 351 3146 illa:
381 3113 512 3158 Qaero
531 3109 691 3158 deinceps
713 3121 799 3144 num
813 3109 1002 3145 hodiernus
1022 3109 1092 3145 dies
1112 3110 1170 3157 qui

211 3158 250 3196 sit
255 3185 273 3204 2
286 3160 425 3208 ignores
438 3172 446 3195 ,ς
469 3158 574 3201 nescis
589 3160 661 3196 heri
676 3169 841 3208 quartum
853 3159 889 3196 in
902 3160 997 3196 circo
1010 3158 1103 3199 diem
1114 3159 1170 3195 lu·
1187 3161 1194 3194 l

1256 130 1757 188 CicERonrs

1231 220 1359 257 dorum
1372 224 1618 259 Romanorum
1640 222 1764 260 fuiffe?
1788 230 1952 271 quartum
1974 221 2069 259 diem
2090 221 2193 259 ludo-

1231 283 1310 305 rum
1326 273 1433 308 Rom.
1455 272 1490 307 in
1514 274 1609 307 circo
1633 271 1732 307 fuiffe
1753 283 1832 307 xiv.
1848 271 1994 307 Kalend.
2008 272 2135 308 Osiob.
2150 285 2194 308 ex

1233 319 1438 356 Kalendario
1452 332 1566 357 vetere
1579 331 1706 356 notum
1718 321 1775 356 est.
1804 324 1826 354 Α
1836 321 1979 357 ntonius
1991 321 2115 357 deinde
2127 323 2172 356 ob
2182 343 2196 349 -

1231 370 1322 404 viam
1335 368 1510 417 profestus
1522 370 1570 405 est
1590 370 1786 417 legionibus
1808 379 1959 418 quatuor
1973 383 2049 418 quae
2064 369 2099 405 in
2115 373 2194 407 Ma-

1229 417 1410 453 cedoniam
1426 419 1444 454 a
1456 419 1587 455 Caesare
1600 419 1728 462 missae5
1750 418 1825 466 post
1841 419 1913 465 ejus
1928 419 2058 454 caedem
2073 419 2108 454 in
2125 422 2194 455 Ita-

1229 466 1310 501 liam
1325 479 1544 503 reverterunt
1555 494 1563 508 ‚
1578 478 1616 503 ut
1629 480 1682 503 eas
1694 467 1842 516 pecunia
1855 466 1913 503 sibi
1927 467 2129 504 conciliaret
2139 494 2148 509 ,
2161 471 2197 505 ὃς

1229 515 1269 551 ad
1284 516 1406 552 urbem
1420 517 1475 552 vel
1490 518 1604 565 potius
1619 518 1653 551 in
1672 516 1796 552 urbem
1809 515 1994 552 adduceret
2010 530 2017 551 :
2043 516 2195 553 Brundi-

1227 563 1385 613 siumque
1398 566 1493 602 venit
1507 578 1574 602 vii.
1589 565 1669 601 Idus
1685 565 2109 613 O&ob.epist.23.lib.12.
2134 568 2195 602 Fa-

1229 613 1302 649 mil.
1325 617 1359 650 ἃ
1385 615 1496 663 Philip
1510 627 1552 657 .5.
1590 614 1750 650 Profesto
1777 614 1934 649 Antonio
1947 640 1956 655 ‚
1981 615 2197 651 Oetam-anus

1227 663 1316 710 prim
1324 676 1381 699 um
1396 663 1413 698 a
1426 664 1555 700 Calatia
1569 688 1578 702 ‚
1590 676 1676 700 mox
1691 663 1710 699 a
1721 662 1873 698 Casilino
1889 674 2069 699 veteranos
2082 676 2195 711 patera

1228 724 1291 747 nos
1305 712 1436 749 excivit
1451 727 1458 748 :
1485 726 1639 761 quorum
1662 713 1864 760 exemplum
1888 713 1993 747 secuti
2017 712 2072 747 alii
2096 713 2201 749 brevi.

1229 760 1265 795 in
1287 760 1437 797 formam
1457 762 1541 810 Justi
1565 763 1736 798 exercitus
1759 761 1873 796 coiere
1888 785 1896 798 2
1926 760 2078 809 Vellejus
2090 762 2149 796 lib.
2165 774 2196 799 z.

1229 809 1356 846 Cicero
1370 810 1498 857 epist.8.
1513 811 1570 846 lib.
1589 814 1640 845 16.
1654 810 1696 846 ad
1710 811 1815 846 Attic.
1843 810 1938 845 Cum
1951 821 2069 846 autem
2084 813 2196 846 Anto—

1229 858 1307 894 nius
1319 859 1490 895 Brundisii
1504 860 1673 896 militibus
1687 870 1847 895 centenas
1857 859 2035 895 drachmas
2048 860 2196 907 promit-

1228 918 1338 946 teret,
1360 908 1550 944 fortiffimae
1574 909 1727 956 legiones
1750 908 1823 956 ejus
1845 908 2016 955 promissis
2031 909 2197 945 reclama-

1229 968 1333 998 runt,
1359 958 1626 1006 &congiarium
1642 959 1710 993 hoc
1730 958 1882 1004 accipere
1903 958 2104 993 noluerunt.
2130 958 2196 994 ita-

1227 1019 1296 1054 que
1307 1008 1531 1043 centuriones
1543 1007 1692 1043 domum
1707 1007 1748 1042 ad
1763 1007 1796 1043 se
1809 1006 2034 1055 venii-ejus&
2046 1033 2055 1048 ,
2070 1007 2196 1054 eosque

1201 1063 1202 1077 ³
1227 1067 1304 1091 ante
1318 1056 1418 1103 pedes
1431 1056 1507 1092 suos
1518 1081 1527 1096 ,
1538 1056 1726 1103 uxorisque
1740 1055 1967 1103 suaejugulari
1981 1056 2096 1103 coegit
2108 1082 2116 1096 ‚
2132 1057 2195 1091 Ci-

1226 1117 1307 1140 cero
1321 1106 1533 1154 Philipp.3.5.
1546 1108 1579 1143 ὃς
1598 1118 1650 1150 13.
1667 1108 1701 1142 ὃς
1713 1104 1842 1154 epistt.
1853 1105 1975 1141 iib.i6.
1987 1105 2028 1140 :id
2046 1111 2114 1140 Att.
2127 1104 2195 1140 Dio

1226 1153 1347 1197 lib.45.
1361 1155 1537 1202 Appianus
1553 1167 1580 1199 3.
1602 1155 1729 1190 Cicero
1741 1165 1819 1190 tum
1833 1153 2060 1189 rusticabatur
2070 1178 2079 1192 ‚
2092 1164 2195 1202 atque

1226 1202 1332 1238 libi-os
1342 1203 1385 1238 de
1397 1202 1519 1238 officiis
1533 1202 1728 1251 perficiebat
1740 1227 1750 1241 ,
1769 1214 1808 1239 ut
1821 1203 2043 1250 cognoscitur
2055 1202 2148 1250 epist.
2163 1207 2194 1239 8.

1226 1252 1490 1301 &sequentibus
1512 1253 1570 1288 lib·
1588 1255 1641 1288 16.
1663 1252 1705 1288 ad
1718 1254 1788 1288 Att.
1812 1254 1901 1288 Sunt
1919 1252 2022 1288 etiam
2036 1277 2046 1292 ,
2069 1251 2129 1300 qui
2151 1264 2193 1287 eo

1225 1311 1382 1346 tempore
1404 1301 1575 1350 paradoxa
1596 1301 1717 1349 scripta
1738 1300 1837 1337 fuiffe
1857 1300 2076 1338 existiment,
2097 1300 2195 1349 quod

1224 1350 1375 1386 secundo
1393 1350 1573 1399 parodoxo
1596 1351 1633 1386 in
1646 1350 1843 1386 Antonium
1867 1350 1987 1385 invehi
2014 1349 2191 1386 videatur:

1224 1400 1384 1448 quamvis
1407 1400 1442 1435 in
1464 1400 1638 1449 prooemio
1652 1399 1695 1435 de
1708 1400 1843 1436 Catone
1860 1398 1954 1447 quafi
1974 1398 2057 1435 vivo
2070 1399 2192 1447 loqua-

1223 1460 1292 1485 tur.
1323 1452 1524 1488 Antonius,
1549 1449 1632 1485 cum
1655 1447 1831 1489 edixisset,
1855 1458 1894 1484 ut
1914 1447 2038 1483 adesset
2057 1448 2191 1483 senatus

1223 1497 1385 1546 frequens
1402 1511 1431 1534 a·
1444 1498 1476 1534 d.
1497 1510 1577 1534 viii.
1591 1497 1736 1535 Kalend.
1749 1497 1915 1533 Decemb.
1927 1509 2079 1545 eumque
2098 1496 2192 1533 diem

1224 1547 1324 1583 obire
1346 1547 1552 1596 neglexisset
1565 1574 1573 1587 ‚
1595 1548 1632 1583 in
1652 1558 1731 1584 ante
1750 1546 1844 1582 diem
1864 1557 2029 1595 quartum
2045 1545 2193 1582 Kalend.

1222 1595 1365 1635 distulit,
1377 1596 1486 1633 adeffe
1497 1597 1533 1632 in
1547 1596 1721 1645 Capitolio
1729 1595 1918 1644 juffit,qu0
1930 1607 2013 1630 cum
2025 1595 2068 1630 de
2080 1595 2191 1642 legio-

1224 1658 1268 1681 ne
1282 1646 1406 1682 Martia
1418 1648 1451 1682 &
1463 1647 1599 1690 Quarta
1611 1671 1621 1684 ‚
1643 1658 1719 1695 quae
1740 1644 1862 1680 relicto
1877 1643 2034 1680 Antonio
2055 1643 2097 1679 ad
2109 1644 2190 1679 Cae-

1221 1694 1328 1731 sarem
1343 1694 1581 1730 Oaavianum
1604 1693 1807 1731 transierant
1820 1720 1828 1735 ,
1851 1693 1997 1729 nuntius
2010 1692 2093 1729 esset
2108 1693 2191 1729 alla-

1222 1755 1276 1780 tus
1291 1768 1301 1783 ‚
1323 1754 1441 1779 mente
1453 1743 1618 1779 concidit.
1647 1745 1682 1780 &
1695 1743 1875 1791 paludatus
1887 1743 1924 1778 in
1937 1741 2088 1778 Galliam
2101 1741 2190 1777 cite·-

1223 1793 1351 1829 riorem
1366 1817 1375 1831 ,
1388 1806 1493 1842 quam
1507 1792 1526 1828 a
1538 1793 1668 1841 populo
1682 1792 1892 1833 obtinuerat,
1905 1791 1987 1826 curn
1999 1803 2037 1826 ea
2045 1790 2188 1827 D-Bruti

1222 1842 1403 1890 provincia
1415 1842 1495 1878 effet
1509 1867 1518 1882 ‚
1541 1841 1748 1890 properavit.
1775 1842 1845 1876 Dio
1861 1866 1869 1880 ‚
1890 1840 2067 1888 Appianus
2079 1865 2089 1880 ,
2102 1839 2188 1875 Vel-

1222 1890 1306 1939 lejus
1320 1918 1329 1933 ,
1352 1891 1477 1927 Cicero
1497 1891 1564 1938 ipse
1577 1890 1766 1938 Philippica
1785 1889 1884 1925 tertia
1902 1892 1936 1925 &
1955 1888 1986 1924 se
2014 1888 2189 1927 uentibus,

1223 1940 1289 1976 Sed
1313 1940 1511 1976 Antonium
1532 1940 1658 1975 Brutus
1680 1938 1862 1987 provincia
1883 1903 2028 1974 exclulit
2048 1963 2058 1978 ,
2084 1948 2190 1986 atque

1221 1989 1375 2026 exercitu
1388 1988 1551 2024 obsistens
1564 1988 1719 2024 edi&um
1732 1987 1909 2035 proposuit
1922 2010 1931 2024 ‚
1953 1999 2024 2035 quo
2037 1986 2187 2033 promit-

1221 2039 1314 2074 tebat
1326 2065 1335 2080 ,
1362 2040 1393 2074 se
1408 2037 1626 2085 provinciam
1638 2036 1784 2071 Galliam
1799 2045 2017 2071 retenturum
2036 2036 2072 2068 in
2090 2035 2186 2070 sena-

1221 2098 1276 2121 tus
1289 2087 1478 2133 populique
1490 2088 1596 2119 Rom.
1608 2084 1771 2129 potestate
1783 2082 1905 2130 Philip.
1922 2094 1948 2126 3.
1974 2085 2091 2129 Qiare
2102 2095 2186 2118 cum

1222 2135 1347 2168 Cicero
1375 2145 1410 2167 v.
1423 2132 1504 2167 Idus
1518 2131 1681 2166 Decemb.
1695 2133 1849 2166 Romam
1864 2130 2006 2166 veniffet
2018 2157 2027 2170 ,
2051 2141 2090 2166 ut
2106 2132 2187 2167 scri-

1221 2181 1272 2216 bit
1292 2179 1385 2227 epist.
1401 2192 1432 2222 5..
1453 2180 1511 2214 lib.
1532 2191 1582 2215 11.
1606 2179 1724 2215 Famil.
1737 2179 1871 2215 tribuni
1884 2179 1972 2227 pleb.
1986 2179 2185 2221 edixerunt,

1220 2241 1259 2266 ut
1280 2231 1412 2265 senatus
1434 2227 1558 2264 adesset
1570 2228 1643 2264 a.d.
1664 2240 1742 2264 xiv.
1759 2228 1914 2277 Kal.Jan.
1936 2230 2106 2264 Statuerat
2120 2229 2184 2264 Ci-

1220 2291 1300 2314 cero
1312 2288 1392 2314 ante
1405 2277 1724 2325 KalendasJanuar.
1739 2276 1773 2312 in
1787 2278 1942 2313 senatum
1958 2290 2031 2313 non
2052 2278 2182 2314 venire:

1220 2327 1274 2362 sed
1295 2339 1377 2362 cum
1398 2338 1439 2361 eo
1461 2326 1516 2361 die
1535 2326 1604 2373 ipso
1625 2326 1780 2361 emitum
1796 2327 1946 2364 D.l3ruti
1964 2326 2183 2375 propositum

1220 2375 1302 2411 effet
1315 2402 1322 2415 ,
1348 2387 1450 2410 mane
1462 2375 1497 2410 in
1516 2375 1668 2410 senatum
1683 2375 1789 2411 venit.
1815 2375 1912 2422 quod
1924 2375 1982 2411 ubi
2005 2375 2053 2410 est
2072 2376 2185 2412 anim-

1219 2424 1420 2461 adversum,
1447 2423 1710 2472 frequentissimi
1734 2423 1903 2460 senatores
1927 2435 2184 2463 convenerunt,

1219 2473 1312 2521 epist.
1326 2476 1359 2507 6.
1375 2473 1433 2508 lib.
1453 2485 1504 2508 ii.
1530 2473 1646 2508 Famil.
1673 2473 1883 2509 Retulerunt
1893 2473 2026 2509 tribuni
2040 2473 2127 2522 pleb.
2140 2473 2183 2509 ad

1219 2523 1371 2558 senatum
1393 2521 1436 2556 de
1448 2520 1601 2568 praefidio
1615 2521 1800 2557 consulum
1813 2521 1879 2558 des.
1894 2521 2004 2558 Pansae
2017 2524 2050 2558 ὃς
2062 2522 2183 2561 Hirtii,

1220 2582 1259 2606 ut
1272 2573 1405 2606 {enatus
1419 2570 1581 2606 Kalendis
1589 2570 1740 2619 januarii
1755 2581 1832 2606 tuto
1846 2570 1973 2611 haberi,
1985 2570 2182 2609 sententiae-

1220 2632 1287 2667 que
1307 2620 1350 2654 de
1368 2619 1501 2655 summa
1521 2620 1639 2667 repub.
1652 2620 1758 2655 libere
1770 2619 1837 2656 dici
1848 2619 1992 2668 possent.
2020 2621 2115 2655 Tum
2129 2621 2181 2657 M.

1222 2668 1359 2704 Tullius
1372 2680 1510 2715 rogatus
1523 2669 1724 2705 sententiam
1737 2669 1878 2707 censuit,
1890 2679 1929 2704 ut
1941 2671 1975 2705 &
1985 2667 2182 2715 praefidium

1218 2717 1462 2753 decerneretur
1484 2743 1493 2757 ‚
1527 2719 1562 2753 δε
1583 2730 1659 2764 quae
1682 2718 1896 2754 ottavianus
1920 2718 2032 2753 Caesar
2053 2717 2183 2765 egisset,

1218 2766 1355 2815 publica
1366 2766 1568 2802 ausim-itate
1580 2765 1873 2803 confirmarentur
1885 2790 1894 2805 ‚
1908 2768 1943 2803 &
1955 2765 2080 2802 milites
2093 2790 2102 2804 ,
2120 2766 2182 2814 qui

1218 2815 1259 2851 ab
1273 2815 1428 2850 Antonio
1440 2814 1481 2850 ad
1494 2816 1660 2851 Caefiirem
1673 2814 1883 2853 transissent,
1904 2815 2054 2863 praemiis
2065 2814 2182 2851 affice-

1219 2875 1351 2907 rentur5
1363 2864 1447 2900 item
1461 2875 1499 2900 ut
1512 2866 1680 2900 D-Brutus
1694 2891 1703 2905 ,
1717 2864 1890 2912 ceterique
1902 2864 2095 2911 provincias
2108 2864 2180 2899 suas

1219 2912 1405 2948 retinerent
1420 2936 1428 2949 ‚
1454 2925 1565 2961 neque
1587 2913 1750 2962 cuiquam
1773 2913 1966 2950 traderent,
1989 2911 2052 2947 nisi
2064 2912 2122 2960 qui
2136 2924 2180 2949 ex

1220 2964 1252 2998 S.
1265 2962 1307 2996 C.
1324 2960 1534 2997 successisset.
1562 2975 1665 3009 quam
1680 2962 1880 3009 sententiam
1897 2962 2022 2996 Cicero
2036 2960 2179 3008 Philipp,

1217 3010 1316 3046 tertia
1328 3010 1532 3058 complexus
1545 3011 1592 3046 est
1604 3037 1613 3052 ,
1638 3011 1798 3059 &estoque
1810 3012 1844 3046 S.
1855 3011 1898 3046 C.
1910 3010 1946 3045 in
1959 3009 2030 3055 ejus
2041 3009 2179 3045 senten-

1219 3060 1324 3097 tiam,
1348 3058 1544 3107 progreffus
1567 3059 1601 3094 in
1626 3060 1834 3095 concionem
1858 3085 1868 3100 ,
1898 3058 1980 3108 quid
2003 3058 2039 3093 in
2062 3058 2179 3095 senatu

1218 3109 1334 3144 acorum
1358 3107 1438 3143 esset
1461 3134 1470 3148 ‚
1494 3108 1623 3155 populo
1646 3109 1806 3156 exposuit
1827 3120 1902 3154 quae
1924 3107 1971 3142 est
1995 3106 2179 3155 Philippica

1218 3167 1348 3207 quaita.
1373 3155 1487 3204 Hujus
1499 3158 1532 3193 S.
1546 3157 1585 3193 C.
1599 3157 1763 3194 meminit
1774 3157 1876 3194 etiam
1889 3155 1954 3193 Dio
1968 3155 2024 3191 lib.
2038 3167 2131 3239 452?

2082 3230 2098 3242 .
2128 3217 2177 3240 mo

1719 3240 1730 3254 ἱ
