2379 3400
281 99 405 161 1178
690 78 1822 136 M-TULL11·C1·caRou1s

279 181 341 212 visa
361 175 451 209 nobis
468 167 648 212 providendi
661 164 745 197 causa
757 162 824 196 dat,
844 169 909 192 non
922 156 1118 200 vigilantibus
1133 154 1237 203 potius
1259 160 1346 220 'eant
1359 156 1393 187 in
1404 154 1524 202 somnis
1535 173 1545 189 ‚
1562 163 1630 196 quae
1642 154 1696 195 ipfi
1707 165 1760 196 per
1771 166 1828 188 nos
1840 157 1937 190 intelli
1977 167 2064 192 must
2082 169 2179 204 neque
2192 164 2242 199 ea,

281 222 350 254 det,
369 225 458 259 quam
471 209 678 242 dormientibus.
701 208 770 237 Sive
779 205 865 234 enim
875 210 1019 233 externus
1030 219 1041 234 ‚
1058 199 1092 229 &
1102 197 1240 228 adventi-
1275 207 1408 272 auorum
1426 204 1604 236 interpretes
1623 196 1730 228 habere
1746 197 1912 238 poffimus?
1943 203 2042 233 imiles
2063 206 2148 235 enim
2169 205 2239 236 sunt

282 265 342 294 rius
361 258 460 300 pulsus
472 255 592 285 animos
607 248 829 281 dormientium
845 250 1041 276 commovet,
1063 238 1122 271 five
1139 248 1190 280 per
1210 237 1241 268 se
1259 223 1264 268 l
1299 241 1340 275 ii,
1352 237 1417 270 siea
1427 237 1519 269 nobis
1526 237 1678 277 objiciunt
1688 257 1698 272 ‚
1709 248 1841 280 quorum
1851 250 1906 272 nec
1914 243 2068 276 scientiam
2079 265 2089 280 2
2113 249 2128 266 ²
2138 255 2239 288 neque

282 301 334 343 ipsi
348 299 442 330 animi
454 301 634 326 moventur,
655 289 714 321 five
728 298 795 331 quae
809 287 893 319 causa
909 286 966 317 alia
981 283 1024 315 est
1035 303 1044 317 ‚
1063 290 1115 312 cur
1136 282 1242 312 secun·
1260 271 1504 337 {explanatorem
1523 279 1684 311 habeamus
1695 299 1704 314 ,
1726 289 1879 322 tamquam
1897 281 2029 320 moeni,
2049 297 2098 319 aut
2109 289 2238 328 Hispani

285 346 358 374 dum
369 341 503 382 quietem
515 334 629 377 aliquid
639 332 741 364 videre
751 350 760 366 ,
773 329 891 363 audire,
906 337 989 369 agere
1000 325 1158 357 videamur
1168 342 1178 358 2
1192 332 1243 353 ea-
1261 347 1263 364 ,
1277 326 1311 355 in
1325 324 1426 355 senatu
1442 321 1544 353 nostro
1553 322 1746 363 loquerentur
1755 320 1816 353 fine
1828 325 1995 364 interprete.
2016 329 2082 369 Jam
2094 339 2165 360 vcro
2172 328 2237 371 quo

285 385 354 416 dem
372 381 455 413 causa
473 375 668 420 vigilantibus
687 372 745 405 effe
764 379 894 413 poterat:
914 369 1005 410 idque
1019 366 1040 398 fi
1053 365 1151 397 nostra
1160 364 1244 411 causa
1261 373 1262 381 ¹
1278 368 1430 407 pertinent
1438 365 1631 395 obscuritates
1643 383 1652 398 ,
1667 363 1870 406 &aenigmata
1879 365 2087 406 somniorum?
2107 372 2239 413 intelligi

285 427 328 457 dii
347 421 511 455 secundum
532 421 667 460 quietem
686 415 836 448 facerent,
854 410 1049 454 vigilantibus
1064 408 1147 453 iden}
1163 410 1242 438 face·
1278 410 1363 439 enim
1382 407 1399 438 a
1417 406 1506 438 nobis
1524 405 1568 436 dii
1587 406 1664 437 velle
1685 406 1835 438 debebant
1848 417 1881 438 ea
1893 426 1903 442 ,
1922 418 1986 449 quae
1996 409 2083 445 nostra
2092 413 2175 453 causi:
2183 422 2240 444 nos

283 475 349 499 rent
359 476 368 500 3
386 464 551 505 praesertim
569 460 642 492 cum
659 456 836 499 Chrysippus
848 475 856 489 ,
876 453 1076 486 Academicos
1091 450 1244 494 reiellens,
1260 489 1262 496 Ι
1279 458 1450 490 monerent.
1473 448 1577 489 Quid?
1595 449 1683 489 poeta
1694 458 1787 479 nemo
1799 468 1809 482 .
1827 459 1921 479 nemo
1934 449 2069 491 phyficus
2085 454 2241 486 obscurus?

284 505 436 550 permulto
450 505 572 536 clariora
584 524 594 537 ‚
614 503 646 533 &
656 503 780 532 certiora
790 497 847 529 effe
856 497 933 528 dicat
944 516 953 530 2
974 505 1040 537 quae
1051 490 1243 534 vigilantibus
1260 497 1262 527 ξ
1280 492 1333 523 ille
1348 490 1423 523 ver'o
1437 492 1533 522 nimis
1543 492 1635 521 etiam
1646 490 1789 521 obscurus
1800 493 1988 532 Euphorion.
2011 502 2040 523 at
2048 503 2112 525 non
2122 498 2243 527 Home-

284 550 442 583 videantur
451 568 459 580 ‚
470 546 560 588 quam
571 554 637 586 quae
648 541 880 574 somniantibus.
903 540 972 569 Fuit
982 540 1071 577 igitur
1079 536 1182 566 divina
1193 533 1245 563 be·
1260 529 1262 581 ξ
1280 544 1339 565 rus.
1361 537 1437 564 Uter
1447 535 1537 574 igitur
1547 533 1657 563 melior
1670 535 1680 558 .²
1695 533 1789 564 Valde
1799 534 1970 564 Heraclitus
1979 533 2120 566 obscurus
2131 547 2137 566 :
2148 539 2244 568 mini-

286 590 446 623 neficentia
456 589 587 630 dignius,
598 595 668 616 cum
681 583 849 615 consuleret
859 581 960 614 nobis,
971 581 1094 611 clarior-a
1106 577 1168 608 visa
1177 575 1245 606 dare
1260 582 1263 621 ἶ
1281 578 1332 607 me
1353 577 1559 613 Democritus.
1582 584 1658 606 num
1678 576 1767 615 igitur
1784 575 1984 606 conferendi?
2002 586 2071 607 mea
2090 578 2173 609 causa
2191 588 2243 610 me

284 632 500 675 vigilantibu3‚
520 631 612 671 quam
622 627 793 658 obscuriora
815 633 867 665 per
885 624 1054 654 somnium.
1078 618 1161 661 quod
1171 622 1264 659 quo-3
1283 627 1392 648 mones
1403 637 1411 650 ,
1431 615 1515 658 quod
1528 626 1593 647 non
1605 616 1786 658 intelligam·
1809 617 1891 659 Qid
1903 627 1952 648 me
1965 619 2057 659 igitur
2066 625 2194 652 mones?
2211 628 2245 652 ut

286 678 370 706 niam
381 683 443 704 non
456 671 488 702 fit
501 692 509 705 ‚
529 671 646 702 somnia
659 669 763 699 divina
775 665 906 707 putanda
919 675 984 696 non
994 664 1073 694 sunt.
1094 663 1164 703 Jam
1176 658 1248 690 vero
1262 661 1265 688 l
1288 659 1309 690 si
1318 662 1386 702 quis
1395 659 1532 690 medicus
1544 667 1655 700 aegroto
1666 660 1811 698 imperet,
1822 669 1855 689 ut
1866 660 1963 690 sumat

287 716 360 759 quid
370 724 444 755 opus
455 713 498 744 est
508 714 685 743 circuitione
696 730 706 745 ,
727 710 759 740 &
770 706 914 740 amfrat‘lu
926 728 934 741 ‚
955 716 988 737 ut
998 704 1030 736 fit
1040 703 1188 735 utendum
1200 704 1251 748 in·
1382 701 1562 743 Terrigenam
1578 720 1586 734 ,
1613 699 1810 742 herbigradam
1824 719 1834 735 ,
1858 701 2064 744 domi-portam
2078 721 2088 736 ,
2109 702 2248 745 sanguine

286 757 462 798 terpretibus
473 756 664 786 somniorum
675 751 778 793 potius
791 771 799 784 ,
814 749 903 791 quarn
917 747 1033 779 directo
1046 750 1056 776 ?
1071 746 1144 776 deus
1155 742 1175 773 si
1184 753 1251 785 qui·
1502 742 1606 781 caffam
1616 763 1625 777 ‚

288 800 358 832 dem
378 799 467 829 nobis
483 795 674 828 consulebat,
701 796 774 824 Hoc
789 802 915 822 Fam-ro
927 811 935 826 ,
952 793 1027 821 Hoc
1042 798 1086 818 NE
1099 793 1252 818 FECERIS,
1288 784 1389 827 potius
1407 784 1499 826 quam
1517 786 1684 816 hominum
1702 793 1808 820 more,
1825 785 1980 817 cochleam
1991 806 2001 821 ‚
2025 785 2131 817 dicere.
2165 787 2249 818 Nam

286 842 420 873 diceret?
440 839 531 880 idque
542 838 641 868 visum
651 836 790 877 vigilanti
796 833 908 875 potius,
921 833 1013 875 quam
1025 827 1254 861 dormientida-
1292 833 1306 857 3
1315 830 1500 860 Pacuvianus
1508 827 1668 867 Amphion
1678 846 1687 861 ,

287 892 333 915 ret
344 887 355 913 ἓ
373 883 435 922 jam
446 881 519 912 verb
528 882 597 922 quis
606 879 704 910 dicere
716 876 820 908 audeat
832 896 840 909 ,
853 885 919 907 vera
930 876 1036 904 omnia
1047 870 1104 902 effe
1115 871 1253 901 somnia?
1383 869 1554 915 Qadrupes
1561 867 1727 909 tardigrada
1734 888 1743 903 ,
1759 868 1865 909 agrestis
1876 889 1885 903 ,
1896 869 2009 900 humilia
2020 890 2029 904 ‚
2041 870 2154 910 asperas,

288 927 447 964 AtrQor
461 931 592 953 sortium
607 929 710 954 VERA,
726 919 825 960 inquit
835 919 971 951 Ennius;
984 925 1042 946 sat>
1053 921 1171 944 OMNIA
1187 919 1254 941 NON
1385 916 1482 953 Capite
1492 909 1591 944 brevi,
1604 911 1710 940 cervice
1718 911 1845 951 anguina
1856 931 1865 945 ,
1880 911 2008 950 adspedi‘u
2022 913 2118 947 truci,

229 969 251 1002 6
258 977 276 1002 2
291 976 346 997 tsi·
362 974 512 996 NECESSE.
557 966 632 1006 Qae
645 961 688 992 est
702 961 824 992 tandem
840 958 894 990 ista
904 957 1082 989 distinctio?
1098 964 1165 996 quae
1174 962 1254 986 vera,
1382 953 1551 994 Evisccmta
1560 972 1568 986 ‚
1581 953 1710 981 inanima
1721 971 1729 986 ,
1743 962 1807 982 cum
1815 954 1933 982 animari
1944 954 2009 992 [bno
2019 974 2029 987 ‚

249 2679 297 2720 64
311 2675 397 2721 talem
411 2684 510 2705 autern
522 2682 724 2715 cognovimus
735 2674 904 2702 neminem.
929 2672 1006 2701 Vide
1017 2671 1127 2712 igitur,
1148 2678 1204 2702 ne,
1224 2677 1269 2698 et-

289 1018 356 1050 quae
367 1006 438 1039 falsa
451 1006 537 1037 habet
549 1007 559 1034 ἓ
578 1007 611 1036 &
621 1003 642 1034 si
652 1007 720 1034 ve'ra
731 1003 745 1033 a
755 1002 815 1033 deo
826 1003 992 1032 mittuntur
1001 1019 1010 1033 ,
1030 998 1102 1029 falsa
1113 996 1192 1028 unde
1202 1004 1254 1025 na-
1290 994 1362 1027 eum
1374 994 1496 1041 dixisset
1505 994 1662 1024 obscurius
1673 1013 1681 1027 ‚
1693 1002 1758 1025 turn
1771 996 1862 1024 Attici
1874 995 2053 1035 respondent
2064 1005 2070 1024 ;
2092 996 2158 1024 Non
2169 993 2254 1025 intel-

289 1051 434 1082 scuntur?
447 1058 518 1080 nam
529 1046 550 1078 fi
559 1057 591 1078 ea
599 1055 721 1088 quoque
731 1044 836 1075 divina
846 1063 854 1077 ‚
870 1042 943 1084 quid
955 1039 1176 1072 inconstantius
1183 1037 1255 1068 deo?
1290 1038 1407 1079 ligimus
1417 1056 1425 1071 ‚
1439 1036 1492 1076 mfi
1499 1042 1592 1077 aperte
1598 1035 1711 1064 dixeru.
1733 1038 1775 1067 At
1783 1036 1835 1065 ille
1846 1046 1908 1065 uno
1918 1036 2020 1071 verbo,
2033 1035 2155 1073 Testudo.
2176 1039 2250 1067 Non

290 1091 365 1133 quid
377 1091 511 1122 inscitius
522 1097 622 1121 autern
633 1086 676 1118 est
688 1107 696 1121 ‚
718 1087 808 1127 quam
829 1086 960 1115 menteis
973 1082 1151 1114 mortalium
1166 1077 1255 1111 falsis,
1290 1088 1429 1120 potueras
1439 1079 1498 1109 hoc
1508 1079 1600 1119 igitur
1609 1076 1624 1106 a
1635 1078 1786 1117 principio
1797 1097 1807 1111 .
1816 1077 1963 1109 citharista
1974 1098 1983 1111 .
1994 1079 2090 1109 dicere
2101 1083 2111 1108 ἒ
2145 1081 2252 1115 Delert
2267 1080 2288 1114 6
2291 1088 2314 1121 ς

291 1135 327 1165 &
341 1131 537 1164 mendacibus
549 1129 617 1161 vifis
631 1131 780 1160 concitare
791 1133 803 1155 ἓ
822 1125 863 1157 sin
882 1136 950 1157 vera
968 1126 1031 1156 visa
1048 1124 1150 1154 divina
1171 1122 1254 1152 sunt:
1290 1121 1327 1152 ad
1338 1119 1546 1160 conjeaorem
1560 1118 1683 1159 quidam
1693 1138 1703 1153 ,
1721 1117 1883 1149 somniasse
1898 1119 1925 1149 se
1936 1139 1945 1153 ,
1967 1129 2061 1150 ovum
2076 1120 2202 1160 pendere
2214 1131 2253 1151 ex

289 1175 362 1207 farsa
371 1183 470 1206 autem
482 1194 491 1208 ‚
504 1173 537 1204 &
549 1174 664 1206 inania,
675 1172 807 1201 humana
819 1179 824 1199 :
841 1178 907 1210 quae
918 1167 961 1198 est
972 1167 1025 1198 ista
1036 1163 1207 1206 defignandi
1218 1162 1258 1191 11-
1272 1161 1274 1200 ζ
1290 1163 1378 1194 fascia
1397 1162 1469 1192 lesu
1485 1162 1530 1193 sui
1547 1160 1739 1191 cubicularis.
1764 1160 1813 1191 Est
1830 1162 1888 1191 hoc
1901 1171 1934 1190 in
1945 1160 2098 1201 Chrysippi
2112 1162 2190 1192 libi-o
2204 1162 2254 1192 so-

291 1219 390 1249 centia
401 1237 409 1251 ,
432 1225 464 1247 ut
476 1217 535 1246 hoc
549 1215 622 1245 deus
633 1233 642 1247 ‚
664 1214 722 1243 hoc
735 1221 839 1243 natura
849 1210 952 1241 fecerit
960 1208 1064 1249 porius
1076 1227 1083 1241 ‚
1105 1208 1197 1248 quam
1208 1212 1258 1234 aut
1273 1202 1274 1219 ³
1292 1206 1426 1236 mnium.
1450 1203 1622 1243 Respondit
1637 1202 1812 1242 conjeaor,
1837 1203 2004 1233 thesaurum
2028 1201 2176 1233 defossum
2196 1202 2254 1234 esse

292 1261 399 1291 omnia
408 1257 481 1288 deus
492 1277 500 1293 ‚
520 1256 602 1298 quod
613 1257 724 1297 negatis
734 1274 744 1288 ,
765 1262 818 1284 aut
828 1254 934 1283 omnia
944 1257 1067 1281 natura?
1085 1247 1167 1290 quod
1179 1255 1258 1288 quo-
1274 1273 1275 1277 ,
1293 1247 1348 1278 sub
1358 1246 1450 1277 lefi'to.
1473 1245 1568 1277 fodit:
1591 1246 1711 1275 invenit
1721 1247 1783 1275 auri
1793 1245 1980 1286 aliquantum
1994 1265 2003 1278 ,
2025 1244 2114 1285 idque
2124 1255 2255 1276 circum-

294 1300 465 1333 niamillud
476 1299 678 1340 negatis,hoc
688 1292 1072 1327 neceffarioconfitendum
1085 1289 1136 1321 est.
1158 1291 1259 1318 Natu·
1294 1289 1398 1320 datum
1411 1297 1544 1329 argemo.
1567 1285 1647 1317 misit
1660 1286 1827 1325 conjecitori
1841 1289 2020 1327 quantulum
2041 1286 2139 1316 visum
2157 1286 2199 1317 est
2218 1287 2256 1318 de

294 1353 359 1373 ram
368 1349 469 1372 autem
480 1351 546 1372 eam
557 1341 627 1371 dico
636 1360 644 1374 ‚
656 1349 713 1380 qua
723 1346 891 1379 numquam
901 1337 1022 1367 animus
1033 1331 1187 1365 insistens,
1198 1333 1261 1372 agi·
1292 1340 1424 1374 argento.
1447 1333 1531 1361 Tum
1542 1329 1595 1359 ille
1605 1348 1614 1363 ,
1633 1328 1740 1358 nihilne
1750 1349 1759 1362 ,
1775 1332 1872 1369 inquit
1881 1348 1889 1362 ,
1905 1329 1937 1357 de
1950 1329 2044 1358 virello
2056 1332 2067 1358 ,ἲ
2087 1328 2119 1359 id
2130 1330 2213 1358 enim
2227 1330 2258 1360 ei

292 1386 408 1416 tatione
418 1404 428 1419 ,
449 1384 483 1414 Sc
494 1392 583 1413 motu
596 1379 653 1412 esse
666 1377 896 1419 vacuuspotest.
919 1380 948 1408 Is
957 1377 1029 1408 cum
1039 1376 1182 1416 languore
1192 1382 1260 1404 cor-
1295 1383 1333 1404 ex
1343 1383 1404 1404 ovo
1415 1372 1572 1403 videbatur
1581 1380 1686 1402 aurum
1701 1369 1855 1401 declarafl'e
1865 1382 1877 1405 3
1895 1372 2045 1411 reliquum
2057 1389 2066 1404 ‚
2086 1379 2254 1411 argentum.

298 1427 381 1467 poris
391 1445 400 1460 ‚
413 1435 468 1456 nec
478 1424 625 1456 membris
635 1423 698 1457 uti,
707 1431 763 1452 nec
771 1420 901 1452 sensibus
912 1418 1009 1461 potest
1018 1438 1027 1453 ‚
1039 1417 1147 1448 incidit
1158 1418 1192 1446 in
1201 1415 1263 1446 visa
1299 1418 1445 1446 Nemone
1458 1415 1550 1454 igitur
1564 1422 1710 1453 umquam
1724 1413 1799 1443 alius
1813 1422 1907 1442 ovum
1921 1412 2104 1443 somniavit?
2122 1422 2175 1442 cur
2183 1421 2258 1453 ergo

292 1469 390 1502 varia,
401 1467 557 1498 &incerta
566 1475 605 1496 ex
615 1465 752 1506 reliquiis
762 1483 771 1497 ‚
786 1465 867 1493 utait
881 1461 1073 1494 Aristoteles,
1085 1459 1262 1489 inhaerenti-
1295 1459 1346 1488 hic
1364 1458 1465 1488 nescio
1484 1458 1537 1496 qui
1550 1455 1719 1485 thesaurum
1733 1454 1813 1484 solus
1827 1456 1963 1483 invenit?
1983 1463 2074 1494 quam
2087 1455 2175 1483 multi
2185 1456 2258 1484 ino-

295 1510 351 1540 bus
364 1529 374 1543 ‚
393 1518 496 1540 earum
515 1517 636 1541 rerum,
655 1515 725 1547 quas
745 1504 872 1545 vigilans
888 1502 1026 1545 gefferit,
1045 1510 1096 1532 aut
1105 1501 1258 1541 cogitarit:
1294 1509 1365 1541 pes,
1385 1498 1467 1538 digni
1478 1496 1595 1537 prasidio
1611 1496 1742 1529 deorum,
1764 1497 1883 1525 nullum
1899 1495 2021 1524 somnio
2034 1496 2069 1525 ad
2085 1495 2256 1526 thesaurum

295 1559 423 1592 quarum
440 1549 663 1590 Perturbatione
689 1547 842 1577 mirabiles
859 1544 1015 1576 interdum
1035 1542 1180 1573 exfistunt
1199 1541 1263 1581 spe·
1295 1539 1505 1581 reperiendum
1516 1538 1712 1568 admonentur
1728 1546 1837 1578 ‚vquam
1848 1545 1946 1566 autem
1958 1536 1998 1567 ob
2008 1537 2124 1567 causam
2138 1545 2197 1566 tam
2212 1535 2257 1568 est

298 1594 361 1623 cies
373 1591 578 1622 somniorum.
602 1591 676 1627 Quae
688 1586 707 1618 fi
717 1588 773 1617 alia
785 1596 852 1617 vera
863 1606 873 1619 ‚
893 1586 949 1616 alia
958 1585 1045 1615 falsa:
1066 1593 1124 1624 qua
1132 1591 1204 1613 nota
1214 1591 1264 1611 in-
1296 1580 1426 1612 obscure
1436 1580 1609 1610 admonitus
1618 1598 1626 1612 ,
1642 1587 1674 1609 ut
1684 1588 1723 1609 ex
1733 1588 1794 1608 ovo
1807 1578 1972 1608 nasceretur
1981 1579 2105 1618 thesauri
2114 1576 2257 1608 similitu-

302 1632 509 1664 ternoscantur
518 1651 526 1665 ,
546 1631 618 1661 scire
630 1629 697 1660 sane
706 1629 811 1659 velim.
836 1629 865 1658 Si
876 1627 957 1657 nulla
968 1626 1030 1656 est:
1048 1625 1121 1666 quid
1133 1621 1204 1654 istos
1215 1625 1263 1653 in—
1295 1623 1336 1654 do
1347 1623 1446 1663 potius
1455 1641 1464 1655 ,
1476 1622 1565 1662 quani
1578 1622 1677 1660 aperte
1685 1621 1857 1650 thesaurum
1867 1620 2171 1660 quaei-erejuberetur,
2183 1617 2256 1651 ficut

297 1683 437 1715 terpretes
447 1673 624 1704 audiamus?
643 1669 686 1702 sin
700 1671 848 1712 quaepiam
864 1668 906 1699 est
916 1689 924 1703 ‚
947 1673 957 1688 ¹
972 1677 1047 1698 aveo
1057 1666 1158 1696 audire
1169 1684 1177 1699 ‚
1197 1675 1262 1706 quae
1278 1673 1279 1704 ς
1296 1664 1393 1705 aperte
1402 1662 1575 1694 Simonides
1595 1671 1705 1691 vetitus
1715 1661 1757 1691 est
1768 1664 1926 1702 navigare?
1950 1665 2028 1701 Ergo
2038 1661 2161 1691 obscura
2173 1662 2255 1692 som-

269 1727 279 1734 *
300 1716 343 1748 sit.
387 1715 443 1746 Sed
472 1714 635 1745 haerebunt.
667 1713 753 1743 venit
773 1713 855 1741 enim
873 1721 936 1750 Jam
957 1711 990 1740 in
1009 1712 1239 1740 contentionem
1252 1725 1262 1741 ,
1298 1707 1522 1739 nia‚4minime
1535 1703 1733 1734 consentanea
1743 1703 1888 1742 majestati
1898 1702 2094 1733 deorum-Ad
2103 1703 2257 1743 aperta,&
2271 1704 2320 1739 66

298 1767 401 1790 utrum
413 1756 446 1786 sit
456 1755 658 1796 probabilius,
677 1765 698 1784 D
709 1763 727 1783 a
736 1763 756 1783 o
766 1763 779 1782 s
788 1763 809 1782 N
820 1762 839 1781 E
863 1763 874 1781 i
887 1762 913 1781 M
925 1762 951 1781 M
961 1762 980 1781 o
991 1761 1012 1781 R
1021 1762 1041 1780 τ
1051 1759 1074 1778 A
1083 1760 1103 1779 1.
1113 1758 1132 1777 E
1144 1759 1153 1777 i
1169 1758 1181 1777 s
1194 1767 1203 1781 ,
1218 1757 1265 1777 re—
1298 1749 1373 1778 clara
1385 1749 1543 1776 veniamus
1555 1764 1564 1777 ‚
1576 1745 1662 1784 quale
1676 1744 1719 1774 est
1732 1745 1769 1774 de
1780 1745 1836 1774 illo
1850 1744 2010 1773 interfecto
2020 1744 2035 1774 ὲ
2045 1753 2179 1784 caupone
2187 1747 2257 1775 Me—

299 1809 368 1832 rum
379 1800 520 1828 omnium
532 1795 698 1837 praestantia
709 1795 903 1825 excellenteis
914 1813 923 1825 ,
936 1791 1109 1823 concursare
1119 1791 1263 1818 omnium
1278 1806 1279 1816 η
1297 1790 1382 1831 garis:
1393 1790 1478 1828 quale
1490 1787 1524 1817 de
1535 1785 1704 1819 Simonide,
1715 1788 1767 1826 qui
1778 1786 1814 1816 ab
1825 1796 1874 1818 eo,
1885 1795 1977 1826 quem
1989 1787 2134 1820 humarat,
2144 1788 2258 1817 vetitus

299 1841 475 1872 mortalium
488 1859 496 1873 ,
515 1840 568 1879 qui
588 1837 700 1878 ubique
716 1837 796 1876 {sunt
812 1855 822 1868 ‚
842 1844 907 1865 non
917 1832 1014 1864 modo
1025 1831 1118 1862 1ε6ὶοε
1130 1829 1264 1865 ,verum
1278 1844 1280 1861 :
1297 1830 1340 1861 est
1351 1832 1503 1869 navigare:
1519 1828 1604 1869 quale
1615 1830 1704 1858 etiam
1716 1829 1752 1857 de
1763 1827 1935 1858 Alexandro
1947 1838 1952 1856 :
1972 1827 2079 1868 quoda
2089 1836 2117 1857 te
2127 1830 2259 1869 praeteri-

300 1885 390 1914 etiam
402 1881 536 1922 grabatos
546 1900 553 1913 ‚
577 1880 609 1910 &
623 1899 630 1913 ‚
654 1878 725 1908 cum
739 1877 903 1908 stertenteis
913 1876 1029 1917 aliquos
1039 1874 1191 1906 viderint,
1207 1872 1264 1902 ob·
1279 1883 1281 1911 ι,
1298 1882 1364 1903 turn
1376 1870 1435 1901 ess'e
1445 1873 1557 1900 miror:
1576 1871 1649 1909 qui,
1664 1868 1736 1899 cum
1747 1869 1928 1901 Ptolemaeus
1938 1889 1947 1903 ‚
1961 1869 2117 1900 familiaris
2125 1871 2188 1912 eJus
2199 1891 2211 1904 ,
2224 1872 2261 1902 in

300 1926 392 1966 jicere
403 1926 448 1954 his
460 1924 517 1953 visa
526 1921 663 1963 quaedam
675 1919 806 1950 tortuosa
819 1938 827 1952 ‚
838 1918 870 1950 &
881 1917 1005 1949 obscura
1015 1936 1023 1951 ‚
1034 1926 1099 1957 quae
1110 1916 1156 1945 illi
1166 1923 1264 1944 exter·
1278 1918 1281 1949 fl
1299 1915 1408 1956 proelio
1419 1913 1471 1942 telo
1483 1919 1617 1942 venenato
1628 1910 1707 1941 Nilus
1716 1910 1788 1942 effet
1796 1931 1804 1946 ,
1816 1921 1912 1952 eoque
1921 1912 2046 1942 vulnere
2053 1911 2176 1942 summo
2185 1921 2258 1943 cum

300 1967 351 1998 riti
363 1966 484 1996 somnio
494 1964 530 1995 ad
542 1962 746 2003 con-ieelorem
760 1960 848 1990 mane
860 1959 996 1989 deferant
1006 1970 1014 1993 ·,
1026 1968 1063 1988 an
1071 1967 1176 1987 natura
1187 1956 1263 1989 fieri,
1300 1956 1406 1987 dolore
1417 1963 1598 1985 moreretur:
1618 1954 1788 1984 Alexander
1797 1953 1920 1984 affidens
1933 1973 1944 1987 ,
1962 1953 2072 1984 somno
2092 1952 2135 1984 est
2148 1955 2260 1985 conso-

300 2017 335 2038 ut
356 2008 510 2038 mobiliter
529 2007 649 2036 animus
670 2006 796 2044 agitatus
808 2023 816 2035 ,
833 2001 911 2042 quod
919 2000 1044 2041 vigilans
1053 1999 1160 2029 viderit
1169 2019 1177 2032 ‚
1202 1998 1264 2027 dor-
1280 2010 1282 2030 ε
1298 2000 1388 2039 pirus.
1410 1999 1494 2027 Tum
1514 1996 1676 2027 secundum
1693 2004 1828 2036 quietem
1840 1995 1920 2026 vrsus
1939 1997 1968 2025 ei
1986 1995 2094 2025 dicitur
2113 1997 2202 2026 draco
2220 1997 2260 2031 is,

301 2051 388 2080 miens
397 2048 490 2078 videre
499 2047 641 2077 videatur.
666 2054 767 2076 utrum
778 2044 969 2085 philosophia
980 2042 1101 2083 dignius
1111 2061 1120 2075 ‚
1132 2040 1264 2081 sagarum
1299 2050 1392 2082 quem
1404 2047 1498 2070 mater
1508 2039 1663 2079 Olympias
1671 2037 1766 2068 alebat
1774 2057 1782 2071 ‚
1794 2037 1957 2068 radiculam
1969 2047 2020 2068 ore
2029 2036 2116 2071 ferre,
2127 2038 2161 2067 δε
2171 2036 2260 2068 simul

300 2090 509 2132 superstitione
522 2089 575 2119 ista
585 2088 770 2127 interpretari
783 2106 792 2120 ‚
808 2095 845 2116 an
856 2085 1059 2125 explicatione
1069 2085 1205 2113 naturae?
1222 2089 1266 2115 ut,
1282 2108 1283 2111 ,
1301 2083 1398 2113 dicere
1410 2100 1419 2115 ‚
1437 2090 1500 2122 quo
1513 2081 1565 2110 illa
1577 2081 1636 2110 loci
1648 2080 1814 2110 nasceretur
1823 2099 1833 2114 ,
1851 2079 1960 2120 (neque
1972 2081 1998 2109 is
2011 2079 2101 2120 longe
2113 2079 2211 2110 aberat
2222 2079 2263 2110 ab

302 2133 322 2164 si
338 2134 399 2173 jam
418 2131 479 2162 fieri
494 2129 579 2172 possit
591 2128 763 2167 conjeaura
775 2137 844 2158 vera
859 2128 1049 2158 somniorum
1062 2145 1072 2160 ,
1087 2134 1191 2156 tamen
1201 2122 1260 2158 isti,
1301 2134 1339 2155 eo
1350 2124 1430 2164 loco)
1440 2123 1505 2160 ejus
1516 2131 1616 2152 autem
1626 2120 1683 2151 effe
1694 2123 1757 2151 vim
1768 2130 1882 2152 tantam
1895 2142 1906 2155 ,
1919 2121 2162 2151 utPtolemaeum
2171 2120 2261 2152 facile

303 2177 355 2217 qui
365 2173 555 2215 profitentur,
566 2182 630 2203 eam
641 2171 736 2202 facere
747 2180 811 2200 non
822 2168 930 2210 poffinc
942 2179 947 2198 z
959 2178 998 2198 ex
1009 2166 1159 2199 leviffimo
1167 2168 1264 2199 enim,
1282 2160 1284 2169 ’
1301 2166 1422 2197 sanaret.
1444 2163 1525 2194 Cum
1537 2163 1708 2194 Alexander
1723 2163 1912 2204 experrefitus
1927 2161 2068 2193 narrafl'et
2085 2165 2192 2193 amicis
2210 2163 2263 2194 so-

303 2218 338 2248 &
355 2213 560 2247 indoetiffimo
580 2223 688 2256 genere
706 2211 851 2243 constant.
875 2211 965 2242 Stoici
980 2219 1081 2240 autem
1095 2210 1141 2240 tui
1159 2216 1269 2248 negant
1304 2209 1425 2238 mnium
1436 2226 1443 2240 ‚
1470 2204 1598 2236 emisiss'e
1606 2208 1657 2247 qui
1667 2206 1752 2236 illam
1772 2205 1933 2236 radiculam
1943 2213 2118 2246 quaererent.
2141 2206 2260 2246 quain-

302 2266 485 2301 quemquam
499 2276 506 2290 ,
527 2255 580 2286 nifi
592 2256 755 2295 sapientem
766 2273 774 2287 ‚
791 2253 932 2284 divinum
943 2251 1000 2282 effe
1011 2250 1104 2292 poss'e.
1126 2248 1268 2290 Chryfip-
1301 2259 1389 2280 venta
1401 2268 1410 2283 ,
1422 2248 1456 2278 &
1465 2249 1646 2279 Ptolemaeus
1656 2247 1772 2278 sanatus
1781 2247 1905 2281 dicitur,
1915 2247 1949 2277 &
1963 2246 2053 2276 multi
2065 2247 2198 2281 milites,
2207 2247 2262 2287 qui

302 2310 357 2341 pus
367 2299 489 2341 quidem
502 2298 724 2328 divinationem
738 2295 774 2325 de
780 2293 844 2325 finit
855 2296 902 2325 his
913 2294 1021 2329 verbis,
1035 2294 1099 2324 Vim
1109 2291 1265 2332 cognoscen-
1302 2300 1385 2322 erant
1396 2290 1505 2321 eodem
1515 2300 1622 2330 genere
1633 2290 1684 2320 teli
1694 2290 1853 2321 vulnerati.
1874 2289 1972 2319 Multa
1981 2289 2072 2318 etiam
2083 2287 2174 2318 sunta
2183 2296 2211 2318 te
2222 2297 2262 2318 ex

304 2350 362 2372 tem
373 2362 381 2375 ,
394 2341 427 2371 &
437 2340 592 2371 videntem
602 2359 612 2373 ‚
623 2339 656 2369 &
665 2337 867 2377 explicantem
878 2335 956 2377 signa
968 2355 976 2370 ‚
992 2346 1058 2377 quae
1066 2337 1083 2366 a
1092 2335 1150 2365 diis
1160 2335 1263 2363 homi-
1304 2332 1436 2364 historiis
1447 2333 1560 2372 prolata
1569 2332 1699 2366 somnia,
1710 2334 1813 2361 matris
1824 2330 1985 2362 Phalaridis
1993 2349 2001 2363 ‚
2011 2330 2083 2369 Cyri
2092 2329 2263 2370 superioris,

305 2384 396 2414 nibus
406 2382 621 2424 portendantur
634 2392 638 2409 z
651 2378 788 2411 officium
801 2387 899 2409 autem
911 2377 969 2408 effe
978 2380 1042 2418 ejus
1053 2397 1061 2412 ‚
1072 2375 1266 2417 praenoscere,
1306 2377 1408 2405 matris
1419 2372 1556 2414 Dionysii
1571 2394 1580 2408 ‚
1600 2376 1686 2404 Poeni
1698 2373 1879 2404 Hamilcaris
1889 2391 1899 2406 ,
1921 2370 2081 2402 Annibalis
2091 2391 2100 2405 ,
2111 2374 2144 2402 P.
2154 2372 2262 2401 Decii:

305 2426 353 2456 dei
376 2435 441 2466 erga
459 2425 601 2454 homines
623 2430 726 2452 mente
748 2430 804 2461 qua
826 2418 882 2450 fint
899 2439 908 2453 ‚
936 2419 1069 2460 quidque
1088 2415 1266 2459 significent,
1283 2432 1285 2453 ς
1301 2417 1508 2457 pervulgatum
1517 2416 1580 2454 jam
1596 2419 1610 2442 5
1620 2414 1696 2444 illud
1707 2415 1743 2445 de
1757 2414 1878 2454 praesule
1891 2424 1899 2443 ·.
1917 2413 2041 2444 Gracchi
2051 2415 2142 2443 etiam
2155 2423 2161 2443 :
2175 2413 2208 2443 &
2217 2422 2265 2443 re-

304 2465 626 2508 quemadmodumque
635 2474 666 2494 ea
674 2471 880 2503 procurentur,
889 2471 975 2503 atque
984 2463 1153 2501 expientur.
1164 2458 1267 2488 Idem-
1302 2467 1372 2488 cens
1382 2457 1511 2488 Caeciliae
1523 2476 1530 2490 ,
1544 2457 1684 2486 Balearici
1696 2454 1765 2486 filiae
1775 2476 1784 2489 ,
1800 2456 1966 2486 somnium.
1988 2453 2045 2486 Sed
2056 2456 2119 2486 haec
2128 2464 2265 2488 externa,

304 2519 361 2549 que
374 2509 564 2538 somniorum
575 2505 800 2547 conjefflonem
817 2502 924 2534 definit
933 2505 991 2533 hoc
1003 2502 1099 2532 modo
1112 2521 1119 2534 ‚
1131 2500 1191 2538 Effe
1201 2500 1266 2528 vim
1284 2516 1285 2528 l
1303 2499 1343 2530 ob
1353 2509 1480 2540 eamque
1491 2499 1607 2529 causam
1620 2501 1722 2540 ignota
1732 2498 1821 2528 nobis
1831 2497 1916 2528 sunt:
1935 2497 2084 2528 nonnulla
2093 2499 2182 2527 etiam
2195 2494 2264 2528 §hsta

307 2558 479 2580 cernentem
490 2570 498 2582 ,
513 2549 546 2580 &
557 2549 781 2588 explanantem,
792 2556 857 2587 qua:
868 2545 883 2576 a
894 2545 952 2575 diis
965 2544 1145 2575 hominibus
1156 2540 1267 2584 signifi·
1302 2540 1433 2572 fortaffe.
1464 2542 1531 2581 quis
1550 2543 1636 2570 enim
1652 2539 1754 2570 author
1774 2539 1901 2570 istorum
1916 2541 1928 2568 ?
1953 2539 1989 2570 de
2007 2538 2119 2570 nostris
2137 2538 2265 2569 somniis

308 2601 412 2622 centur
429 2593 462 2622 in
483 2591 608 2622 somnis.
631 2589 712 2629 Quid
723 2598 792 2629 ergo
804 2608 812 2622 ‚
832 2588 868 2618 ad
887 2588 949 2618 haec
967 2586 1114 2617 mediocri
1133 2593 1209 2625 opus
1226 2582 1270 2614 est
1303 2584 1377 2624 quid
1389 2582 1535 2613 habemus
1545 2581 1644 2613 dicere
1653 2602 1662 2616 ,
1683 2591 1714 2612 tu
1724 2582 1763 2613 de
1773 2582 1871 2612 merso
1882 2591 1931 2611 me
1943 2601 1953 2616 ,
1972 2581 2005 2612 &
2014 2591 2093 2622 equo
2103 2580 2137 2611 ad
2148 2581 2240 2621 ripam
2250 2580 2264 2608 ἓ

308 2633 462 2672 prudentia
473 2653 481 2667 ‚
492 2642 530 2663 an
541 2633 574 2663 ὅ(
586 2634 710 2673 ingenio
720 2629 868 2671 praestanti
880 2649 888 2664 ,
901 2630 934 2660 &
946 2628 1115 2659 eruditione
1125 2624 1269 2668 perrefita?
1285 2658 1286 2668 η
1304 2635 1359 2667 ego
1369 2625 1406 2655 de
1416 2625 1515 2655 Mario
1525 2634 1594 2654 cum
1609 2623 1736 2655 fascibus
1745 2624 1881 2654 laureatis
1892 2624 1985 2653 mein
1999 2623 2086 2654 suum
2098 2621 2203 2652 deduci
2211 2620 2263 2660 ju-

308 2725 369 2744 ram
383 2715 402 2745 si
416 2717 634 2746 divinationem
650 2714 704 2745 tibi
719 2713 776 2744 effe
790 2711 960 2744 concess'ero
976 2733 984 2748 ,
1002 2711 1085 2754 quod
1099 2719 1268 2751 numquam
1303 2711 1378 2740 ratio
1388 2708 1440 2739 est.
1463 2717 1528 2749 quae
1540 2727 1548 2741 ‚
1568 2718 1620 2748 pei·
1629 2708 1702 2738 deos
1712 2707 1913 2737 immortaleis
1925 2725 1934 2740 ‚
1951 2706 2106 2737 videamus
2115 2713 2153 2734 ne
2162 2701 2263 2733 nostra

308 2755 413 2786 faciam
426 2778 433 2790 ‚
447 2759 602 2787 neminem
615 2766 715 2787 tamen
726 2756 868 2786 divinum
879 2757 1006 2795 reperire
1015 2752 1170 2795 poffimus.
1188 2755 1269 2791 Qa—
1286 2765 1287 2773 κ
1301 2749 1509 2792 stiperstirione,
1531 2750 1565 2779 &
1584 2750 1794 2790 depravatione
1812 2749 1975 2788 superetur.
2009 2749 2109 2787 Qiem
2126 2746 2211 2774 enim
2229 2753 2262 2775 tu

309 2797 346 2828 lis
356 2806 455 2829 autem
466 2798 521 2830 ista
531 2809 616 2830 mens
626 2798 669 2830 est
678 2798 804 2830 deor-um
816 2817 825 2832 ‚
845 2796 868 2828 si
886 2807 984 2839 neque
999 2807 1033 2827 ea
1049 2795 1143 2826 nobis
1155 2792 1269 2836 signifi·
1286 2800 1289 2830 fi
1307 2795 1440 2824 Marium
1458 2792 1559 2823 vistim
1578 2791 1594 2822 a
1612 2801 1662 2822 me
1680 2792 1785 2832 putas-²
1816 2791 1972 2831 Speciem,
1991 2787 2099 2821 credo,
2120 2787 2186 2827 ejus
2197 2806 2206 2819 ,
2229 2785 2264 2817 δε

2155 2829 2264 2870 imagi-

350 2949 361 2967 ι
369 2959 375 2964 .
394 2943 458 2966 meo
467 2941 549 2966 audire
554 2941 575 2975 .]
595 2942 664 2968 Pall.
675 2951 766 2969 omnes
778 2941 862 2969 veteri
873 2940 953 2968 modo
962 2938 1104 2971 scribendi,
1114 2940 1194 2965 habeo.
1342 2943 1371 2970 4.
1391 2936 1492 2963 Minim&
1501 2936 1654 2969 confinium
1664 2935 1778 2968 majestati
1790 2929 1906 2964 deorum]
1927 2930 1969 2956 Ita
1979 2928 2048 2956 I’all.
2058 2928 2085 2954 δε
2096 2929 2125 2955 S.
2135 2925 2269 2960 Visam-is,

346 2984 375 3016 ,²1
394 2979 482 3011 Qque
492 2978 690 3015 effplanatorem]
706 2979 747 3004 Sic
758 2978 878 3014 plerique
891 2977 1088 3009 palatinorum,
1098 2984 1184 3011 neque
1194 2974 1264 3001 secus
1307 2973 1476 3006 oniiffofimt,
1491 2971 1562 3008 quod
1575 2972 1602 2997 in
1614 2970 1735 2997 omnibus
1744 2966 1895 3006 publicatis.
1940 3000 1945 3005 .
2033 3000 2038 3005 ἢ

309 3009 395 3039 editio
407 3013 425 3037 V
432 3010 532 3037 nitor-ii.
554 3011 658 3046 vulgata
668 3016 863 3045 explanationem.
1347 3019 1373 3044 5.
1392 3009 1454 3034 Illud
1461 3009 1487 3033 de
1500 3007 1621 3041 praefide]
1643 3005 1673 3030 ld
1685 3005 1735 3035 jam
1746 3011 1859 3038 pslmum
1873 3000 1994 3028 feddfflss‘
2006 3000 2133 3028 CNU'OUi
2145 3019 2153 3032 2
2171 2999 2268 3027 iuven·

1309 3053 1365 3073 tum
1379 3045 1404 3071 iii
1417 3043 1542 3071 Palatinis
1561 3048 1677 3075 quatuor
1695 3039 1723 3064 &
1734 3037 1825 3064 codice
1843 3036 2012 3064 s.v56toris.
2031 3036 2088 3063 alia:
2107 3045 2198 3063 omnes
2208 3033 2273 3062 edi·

1309 3082 1395 3108 tiones
1402 3081 1541 3114 praesultore.
1563 3076 1637 3111 supra
1646 3075 1726 3101 etiam
1737 3082 1796 3101 erat
1813 3074 1839 3101 in
1851 3073 1909 3100 Pal.
1919 3082 1960 3109 pr.
1971 3074 1999 3098 δε
2010 3073 2037 3098 S.
2048 3072 2120 3099 Via.
2130 3079 2192 3106 copo.
2212 3079 2267 3098 non

1309 3125 1391 3151 easque.
1411 3115 1454 3145 scd
1465 3122 1552 3143 rameii
1563 3111 1632 3140 tanti
1641 3120 1695 3140 non
1705 3118 1763 3139 erat
1771 3117 1802 3140 ut
1812 3109 1901 3139 textui
1910 3110 2126 3140 immitteretur„

310 3050 554 3111 ηᾶἑῐφατκνίηηιω
572 3049 695 3081 Amphio]
716 3049 834 3112 Reczpta
855 3049 936 3076 leffio
953 3051 1077 3083 Amphion.
1097 3047 1141 3074 sed
1150 3048 1266 3074 alterum

383 3119 387 3122 .
399 3083 426 3109 in
437 3082 507 3124 libro
517 3084 544 3110 S.
554 3081 671 3111 Victoris
685 3101 692 3115 ,
712 3084 739 3111 in
750 3085 770 3111 1‘
817 3085 897 3121 prim.
916 3094 946 3114 ac
955 3085 1006 3114 sec.
1023 3085 1139 3121 denique
1148 3084 1175 3113 in
1187 3082 1265 3111 editis

308 3118 344 3147 ab
356 3117 489 3147 Vif'torio.

2186 3143 2267 3171 »Eae

1285 2669 1287 2699 ἒ
1304 2667 1393 2698 bente
1403 2675 1643 2696 monumentum
1655 2670 1665 2697 ?
1675 2667 1824 2696 Omnium
1837 2665 2045 2698 somniorum,
2058 2665 2189 2705 Qinte,
2203 2669 2261 2691 una
2278 2668 2326 2711 67

2368 399 2375 424 a-
2368 332 2375 383 «ι»
2370 293 2374 309 .-

2362 1207 2370 1280 ι
