2339 3379
542 138 1134 186 PHILIPPICA

191 223 340 254 videmus
348 221 453 254 omnia
462 240 472 256 ‚
489 230 587 262 neque
596 230 649 261 per
657 230 714 251 nos
724 218 824 251 solum
836 240 845 254 2
864 221 914 252 sed
924 221 1131 252 admonemur
1141 220 1156 253 a

194 264 316 297 nosti-is.
339 263 515 296 Attendistis
533 263 636 303 paullo
653 262 722 293 ante
739 282 748 295 ‚
766 262 995 303 praestantiffimi
1014 264 1072 294 viri
1092 274 1157 305 quae

193 305 267 337 efl'et
275 308 381 337 oratio.
404 304 556 338 Moestam‚
570 305 681 345 inquit,
695 304 822 335 domum
835 303 950 336 offendi
962 325 971 340 ,
980 306 1155 355 conjugem,

195 348 316 379 liberos.
339 347 574 378 Admirabantur
583 346 659 376 boni
669 348 725 377 viri
738 367 747 380 ,
767 346 942 378 accusabant
951 348 1039 378 amici
1050 366 1058 381 ‚
1073 346 1156 387 quod

196 390 245 430 spe
257 389 337 430 pacis
350 390 531 431 legationem
546 386 743 429 suscepissem.
766 399 822 419 nec
836 390 951 420 mirum
965 409 974 422 ,
995 391 1027 419 P.
1038 388 1154 419 Servili.

196 435 210 451 ¹
222 433 279 462 tuis
293 431 376 461 enim
391 429 567 464 verissimis,
588 428 822 472 graviffimisque
840 431 994 461 sententiis
1011 431 1100 460 omni
1113 428 1156 460 est

195 482 260 504 non
269 472 338 503 dico
348 472 501 514 dignitate,
515 472 564 502 sed
575 474 665 502 etiam
676 472 723 512 spe
734 473 836 503 salutis
843 473 983 512 spoliatus
992 473 1155 519 Antonius.

196 514 243 545 Ad
252 523 323 544 eum
334 516 376 544 ire
386 515 432 544 tel
472 523 552 545 atum
563 516 632 555 quis
645 524 709 544 non
723 516 891 546 miraretur?
900 514 937 544 de
948 524 997 544 me
1007 522 1155 554 experior:

194 555 280 593 cujus
289 556 372 586 idem
382 567 440 587 con
454 558 541 587 ilium
553 576 562 590 ‚
576 556 659 597 quod
672 565 759 587 tuum
769 576 777 590 ,
789 557 886 586 sentio
894 555 984 600 quam
996 556 1156 596 reprehen-

196 598 291 628 datur.
314 607 370 628 nos
381 599 630 639 reprehendimur
639 598 693 628 soli
704 601 715 627 ?
725 598 798 640 quid
810 601 820 628 ?
838 599 885 628 vir
893 595 1070 627 tortiffimus
1080 600 1155 628 Pan-

195 640 225 670 sa
241 637 300 669 fine
316 641 399 670 causa
417 650 477 671 tam
493 641 624 671 accurate
642 640 743 680 paullo
758 639 826 670 ante
839 639 958 669 locutus
971 638 1014 669 est
1026 638 1155 669 tamdiu?

194 679 270 723 quid
282 683 342 723 egit
351 702 360 716 ,
375 681 429 712 nisi
440 685 482 713 uti
498 685 512 702 ²
520 681 625 713 falsam
635 681 817 722 proditionis
826 680 842 711 a
852 681 881 710 se
891 679 1155 727 suspicionemhde-

195 722 338 764 pelleret?
359 724 438 754 unde
447 733 546 755 autem
556 723 599 754 est
610 724 664 754 ista
675 724 823 763 suspicio?
842 731 880 751 ex
893 731 973 760 pacis
985 729 1155 761 patrocinio

193 767 355 805 repentino
365 786 373 799 ‚
407 767 467 796 uod
478 765 575 796 subito
582 766 707 804 suscepit
715 784 723 798 ‚
734 763 843 794 eodem
853 770 953 802 captus
964 772 1080 810 errore,
1091 772 1152 803 quo

194 816 260 837 nos.
286 777 410 849 de‘si
420 807 463 838 est
472 816 601 838 erratum
612 827 621 841 ‚
633 809 665 837 P.
676 808 708 835 C.
719 806 769 845 spe
777 804 847 835 falsa
858 823 866 837 ‚
878 813 965 844 atque
974 803 1071 834 fallaci
1085 815 1090 834 :
1106 814 1152 834 re-

194 848 318 880 deamus
336 852 368 879 in
388 852 479 880 viam.
500 849 624 890 optimus
641 846 684 877 est
699 855 803 886 portus
820 847 981 886 poenitenti
993 865 1001 880 ‚
1023 848 1152 876 mutatio

159 899 173 931 3
193 890 322 922 consilii.
366 891 448 930 Qid
467 893 550 920 enim
569 898 621 929 per
637 888 709 918 deos
728 887 930 917 immortaleis
941 907 949 921 ‚
970 887 1065 928 potest
1075 889 1148 928 reip.

191 932 329 972 prodeffe
338 933 436 963 nosti-a
445 932 554 972 legatio
567 933 578 959 ?
595 927 730 969 prodeffe
737 929 806 960 dico
818 931 828 959 ?
846 928 919 970 quid
930 928 950 958 si
960 931 1050 960 etiam
1060 929 1150 960 obfu-

193 983 257 1005 tura
270 973 311 1005 est
322 976 332 1003 ?
350 973 490 1004 obsutum
501 975 512 1002 ?
531 972 605 1013 quid
615 971 636 1001 fi
642 971 706 1012 jam
716 973 822 1002 nocuit
833 973 844 1000 ?
861 981 898 1001 an
908 981 963 1001 vos
972 973 1148 1002 acerrimam

191 1016 276 1046 illam
286 1036 295 1049 2
316 1015 349 1045 &
358 1012 546 1046 fortissimam
561 1013 668 1054 populi
679 1015 773 1043 Rom.
785 1013 928 1043 libertatis
940 1013 1147 1054 recuperandae

190 1058 382 1098 cupiditatem
393 1077 402 1090 ,
415 1066 480 1087 non
489 1057 687 1086 imminutam
699 1075 707 1089 ,
719 1065 751 1086 ac
758 1055 945 1086 debilitatam
953 1057 1060 1095 putatis
1070 1056 1149 1096 lega-

189 1101 272 1129 tione
280 1101 359 1139 pacis
369 1098 468 1129 audita
479 1101 489 1127 ?
498 1097 570 1139 quid
580 1098 748 1137 municipia
757 1097 883 1127 censetis
895 1096 985 1138 ?quid
996 1097 1149 1128 colonias?

189 1140 261 1181 quid
271 1139 412 1171 cunsffiim
424 1140 561 1170 Italiam?
575 1138 707 1170 futuram
719 1139 827 1169 codem
838 1138 937 1170 studio
946 1159 954 1173 ‚
969 1149 1031 1180 quo
1043 1147 1147 1170 contra

188 1192 356 1212 commune
365 1182 541 1212 incendium
551 1182 714 1212 exarserat?
733 1191 769 1211 an
781 1190 845 1211 non
858 1189 997 1221 putamus
1009 1180 1074 1211 fore
1086 1201 1094 1214 ,
1115 1189 1148 1211 ut

189 1233 243 1254 eos
253 1225 393 1265 poenireat
405 1222 551 1264 professos
565 1221 623 1253 effe
634 1243 643 1256 ,
664 1222 697 1253 &
706 1232 765 1263 prae
775 1223 803 1253 se
814 1221 911 1253 tuliss'e
921 1222 1029 1253 odium
1040 1224 1073 1252 in
1085 1226 1148 1254 An-

192 1269 316 1296 tonium
331 1286 339 1299 ,
358 1269 411 1307 qui
422 1267 563 1306 pecunias
571 1265 699 1305 polliciti
710 1265 796 1298 sunt,
811 1266 863 1305 qui
874 1274 955 1295 arma
966 1285 975 1297 ,
997 1266 1049 1305 qui
1062 1265 1090 1295 se
1101 1274 1148 1295 to-

193 1315 238 1338 tos
249 1308 400 1338 &animis
411 1327 420 1341 ,
442 1307 475 1338 &
492 1306 668 1346 corporibus
685 1308 718 1336 in
737 1307 861 1337 salutem
879 1306 996 1346 reipub.
1010 1307 1149 1337 contule-

189 1352 283 1380 runt?
305 1349 571 1390 Qemadmodum
583 1347 713 1378 vestrum
728 1349 786 1378 hoc
798 1346 959 1378 consilium
971 1350 1069 1388 Capua
1077 1358 1145 1388 pro-

189 1390 272 1421 babit
280 1410 289 1425 ,
303 1401 368 1432 quae
380 1390 568 1431 temporibus
577 1390 624 1419 his
633 1391 734 1419 Roma
743 1390 829 1420 altera
840 1388 902 1420 est?
920 1390 971 1420 illa
981 1391 1093 1430 impios
1104 1392 1147 1420 ci-

189 1435 254 1462 veis
270 1433 414 1472 judicavit
423 1452 432 1465 ‚
451 1433 556 1471 ejecit,
578 1429 710 1461 exclusit.
740 1431 807 1464 illi,
827 1431 894 1465 illi,
914 1433 1038 1473 inquam
1049 1451 1058 1466 ,
1079 1432 1146 1462 urbi

188 1473 347 1504 fortiffime
356 1475 497 1507 conanti,
508 1473 524 1503 ὲ
536 1472 677 1503 manibus
686 1472 729 1503 est
737 1482 854 1513 ereptus
863 1474 1027 1504 Antonius.
1042 1473 1146 1513 Qid?

187 1516 345 1556 legionum
356 1514 522 1546 nostrarum
532 1524 642 1545 nervos
651 1525 754 1545 nonne
765 1516 811 1545 his
825 1514 957 1545 consiliis
965 1515 1144 1546 incidimus?

187 1558 256 1597 quis
265 1557 308 1587 est
317 1558 412 1590 enim,
423 1559 474 1598 qui
485 1557 521 1588 ad
530 1556 645 1587 bellurn
656 1555 846 1587 inflammato
856 1559 961 1587 animo
972 1555 1004 1587 sit
1012 1557 1143 1591 futurus,

180 1600 305 1641 spepacu
314 1599 410 1630 oblata
421 1602 432 1628 ?
449 1599 511 1639 ipsa
520 1599 571 1629 illa
582 1600 688 1629 Martia
697 1618 706 1633 ‚
727 1597 856 1630 coelestis
864 1619 873 1633 ‚
896 1598 930 1629 δε
940 1599 1042 1630 divina
1052 1600 1143 1640 legio,

186 1642 246 1671 hoc
254 1642 365 1671 nuntio
375 1641 558 1683 languescet,
570 1640 603 1670 &
613 1641 770 1671 mollietur
780 1660 788 1674 ,
799 1650 885 1681 atque
893 1641 969 1671 illud
979 1642 1145 1681 pulcherri-

185 1692 274 1712 mum
285 1685 429 1713 Martium
439 1693 554 1713 nomen
564 1684 697 1713 amittet:
715 1682 955 1723 excidentgladii
966 1694 971 1713 :
993 1682 1088 1714 fluent
1099 1693 1144 1714 ar-

185 1734 238 1755 ma
246 1724 283 1754 de
293 1725 444 1755 manibus.
467 1728 610 1755 Senatum
619 1726 703 1755 enim
715 1726 811 1755 secuta
821 1745 831 1758 ‚
845 1735 908 1755 non
918 1725 1104 1756 arbitrabitur
1114 1726 1143 1755 se

186 1766 317 1807 graviori
336 1766 410 1797 odio
430 1768 462 1796 in
473 1768 644 1797 Antonium
664 1764 721 1796 effe
740 1766 848 1797 debere
858 1787 867 1800 ‚
885 1777 976 1807 quam
994 1767 1140 1797 senatum.

190 1807 283 1838 Pudet
296 1808 384 1846 hujus
399 1808 526 1848 legionis
536 1828 545 1842 ,
564 1808 656 1848 pudet
664 1810 780 1850 Qartae
791 1829 801 1842 ‚
822 1818 887 1849 qua:
896 1811 958 1847 pari
967 1810 1076 1839 virtute
1085 1818 1143 1839 no-

185 1847 277 1879 stram
286 1848 492 1880 auc‘toritatem
503 1850 631 1890 probans
641 1869 650 1883 ,
665 1860 729 1880 non
740 1859 772 1880 ut
781 1850 937 1880 consulem
950 1870 959 1883 ,
972 1849 1005 1880 &
1015 1851 1143 1890 impera-

181 1898 282 1921 torem
295 1891 383 1921 suum
394 1911 404 1924 ‚
424 1891 473 1921 sed
493 1900 526 1922 ut
540 1890 657 1922 hostem
668 1911 676 1925 ‚
697 1892 730 1921 &
740 1900 978 1932 oppugnatorem
987 1893 1088 1931 patriae
1096 1901 1143 1922 re-

184 1932 274 1973 liquit
283 1934 453 1963 Antonium
466 1943 471 1962 :
490 1932 582 1973 pudet
590 1934 699 1972 optimi
710 1935 858 1963 exercitus
870 1953 879 1967 ,
918 1932 1142 1972 uiconjunfims

185 1974 229 2004 est
247 1984 285 2004 ex
303 1974 439 2005 duobus:
455 1977 507 2015 qui
521 1975 584 2014 jam
601 1973 757 2009 lustratus,
775 1976 828 2016 qui
838 1983 891 2014 pro
907 1974 989 2005 cetus
999 1975 1034 2005 ad
1045 1977 1141 2005 Muti-

184 2025 256 2046 nam
267 2015 309 2046 est
320 2027 325 2046 :
336 2014 419 2057 quisi
428 2018 507 2056 pacis
516 2035 525 2050 ‚
537 2016 567 2046 id
578 2015 621 2047 est
630 2036 638 2049 ‚
649 2016 755 2045 timoris
765 2015 847 2052 nostri
856 2025 972 2047 nomen
982 2016 1139 2047 audiverit:

188 2060 201 2084 ³
213 2067 243 2088 ut
254 2067 317 2088 non
327 2057 431 2088 referat
441 2058 550 2098 pedem
561 2078 569 2092 ,
589 2056 701 2088 insistet
709 2067 798 2088 certe.
820 2061 838 2085 4
846 2058 918 2099 quid
929 2060 1013 2088 enirn
1026 2079 1034 2092 ‚
1052 2068 1141 2089 revo-

184 2108 270 2129 cante
291 2119 300 2133 ‚
331 2100 364 2130 &
380 2102 511 2140 receptui
528 2109 652 2130 canente
668 2100 769 2130 senatu
787 2120 796 2134 ,
818 2109 955 2141 properet
976 2100 1118 2131 dimicare
1128 2104 1141 2130 ἓ

145 2150 170 2181 4
186 2140 266 2182 Qid
276 2149 375 2171 autern
386 2142 445 2172 hoc
454 2141 607 2182 injustius,
618 2151 708 2183 quam
718 2151 776 2172 nos
785 2162 795 2175 ‚
810 2141 1008 2173 inscientibus
1018 2144 1054 2173 iis
1062 2162 1071 2177 ,
1087 2144 1140 2184 qui

184 2181 297 2212 bellurn
308 2191 425 2223 gerunt,
437 2183 473 2214 de
483 2193 553 2224 pace
563 2184 720 2214 decernere
731 2187 742 2213 ἓ
753 2193 809 2214 nec
819 2183 917 2214 solum
928 2184 1137 2229 inscientibus,

180 2224 330 2259 sedsetiam
343 2226 466 2255 invitis?
477 2229 525 2256 An
534 2235 588 2256 vos
597 2227 788 2259 A.Hirtium‚
798 2224 1054 2266 praeclariflimum
1064 2236 1139 2257 con-

180 2265 276 2296 sulem
287 2286 296 2299 ,
308 2269 341 2297 C⁴
352 2267 495 2297 Caesarem
507 2288 515 2300 ‚
526 2267 654 2298 deorum
664 2266 815 2298 beneficio
827 2275 930 2298 natum
940 2268 975 2298 ad
987 2269 1049 2299 haec
1060 2277 1138 2298 tem-

179 2316 250 2348 pora
260 2327 270 2341 ,
289 2317 420 2349 quorum
434 2308 571 2348 epistolas
581 2329 590 2343 ‚
610 2310 692 2350 spem
712 2309 849 2339 vinstoriae
868 2309 1061 2340 declaranteis
1073 2330 1081 2344 ‚
1103 2313 1136 2341 in

177 2358 272 2380 manu
283 2358 370 2380 teneo
380 2370 388 2384 ‚
409 2359 513 2389 pacem
529 2351 609 2388 velle
625 2351 771 2381 censetis?
786 2352 907 2381 vincere
917 2351 963 2381 illi
973 2360 1136 2391 expetunt:

177 2392 313 2432 pacisque
323 2390 525 2422 dulciffimum
537 2412 546 2426 ‚
568 2392 850 2433 &pulcherrimum
866 2402 983 2423 nomen
1002 2403 1067 2423 non
1081 2401 1136 2435 pa-

179 2430 285 2466 stione,
296 2433 345 2463 sed
357 2432 482 2464 vistoria
489 2437 716 2475 concupierunt.
740 2434 822 2476 Qid
834 2434 845 2460 ?
858 2434 987 2465 Galliam
999 2444 1060 2476 quo
1071 2444 1135 2466 tan·

178 2473 249 2504 dem
268 2477 373 2505 animo
390 2475 465 2506 hanc
480 2485 544 2506 rem
561 2476 726 2507 audituram
742 2477 872 2516 putatis?
890 2476 942 2506 illa
951 2478 1034 2507 enim
1045 2478 1135 2517 hujus

176 2515 250 2545 belli
261 2517 468 2556 propulsandi,
488 2517 716 2549 administrandi
728 2538 738 2552 ,
758 2517 922 2548 sustinendi
932 2520 1133 2558 principatum

175 2565 269 2587 tenet.
293 2559 388 2588 Gallia
397 2560 439 2588 D.
451 2561 532 2589 Bruti
541 2568 652 2590 nutum
662 2560 761 2600 ipsum
772 2578 781 2594 ‚
799 2569 836 2589 ne
847 2560 945 2590 dicam
955 2562 1131 2600 imperium,

175 2599 273 2630 secuta
282 2619 290 2633 ,
302 2601 394 2630 armis
403 2619 411 2633 ‚
423 2602 495 2630 viris
505 2621 514 2635 ‚
523 2603 648 2641 pecunia
658 2621 666 2635 ‚
681 2602 751 2631 belli
761 2602 907 2640 principia
917 2599 1065 2632 firmavit:
1083 2613 1132 2633 ea—

176 2640 247 2671 dem
257 2641 425 2673 crudelitati
435 2643 479 2672 M.
488 2644 616 2673 Antonii
627 2642 713 2673 suum
724 2651 823 2672 totum
834 2650 927 2683 corpus
937 2643 1065 2682 objecit:
1076 2654 1130 2674 ex-

1179 141 1799 197 -DUODECIMA.

2072 155 2167 220 619

1205 223 1338 254 hauritur
1347 244 1356 258 ‚
1377 224 1504 257 vastatur
1513 247 1522 261 ,
1538 229 1643 259 uritur.
1667 232 1787 261 omneis
1797 241 1884 273 aequo
1893 233 1999 263 animo
2009 232 2081 265 belli
2090 237 2167 276 pati·

1204 273 1252 295 tur
1264 267 1406 306 injuria,
1426 267 1599 300 dummodo
1611 272 1735 311 repellat
1747 274 1916 313 periculum
1931 275 2092 306 servitutis.
2116 280 2166 312 Et,

1206 314 1239 336 ut
1249 309 1386 339 omittam
1398 310 1525 351 reliquas
1534 315 1642 351 parteis
1652 314 1757 346 Galliae
1767 314 1849 354 (narn
1860 317 1928 346 sunt
1940 326 2048 348 omnes
2057 319 2166 360 pares,)

1204 350 1334 379 Patavini
1345 351 1421 381 alios
1432 353 1625 385 excluserunt
1634 375 1643 388 ,
1661 355 1737 387 aiios
1746 358 1898 397 ejecerunt
1908 378 1917 392 ‚
1937 358 2044 389 missos
2052 360 2088 391 ab
2098 363 2165 391 An-

1207 392 1293 420 tonio
1305 401 1311 419 :
1334 395 1462 431 pecunia
1473 414 1481 428 ‚
1501 395 1653 427 militibus
1664 416 1673 430 ‚
1687 397 1720 428 δε
1729 419 1737 430 ,
1750 399 1832 440 quod
1844 401 1980 431 maxime
1990 401 2090 433 deerat
2101 422 2109 437 ,
2120 412 2167 434 ar·-

1205 432 1265 460 mis
1277 432 1393 463 nostros
1404 434 1493 465 duces
1501 436 1690 476 adjuverunt.
1712 439 1849 472 fecerunt
1863 442 1948 473 idem
1962 443 2069 485 reliqui
2082 465 2091 477 ,
2111 447 2165 486 qui

1204 473 1357 512 quondam
1372 476 1403 504 in
1418 476 1522 507 eadem
1539 480 1623 510 causa
1639 490 1740 515 erant,
1759 482 1922 524 &propter
1929 485 2097 516 multorum
2109 496 2164 517 an-

1204 523 1316 543 norum
1331 515 1450 553 injurias
1462 518 1580 549 alienati
1593 520 1608 550 a
1623 521 1721 552 senatu
1732 526 1920 564 putabantur.
1943 536 2019 567 quos
2027 527 2160 559 minimi}

1204 556 1320 585 mirum
1338 556 1380 586 est
1391 577 1400 589 ,
1419 563 1641 592 communicata
1657 573 1728 594 cum
1745 566 1792 596 his
1805 576 1863 608 rep.
1877 566 1993 598 fideleis
2007 568 2065 601 ess‘e
2077 590 2085 604 ‚
2107 572 2159 611 qui

1205 597 1295 627 etiam
1306 607 1439 638 expertes
1450 602 1514 640 ejus
1524 621 1531 634 ‚
1544 600 1636 633 fidem
1645 605 1663 634 s
1660 615 1726 635 uam
1737 607 2069 649 semperpraestiterunt.
2101 614 2160 642 His
2179 618 2199 650 5

1203 639 1295 678 igitur
1311 640 1456 670 omnibus
1473 642 1631 675 victoriam
1646 646 1828 685 sperantibus
1841 654 1921 691 pacis
1930 662 2046 682 nomen
2056 651 2160 683 affere·

1204 689 1273 709 mus
1283 700 1292 714 ‚
1312 680 1343 711 id
1354 681 1397 711 est
1407 701 1415 715 ‚
1437 682 1674 723 desperationem
1688 688 1841 722 viGtoriae?
1864 693 1945 734 Qiid
1956 713 1965 727 ,
1986 692 2006 723 si
2016 704 2054 724 ne
2063 694 2161 735 potest

1202 721 1326 768 quidem
1337 723 1398 753 ulla
1407 722 1464 754 effe
1472 728 1551 764 pax?
1570 729 1629 767 Q
1641 738 1671 757 Ε
1688 738 1708 758 1:
1718 740 1740 758 N
1751 741 1761 759 i
1775 742 1800 761 M
1820 733 1863 763 est
1871 730 2008 765 conditio
2018 746 2097 775 pacis
2107 757 2115 769 ‚
2130 739 2159 767 in

1200 773 1258 803 qua
1267 774 1293 793 ei
1307 783 1315 797 ‚
1330 774 1399 795 curri
1412 775 1473 806 quo
1480 776 1582 806 pacem
1594 769 1681 800 facias
1692 790 1700 803 ,
1718 773 1796 801 ni’riil
1805 776 1930 805 concedi
1941 777 2058 816 potest?
2076 779 2161 809 Mul·-

1200 807 1238 834 tis
1251 805 1339 835 rebus
1353 806 1368 836 a
1382 807 1470 837 nobis
1485 810 1630 841 invitatus
1640 811 1675 841 ad
1684 821 1787 852 pacem
1798 818 1967 847 Antonius:
1987 819 2101 851 bellum
2113 829 2158 851 ta-

1202 856 1273 877 men
1285 847 1401 878 maluit.
1425 848 1505 880 miffi.
1515 851 1600 891 legati
1612 872 1620 885 ‚
1635 863 1817 894 repugnante
1828 866 1896 887 me:
1916 860 1962 889 sed
1973 869 2075 891 tamen
2085 863 2159 892 mis-

1198 887 1229 917 fi.
1252 888 1347 920 delata
1356 891 1508 922 mandata:
1531 903 1594 923 non
1602 898 1708 934 paruit.
1733 896 1943 929 denuntiatum
1954 901 2013 935 est,
2035 913 2072 932 ne
2083 906 2157 934 Bru-

1198 938 1262 960 tum
1273 930 1420 962 obsideret
1430 952 1438 965 ,
1453 933 1469 963 a
1479 935 1598 965 Mutina
1607 936 1787 969 discederet:
1806 944 1990 982 oppugnavit
1998 945 2087 974 etiam
2100 955 2152 975 ve—

1197 972 1379 1003 hementius.
1404 973 1438 1005 ὃς
1450 975 1485 1005 ad
1497 986 1566 1006 eum
1579 977 1690 1019 legatos
1699 979 1736 1009 de
1746 990 1816 1020 pace
1827 985 1984 1013 mittemus
1996 1004 2004 1017 ,
2015 988 2067 1025 qui
2078 996 2155 1025 pacis

1195 1016 1320 1044 nuntios
1338 1016 1527 1060 repudiavit?
1545 1020 1837 1053 verecundioremne
1854 1035 1947 1054 coram
1964 1035 2102 1065 putamus
2123 1031 2155 1059 in

1197 1055 1376 1095 postulando
1386 1062 1450 1088 tore
1462 1078 1469 1093 ‚
1491 1059 1582 1100 quam
1592 1061 1684 1093 fuerit
1694 1072 1758 1094 tum
1769 1084 1778 1098 ,
1797 1064 1871 1095 cum
1883 1066 1964 1098 misit
1973 1069 2110 1099 mandata
2119 1071 2152 1100 ad

1195 1098 1328 1129 senatum
1345 1102 1357 1129 ἓ
1380 1102 1472 1141 Atqui
1483 1110 1548 1132 tum
1562 1113 1593 1133 ea
1603 1104 1736 1143 petebat,
1756 1116 1822 1147 quae
1831 1107 2155 1151 videbanturimproba

1198 1142 1330 1171 omnino
1342 1161 1351 1174 ‚
1371 1141 1420 1172 sed
1431 1152 1532 1174 tamen
1542 1145 1643 1185 aliquo
1653 1147 1747 1178 modo
1757 1148 1840 1188 poffe
1849 1151 1994 1181 concedi:
2013 1153 2154 1183 nondum

1193 1190 1253 1212 erat
1262 1182 1367 1213 vestris
1378 1192 1437 1214 tarn
1447 1184 1625 1226 gravissimis
1638 1209 1646 1221 ,
1662 1198 1781 1229 tamque
1792 1191 1897 1222 multis
1902 1193 1913 1230 j
1919 1192 2027 1223 udiciis
2037 1214 2046 1228 2
2067 1196 2155 1236 igno-e

1195 1224 1358 1265 miniisque
1368 1227 1506 1257 concisus
1521 1238 1527 1257 z
1543 1238 1625 1258 nunc
1643 1239 1675 1260 ea
1692 1234 1787 1271 petit,
1808 1242 1873 1273 quae
1884 1233 1950 1265 dare
1960 1236 2048 1266 nullo
2058 1237 2153 1267 modo

1194 1264 1351 1305 possumus
1360 1287 1368 1300 ‚
1381 1267 1436 1297 nisi
1447 1268 1530 1308 prius
1540 1271 1683 1302 volumus
1694 1282 1750 1303 nos
1761 1273 1825 1303 helio
1836 1274 1927 1304 υίὸἶοε
1934 1275 2080 1308 confiteri.
2100 1281 2153 1309 Se-

1193 1308 1415 1340 natusconsulta
1427 1309 1497 1340 falla
1511 1311 1606 1342 delata
1618 1313 1654 1343 ab
1667 1324 1704 1344 eo
1712 1315 1929 1355 judicavimus.
1952 1328 2029 1349 num
2040 1329 2073 1350 ea
2083 1329 2151 1351 vera

1192 1348 1349 1390 possumus
1358 1351 1514 1391 J'udicare?
1536 1356 1633 1395 Leges
1648 1354 1808 1387 statuimus
1825 1368 1878 1398 per
1896 1361 1963 1390 vim
1975 1379 1984 1394 ‚
2005 1361 2038 1391 &
2050 1371 2153 1393 contra

1193 1392 1323 1431 auspicia
1342 1392 1429 1423 latas:
1451 1395 1548 1435 iisque
1565 1405 1620 1427 nec
1637 1399 1786 1438 populum
1799 1420 1808 1433 ,
1828 1410 1885 1431 nec
1902 1402 2023 1442 plebem
2044 1406 2149 1433 teneri.

1191 1443 1268 1463 num
1282 1444 1329 1464 eas
1342 1435 1455 1466 restitui
1470 1435 1552 1476 poffe
1564 1440 1712 1470 censetis?
1735 1440 1910 1473 Sestertium
1921 1444 2027 1483 septies
2038 1445 2152 1475 millies

1191 1474 1327 1506 avertiffe
1344 1480 1515 1508 Antonium
1538 1482 1672 1519 pecuniae
1693 1483 1821 1522 publicae
1845 1484 2041 1524 judicavistis.
2074 1495 2151 1516 num

1191 1516 1293 1548 fraude
1306 1520 1416 1558 poterit
1429 1529 1524 1550 carere
1538 1523 1690 1561 peculatus
1702 1527 1714 1553 ἓ
1737 1527 1949 1556 immunitates
1958 1527 1995 1557 ab
2004 1537 2042 1558 eo
2052 1547 2060 1561 ‚
2075 1529 2153 1558 civi-

1191 1567 1262 1589 tates
1274 1579 1282 1593 ,
1293 1560 1453 1591 sacerdotia
1463 1582 1472 1596 ‚
1483 1572 1573 1603 regna
1583 1566 1752 1596 venierunt.
1775 1576 1851 1597 num
1863 1565 1990 1609 figentur
2000 1569 2099 1599 rursus
2111 1579 2150 1600 eae

1192 1600 1298 1631 tabula:
1308 1621 1315 1634 ‚
1328 1611 1399 1643 quas
1408 1613 1462 1633 vos
1473 1603 1598 1635 decretis
1607 1605 1711 1636 vestris
1719 1606 1859 1639 refixistis
1870 1613 1880 1638 ἓ
1896 1609 1987 1651 Qud
1999 1609 2019 1640 si
2029 1621 2072 1644 ea,
2085 1621 2150 1652 qua:
2168 1617 2191 1649 6

1189 1642 1377 1673 decrevimus
1388 1664 1396 1676 ‚
1410 1645 1537 1676 obruere
1547 1647 1692 1678 volumus
1703 1668 1711 1683 ‚
1726 1659 1802 1680 num
1810 1652 1901 1681 etiam
1911 1654 2091 1683 memoriam
2103 1664 2150 1683 re-

1191 1694 1260 1714 rum
1270 1684 1368 1715 delere
1377 1684 1555 1726 poss‘umus?
1573 1690 1693 1730 quando
1711 1693 1796 1722 enim
1813 1692 2008 1724 obliviscetur
2021 1695 2082 1725 ulla
2094 1705 2152 1736 po-

1191 1725 1304 1757 steritas
1316 1747 1324 1760 ‚
1343 1729 1390 1768 cuj
1395 1738 1428 1758 us
1437 1728 1545 1760 scelere
1561 1733 1575 1757 5
1584 1734 1618 1761 in
1628 1732 1683 1762 hac
1696 1732 1821 1763 vestitus
1833 1733 1969 1765 foeditate
1981 1735 2150 1767 fuerimus

1189 1776 1224 1798 ut
1233 1771 1445 1800 centurionem
1456 1771 1584 1810 legionis
1595 1774 1709 1804 Martiae
1721 1774 1869 1806 Brundisii
1882 1776 2021 1817 profusus
2033 1778 2153 1820 sanguis

1188 1810 1313 1844 eluatur,
1326 1821 1402 1842 num
1411 1813 1473 1842 elui
1481 1813 1637 1852 pradicatio
1647 1816 1828 1847 crudelitatis
1835 1820 1966 1858 poterit?
1977 1816 1994 1838 ⁶
2005 1827 2038 1850 ut
2046 1821 2149 1852 media

1188 1861 1360 1892 praeteream
1371 1873 1380 1887 ‚
1402 1863 1468 1895 quae
1482 1855 1608 1886 vetustas
1618 1857 1704 1888 tollet
1713 1867 1840 1898 operum
1848 1861 1925 1890 circa
1933 1862 2087 1892 Mutinam
2097 1871 2148 1894 tae-

1189 1902 1232 1923 tra
1248 1903 1469 1930 monumenta,
1489 1897 1606 1928 sceleris
1621 1899 1735 1930 indicia
1745 1920 1755 1933 ‚
1775 1900 1983 1943 latrociniiqiie
1999 1903 2074 1934 vesti
2097 1906 2123 1935 ia
2133 1908 2146 1934 Ξ

1192 1936 1576 1977 Huicigiturimportuno,
1591 1948 1677 1980 atque
1686 1942 1808 1981 impuro
1819 1944 1972 1982 parricidae
1982 1964 1991 1978 ,
2009 1947 2062 1986 qui
2094 1948 2147 1976 ha*

1190 1976 1309 2010 bemus,
1320 1986 1372 2017 per
1381 1977 1452 2008 deos
1462 1980 1662 2012 immortaleis
1672 2001 1680 2014 ,
1692 1983 1774 2023 quod
1784 1987 1971 2016 remittamus
1982 1989 1993 2015 ?
2014 1990 2065 2017 An
2075 1988 2149 2018 Gal-

1188 2018 1260 2048 liam
1271 2019 1411 2049 ultimam
1424 2039 1432 2053 ,
1453 2020 1486 2050 &
1495 2024 1682 2053 exercitum?
1700 2029 1716 2052 7
1723 2025 1797 2065 quid
1807 2025 1850 2056 est
1858 2026 1941 2057 aliud
1949 2026 2040 2068 quam
2051 2048 2060 2063 ‚
2081 2039 2145 2060 non

1187 2069 1289 2100 pacem
1302 2059 1396 2090 facere
1407 2081 1415 2095 ‚
1437 2061 1486 2092 sed
1503 2062 1612 2104 dtfferre
1627 2063 1749 2096 beilum?
1771 2062 1849 2098 8nec
1866 2068 1969 2099 solum
1989 2080 2148 2111 prorogare

1190 2102 1306 2132 bellum
1317 2122 1325 2136 ‚
1337 2102 1387 2132 sed
1396 2103 1562 2135 concedere
1570 2107 1661 2137 etiam
1670 2107 1830 2140 vinstmiam
1840 2115 1850 2142 Ξ
1872 2113 1922 2140 An
1930 2111 1982 2141 ille
1992 2121 2056 2142 non
2066 2115 2149 2144 vice—

1190 2145 1227 2174 rit
1237 2163 1246 2177 ,
1264 2153 1453 2186 quacumque
1465 2146 1642 2178 conditione
1655 2150 1687 2179 in
1700 2150 1776 2181 hanc
1786 2151 1891 2182 urbem
1903 2162 1975 2182 cum
1985 2153 2045 2184 suis
2054 2164 2148 2185 vene-

1189 2187 1248 2217 rit?
1268 2188 1358 2216 armis
1369 2196 1450 2217 nunc
1459 2190 1565 2219 omnia
1574 2198 1713 2221 tenemus
1724 2202 1730 2221 :
1749 2191 1922 2224 au&oritate
1931 2195 2068 2226 valemus
2077 2197 2147 2236 plu-

1187 2229 1320 2258 rimum:
1339 2227 1444 2259 absunt
1461 2238 1506 2260 tot
1521 2230 1628 2270 perditi
1642 2234 1741 2267 cives,
1762 2233 1913 2265 nefarium
1922 2235 2144 2268 secutiducem.

1187 2278 1289 2299 tamen
1298 2279 1406 2300 eorum
1417 2280 1468 2301 ora
1478 2290 1487 2306 ,
1506 2272 1661 2304 sermones
1672 2295 1681 2308 ,
1702 2277 1754 2316 qui
1773 2278 1804 2306 in
1824 2277 1897 2307 urbe
1913 2287 1952 2308 ex
1965 2288 2001 2308 eo
2014 2289 2145 2310 numero

1185 2311 1282 2341 relicti·
1292 2312 1361 2342 sunt
1371 2332 1380 2345 ‚
1400 2311 1476 2343 serre
1494 2323 1559 2344 non
1577 2314 1744 2354 possumus.
1767 2318 1839 2359 quid
1850 2319 1978 2350 censetis
1989 2316 2003 2353 ,¹
2017 2319 2089 2351 cum
2101 2329 2146 2353 tot

1186 2363 1248 2383 uno
1260 2362 1395 2393 tempore
1406 2356 1586 2395 irruperint?
1600 2360 1615 2384 9
1624 2368 1680 2388 nos
1690 2369 1770 2389 arma
1779 2360 1968 2400 posuerimus
1979 2382 1987 2395 ‚
2002 2363 2048 2392 illi
2060 2366 2145 2393 non?

1185 2404 1290 2425 nonne
1299 2404 1356 2425 nos
1367 2394 1458 2431 nostris
1466 2397 1579 2438 consiliis
1591 2398 1688 2430 νὶὲὶοε
1701 2402 1734 2430 in
1744 2410 1920 2442 perpetuum
1930 2403 1995 2433 fore
2007 2406 2017 2433 ?
2037 2406 2144 2435 Ponite

1183 2445 1250 2467 ante
1261 2437 1366 2467 oculos
1376 2439 1420 2467 M.
1431 2441 1601 2470 Antonium
1614 2442 1818 2474 consularem:
1830 2445 1996 2484 sperantem
2005 2446 2144 2477 consula*

1184 2487 1249 2508 tum
1260 2480 1391 2509 Lucium
1401 2479 1553 2521 adjungite
1566 2493 1571 2512 :
1592 2483 1724 2523 supplete
1734 2494 1846 2515 ceteros
1856 2505 1865 2519 ,
1879 2496 1976 2526 neque
1987 2486 2082 2517 nostri
2091 2498 2143 2519 or-

1184 2520 1266 2550 dinis
1285 2521 1383 2551 solum
1395 2541 1404 2555 ,
1422 2523 1552 2553 honores
1573 2525 1606 2554 &
1622 2528 1747 2565 imperia
1763 2526 1972 2557 meditanteis:
1990 2530 2086 2559 nolite
2100 2540 2140 2560 ne

1181 2564 1313 2593 Tirones
1322 2563 1458 2603 quidem,
1474 2565 1642 2600 Numisios,
1657 2567 1690 2596 δε
1702 2570 1732 2586 ¹0
1743 2567 1897 2599 Mustellas
1906 2588 1915 2602 ‚
1930 2570 2054 2600 Saxasve
2064 2581 2141 2602 con-

1181 2612 1323 2634 temnere.
1347 2614 1415 2634 cum
1431 2606 1477 2634 his
1490 2604 1566 2638 fasta
1578 2617 1635 2647 pax
1645 2627 1654 2641 ,
1675 2618 1738 2638 non
1751 2611 1807 2639 erit
1814 2619 1872 2649 pax
1882 2630 1891 2644 ‚
1911 2611 1960 2641 sed
1970 2611 2070 2651 Ραᾶὶίο
2079 2613 2139 2644 ser-

1180 2647 1294 2676 vitutis.
1317 2647 1354 2675 L.
1365 2647 1479 2676 Pisonis
1488 2665 1497 2680 ‚
1508 2647 1682 2689 amplissimi
1691 2651 1747 2680 viri
1758 2670 1766 2684 ,
1777 2652 1912 2692 praeclara
1920 2662 1983 2683 vox
1991 2671 2000 2687 ,
2009 2653 2025 2684 a
2034 2663 2062 2684 te
2072 2664 2137 2685 non

2039 2696 2140 2728 solum

941 2733 2127 2750 Ἣ

213 2754 238 2772 1.
258 2747 310 2772 *Tucs
319 2747 520 2780 enimvaimis,
530 2749 598 2782 dyc]
618 2747 781 2774 Gulielmius
792 2748 1009 2782 legitscvtinffmis
1023 2767 1031 2781 ‚
1049 2757 1077 2776 ut
1088 2749 1130 2776 su-

159 2789 192 2816 pr
204 2791 219 2807 a
229 2790 272 2808 xr.
283 2791 339 2817 cap.
349 2782 377 2808 6.
388 2781 434 2807 sub
444 2782 536 2810 finem.

209 2825 237 2843 2.
257 2819 353 2851 Fayhm
359 2818 495 2851 proditionis
504 2818 586 2853 iifisia
613 2821 707 2846 itionem
719 2838 727 2851 ‚
736 2819 805 2854 lya]
829 2820 994 2852 Voxprodrtio
1003 2830 1072 2847 nunc
1086 2821 1133 2848 de-

170 2861 247 2879 mum
258 2853 419 2889 postliminio
428 2854 530 2880 accedit
541 2856 678 2882 Ciceroni.
689 2863 792 2882 aetatem
803 2856 934 2891 integram
947 2856 1078 2883 exulavit.
1090 2866 1134 2883 re-

175 2888 223 2914 stat
234 2889 259 2915 in
270 2888 331 2916 edd.
350 2889 442 2926 primis
453 2891 479 2916 Sc
491 2890 549 2918 iuss.
560 2891 655 2919 nostris
669 2891 791 2919 omnibus
805 2911 812 2923 ‚
824 2893 887 2918 item
901 2891 1009 2919 Suffridi
1028 2894 1055 2919 εἰ
1070 2893 1135 2920 Hit-

178 2930 222 2950 ποτ
241 2933 310 2951 iano.

214 2933 242 2995 3P.
263 2963 291 2985 Ut
300 2971 344 2986 non
355 2963 538 2995 reseratpedem‚
548 2963 734 2998 infistet‚fimh.]
757 2963 919 2991 Gulielmius
931 2964 1035 3000 legebat
1047 2984 1055 2997 ‚
1075 2967 1131 2998 :stet-

176 3002 204 3021 nt
215 2995 278 3031 quid
291 2996 307 3022 si
317 2996 386 3023 idem
399 3006 474 3025 notet
489 3000 617 3035 vulgata?
635 3009 693 3036 quae
704 3001 728 3027 in
740 3000 797 3026 mss'.
808 3001 938 3026 omni-ini.

211 3038 240 3063 4.
260 3032 327 3067 Qid
333 3035 393 3058 enim
404 3042 525 3061 revocante.
535 3055 543 3067 ‚
562 3036 630 3070 &c.]
652 3036 739 3063 Retro
750 3036 850 3072 vulgati
863 3055 871 3067 ,
883 3045 944 3069 «quis,
965 3035 1006 3062 sed
1018 3036 1130 3063 alterurn

178 3067 213 3093 cst
225 3068 239 3092 :i
252 3067 308 3093 Pal.
318 3066 367 3094 sec.
387 3069 413 3094 8<
425 3071 585 3098 membranis
595 3071 706 3098 Sum-idi
719 3081 728 3104 ;
752 3072 837 3108 licque
851 3073 956 3100 videtur
967 3073 1045 3099 initio
1058 3072 1133 3099 fuisse

178 3104 205 3130 iii
218 3102 343 3138 Hittorp.

216 3148 242 3171 ς.
262 3142 290 3164 In
299 3140 344 3179 has
351 3141 585 3178 vcstitmsoedime]
615 3143 729 3174 Codices
740 3143 847 3180 quidam
859 3144 874 3172 :i
885 3143 1004 3174 Suffrido
1012 3144 1135 3181 inspeffi,

175 3176 265 3209 aestui.
287 3179 408 3211 antique.

1153 3033 1155 3042 ¹
1169 3041 1298 3070 posuerim.
1319 3039 1346 3064 ὃς
1359 3048 1422 3064 vero
1434 3039 1592 3071 nostri,itcin
1605 3041 1672 3068 Suss.
1683 3051 1741 3069 caui
1752 3052 1845 3071 vocem
1856 3044 1963 3077 liabent,
1975 3045 2017 3072 sed
2031 3046 2139 3073 auctio-

1209 2752 1236 2776 6.
1257 2755 1285 2776 Ut
1295 2753 1521 2784 medmpraetrrtam,
1531 2752 1598 2786 Cra]
1623 2753 1745 2789 Hittorp.
1767 2755 1876 2781 mediam.
1896 2756 1965 2783 uude
1983 2764 2058 2792 putat
2077 2758 2136 2784 Gu-

1173 2787 1288 2813 lielmius
1301 2786 1495 2814 i·eicribeiidiiiii
1507 2788 1621 2814 int-diam.

1212 2830 1239 2856 7.
1259 2824 1323 2856 Qiil
1332 2826 1366 2848 cr?
1375 2824 1522 2857 ai‘iu..'15uam
1534 2843 1541 2854 ‚
1553 2826 1794 2860 nortpaccnifaccre]
1818 2827 1965 2855 Lambinus
1977 2827 2080 2855 sustulit
2091 2837 2137 2857 ue-

1174 2859 1304 2894 gativani,
1318 2868 1369 2886 non
1381 2859 1539 2886 :iucltoritatc
1552 2859 1692 2893 librorum,
1707 2861 1749 2888 sed
1764 2862 1797 2889 dc
1807 2863 1962 2895 conjectura
1974 2866 2101 2892 Ferrarii.

1211 2893 1238 2920 S.
1257 2896 1391 2929 Qtfhlum
1399 2905 1521 2928 prorogare
1531 2897 1637 2930 bellurn]
1667 2899 1781 2925 Ferrarii
1793 2898 1988 2934 nimprnpagare
2001 2920 2008 2933 ‚
2023 2901 2139 2938 recepir-

1176 2932 1265 2965 quein
1278 2939 1434 2957 centenum
1447 2932 1595 2958 Manutius.
1619 2932 1697 2961 habet
1708 2934 1742 2960 lic
1759 2944 1864 2971 quoque
1875 2936 1933 2963 Pal.
1953 2937 2003 2964 sec.
2022 2936 2065 2964 sed
2085 2947 2138 2965 non

1175 2966 1211 2992 cst
1223 2966 1249 2992 iii
1261 2977 1292 2992 eo
1305 2976 1355 2992 rox
1371 2969 1460 2992 bellum.

1212 3010 1240 3035 9.
1266 3006 1311 3027 Nos
1323 3012 1392 3028 arma
1407 3004 1562 3036 pqliicrimm‚
1575 3006 1662 3030 illinon
1675 3006 1708 3040 ἓ]
1731 3007 1891 3034 Posteriores
1902 3007 2063 3036 addiderunt
2075 3029 2082 3041 ,
2093 3019 2139 3037 mv:

1154 3075 1155 3088 ¹
1175 3082 1231 3105 rem
1244 3072 1342 3109 syllaba
1354 3094 1362 3106 ,
1375 3076 1529 3108 dettqfitcriut.

1216 3118 1257 3136 io.
1274 3112 1397 3143 Mustellas
1407 3112 1541 3146 Saxnjin]
1554 3112 1699 3149 Dispiciant
1708 3115 1857 3143 otiosiores.
1871 3116 1914 3143 rai
1923 3116 2023 3153 .pr.sec.
2034 3117 2141 3149 habent,

1175 3146 1275 3178 Sejos-oe.
1287 3153 1349 3172 tei-t.
1361 3155 1450 3182 quart.
1462 3147 1776 3186 iteni-Hittorp.sbcios-ne.
1787 3153 1814 3178 &
1829 3154 1891 3179 vei-c>
1904 3154 2063 3182 iveri-arianis
2075 3162 2144 3188 quo-

1154 3185 1159 3219 i
1177 3191 1227 3216 que
1236 3182 1348 3213 exulant
1357 3187 1423 3211 Saxa
1434 3193 1442 3216 5
1464 3184 1707 3221 irpraestiitantque
1717 3189 1777 3221 scjos
1787 3196 1834 3217 aut
1843 3192 1916 3217 Scio-5·

1613 3222 1683 3250 liii
1707 3233 1724 3249 2

2071 3225 2144 3251 LE*
