<?xml version="1.0" encoding="UTF-8"?>
<!DOCTYPE html PUBLIC "-//W3C//DTD XHTML 1.0 Transitional//EN"
    "http://www.w3.org/TR/xhtml1/DTD/xhtml1-transitional.dtd">
<html xmlns="http://www.w3.org/1999/xhtml" xml:lang="en" lang="en">
 <head>
  <title>
</title>
<meta http-equiv="Content-Type" content="text/html;charset=utf-8" />
  <meta name='ocr-system' content='tesseract 3.04.00' />
  <meta name='ocr-capabilities' content='ocr_page ocr_carea ocr_par ocr_line ocrx_word'/>
</head>
<body>
  <div class='ocr_page' id='page_1' title='image "./mtuliiciceroniso00cice/mtuliiciceroniso00cice_1190.png"; bbox 0 0 2379 3400; ppageno 0'>
   <div class='ocr_carea' id='block_1_1' title="bbox 286 111 1200 172">
    <p class='ocr_par' dir='ltr' id='par_1_1' title="bbox 286 111 1200 172">
     <span class='ocr_line' id='line_1_1' title="bbox 286 111 1200 172; baseline -0.019 0"><span class='ocrx_word' id='word_1_1' title='bbox 286 123 410 172; x_wconf 85' lang='lat'>1086</span> <span class='ocrx_word' id='word_1_2' title='bbox 694 111 1200 162; x_wconf 65' lang='lat' dir='ltr'>M-Tunnri</span> 
     </span>
    </p>
   </div>
   <div class='ocr_carea' id='block_1_2' title="bbox 279 190 1241 359">
    <p class='ocr_par' dir='ltr' id='par_1_2' title="bbox 279 190 1241 359">
     <span class='ocr_line' id='line_1_2' title="bbox 280 190 1239 235; baseline -0.016 -2"><span class='ocrx_word' id='word_1_3' title='bbox 280 204 354 235; x_wconf 77' lang='lat' dir='ltr'>mali</span> <span class='ocrx_word' id='word_1_4' title='bbox 366 222 373 234; x_wconf 83' lang='lat'>.</span> <span class='ocrx_word' id='word_1_5' title='bbox 388 200 416 230; x_wconf 91' lang='lat' dir='ltr'>id</span> <span class='ocrx_word' id='word_1_6' title='bbox 428 207 491 230; x_wconf 86' lang='lat' dir='ltr'>non</span> <span class='ocrx_word' id='word_1_7' title='bbox 502 196 632 227; x_wconf 80' lang='lat' dir='ltr'>naturale</span> <span class='ocrx_word' id='word_1_8' title='bbox 643 192 700 224; x_wconf 83' lang='lat' dir='ltr'>esse</span> <span class='ocrx_word' id='word_1_9' title='bbox 711 213 719 227; x_wconf 92' lang='lat'>‚</span> <span class='ocrx_word' id='word_1_10' title='bbox 742 191 790 222; x_wconf 82' lang='lat' dir='ltr'>sed</span> <span class='ocrx_word' id='word_1_11' title='bbox 806 191 998 230; x_wconf 39' lang='lat' dir='ltr'>voluntario-j</span> <span class='ocrx_word' id='word_1_12' title='bbox 1003 190 1116 223; x_wconf 86' lang='lat' dir='ltr'>udicio,</span> <span class='ocrx_word' id='word_1_13' title='bbox 1129 190 1162 220; x_wconf 75' lang='grc' dir='ltr'>δε</span> <span class='ocrx_word' id='word_1_14' title='bbox 1171 190 1239 229; x_wconf 81' lang='lat' dir='ltr'>opi-</span> 
     </span>
     <span class='ocr_line' id='line_1_3' title="bbox 280 229 1238 277; baseline -0.015 -3"><span class='ocrx_word' id='word_1_15' title='bbox 280 246 384 277; x_wconf 87' lang='lat' dir='ltr'>nionis</span> <span class='ocrx_word' id='word_1_16' title='bbox 403 249 502 271; x_wconf 86' lang='lat' dir='ltr'>errore</span> <span class='ocrx_word' id='word_1_17' title='bbox 519 235 718 268; x_wconf 60' lang='lat' dir='ltr'>contrafiium.</span> <span class='ocrx_word' id='word_1_18' title='bbox 742 232 899 262; x_wconf 67' lang='lat' dir='ltr'>trastatum</span> <span class='ocrx_word' id='word_1_19' title='bbox 911 230 1088 262; x_wconf 74' lang='lat' dir='ltr'>estautema</span> <span class='ocrx_word' id='word_1_20' title='bbox 1099 231 1188 261; x_wconf 88' lang='lat' dir='ltr'>nobis</span> <span class='ocrx_word' id='word_1_21' title='bbox 1208 229 1238 260; x_wconf 89' lang='lat' dir='ltr'>id</span> 
     </span>
     <span class='ocr_line' id='line_1_4' title="bbox 279 272 1240 328; baseline -0.012 -13"><span class='ocrx_word' id='word_1_22' title='bbox 279 293 373 328; x_wconf 78' lang='lat' dir='ltr'>genus</span> <span class='ocrx_word' id='word_1_23' title='bbox 391 279 576 322; x_wconf 71' lang='lat' dir='ltr'>aegritudinis</span> <span class='ocrx_word' id='word_1_24' title='bbox 587 296 596 310; x_wconf 94' lang='lat'><strong><em>,</em></strong></span> <span class='ocrx_word' id='word_1_25' title='bbox 614 275 696 316; x_wconf 89' lang='lat' dir='ltr'>quod</span> <span class='ocrx_word' id='word_1_26' title='bbox 714 283 811 304; x_wconf 89' lang='lat' dir='ltr'>unum</span> <span class='ocrx_word' id='word_1_27' title='bbox 827 272 871 302; x_wconf 79' lang='lat' dir='ltr'>est</span> <span class='ocrx_word' id='word_1_28' title='bbox 888 278 1032 303; x_wconf 85' lang='lat' dir='ltr'>omnium</span> <span class='ocrx_word' id='word_1_29' title='bbox 1053 275 1240 306; x_wconf 81' lang='lat' dir='ltr'>maximum,</span> 
     </span>
     <span class='ocr_line' id='line_1_5' title="bbox 281 314 1241 359; baseline -0.015 -5"><span class='ocrx_word' id='word_1_30' title='bbox 281 337 311 357; x_wconf 74' lang='lat' dir='ltr'>u:</span> <span class='ocrx_word' id='word_1_31' title='bbox 323 346 331 359; x_wconf 92' lang='lat'>,</span> <span class='ocrx_word' id='word_1_32' title='bbox 343 334 378 354; x_wconf 83' lang='lat' dir='ltr'>co</span> <span class='ocrx_word' id='word_1_33' title='bbox 389 321 512 353; x_wconf 83' lang='lat' dir='ltr'>sublato,</span> <span class='ocrx_word' id='word_1_34' title='bbox 524 319 710 358; x_wconf 84' lang='lat' dir='ltr'>reliquorum</span> <span class='ocrx_word' id='word_1_35' title='bbox 722 314 853 346; x_wconf 73' lang='lat' dir='ltr'>remedia</span> <span class='ocrx_word' id='word_1_36' title='bbox 863 325 900 345; x_wconf 90' lang='lat' dir='ltr'>ne</span> <span class='ocrx_word' id='word_1_37' title='bbox 912 325 1094 357; x_wconf 79' lang='lat' dir='ltr'>magnopere</span> <span class='ocrx_word' id='word_1_38' title='bbox 1103 324 1241 356; x_wconf 81' lang='lat' dir='ltr'>quaeren-</span> 
     </span>
    </p>
   </div>
   <div class='ocr_carea' id='block_1_3' title="bbox 224 357 1241 407">
    <p class='ocr_par' dir='ltr' id='par_1_3' title="bbox 224 357 1241 407">
     <span class='ocr_line' id='line_1_6' title="bbox 224 357 1241 407; baseline -0.011 -9"><span class='ocrx_word' id='word_1_39' title='bbox 224 377 239 407; x_wconf 92' lang='lat'>3</span> <span class='ocrx_word' id='word_1_40' title='bbox 247 375 267 406; x_wconf 82' lang='lat'>4</span> <span class='ocrx_word' id='word_1_41' title='bbox 281 368 316 398; x_wconf 87' lang='lat' dir='ltr'>da</span> <span class='ocrx_word' id='word_1_42' title='bbox 325 366 544 397; x_wconf 73' lang='lat' dir='ltr'>arbitraremur.</span> <span class='ocrx_word' id='word_1_43' title='bbox 567 362 643 390; x_wconf 89' lang='lat' dir='ltr'>Sunt</span> <span class='ocrx_word' id='word_1_44' title='bbox 650 360 734 389; x_wconf 84' lang='lat' dir='ltr'>enim</span> <span class='ocrx_word' id='word_1_45' title='bbox 745 365 822 388; x_wconf 81' lang='lat' dir='ltr'>certa</span> <span class='ocrx_word' id='word_1_46' title='bbox 834 377 843 390; x_wconf 92' lang='lat'><em>‚</em></span> <span class='ocrx_word' id='word_1_47' title='bbox 857 366 923 397; x_wconf 86' lang='lat' dir='ltr'>quae</span> <span class='ocrx_word' id='word_1_48' title='bbox 933 357 971 387; x_wconf 87' lang='lat' dir='ltr'>de</span> <span class='ocrx_word' id='word_1_49' title='bbox 980 365 1146 398; x_wconf 86' lang='lat' dir='ltr'>paupertate</span> <span class='ocrx_word' id='word_1_50' title='bbox 1157 377 1166 390; x_wconf 90' lang='lat'><em>,</em></span> <span class='ocrx_word' id='word_1_51' title='bbox 1179 366 1241 387; x_wconf 87' lang='lat' dir='ltr'>cer—</span> 
     </span>
    </p>
   </div>
   <div class='ocr_carea' id='block_1_4' title="bbox 279 399 1253 1077">
    <p class='ocr_par' dir='ltr' id='par_1_4' title="bbox 279 399 1253 1077">
     <span class='ocr_line' id='line_1_7' title="bbox 281 399 1242 447; baseline -0.007 -12"><span class='ocrx_word' id='word_1_52' title='bbox 281 418 308 440; x_wconf 64' lang='lat' dir='ltr'>ta</span> <span class='ocrx_word' id='word_1_53' title='bbox 319 427 327 441; x_wconf 91' lang='lat'><em>,</em></span> <span class='ocrx_word' id='word_1_54' title='bbox 339 416 403 447; x_wconf 85' lang='lat' dir='ltr'>quae</span> <span class='ocrx_word' id='word_1_55' title='bbox 414 404 451 434; x_wconf 86' lang='lat' dir='ltr'>de</span> <span class='ocrx_word' id='word_1_56' title='bbox 462 405 522 433; x_wconf 85' lang='lat' dir='ltr'>vita</span> <span class='ocrx_word' id='word_1_57' title='bbox 534 403 723 433; x_wconf 83' lang='lat' dir='ltr'>inhonorata,</span> <span class='ocrx_word' id='word_1_58' title='bbox 735 399 909 439; x_wconf 77' lang='lat' dir='ltr'>&amp;ingloria</span> <span class='ocrx_word' id='word_1_59' title='bbox 918 399 977 430; x_wconf 92' lang='lat' dir='ltr'>dici</span> <span class='ocrx_word' id='word_1_60' title='bbox 989 399 1111 430; x_wconf 86' lang='lat' dir='ltr'>soleant.</span> <span class='ocrx_word' id='word_1_61' title='bbox 1135 402 1147 419; x_wconf 85' lang='lat'><em>¹</em></span> <span class='ocrx_word' id='word_1_62' title='bbox 1159 399 1242 439; x_wconf 86' lang='lat' dir='ltr'>sepa-</span> 
     </span>
     <span class='ocr_line' id='line_1_8' title="bbox 279 440 1243 481; baseline -0.009 -2"><span class='ocrx_word' id='word_1_63' title='bbox 279 451 368 481; x_wconf 79' lang='lat' dir='ltr'>ratim</span> <span class='ocrx_word' id='word_1_64' title='bbox 386 453 476 477; x_wconf 85' lang='lat' dir='ltr'>certae</span> <span class='ocrx_word' id='word_1_65' title='bbox 494 444 601 475; x_wconf 83' lang='lat' dir='ltr'>scholae</span> <span class='ocrx_word' id='word_1_66' title='bbox 612 443 680 473; x_wconf 85' lang='lat' dir='ltr'>sunt</span> <span class='ocrx_word' id='word_1_67' title='bbox 689 442 725 472; x_wconf 90' lang='lat' dir='ltr'>de</span> <span class='ocrx_word' id='word_1_68' title='bbox 734 440 841 472; x_wconf 79' lang='lat' dir='ltr'>exsilio</span> <span class='ocrx_word' id='word_1_69' title='bbox 855 461 864 475; x_wconf 87' lang='lat'><em>‚</em></span> <span class='ocrx_word' id='word_1_70' title='bbox 884 441 920 471; x_wconf 89' lang='lat' dir='ltr'>de</span> <span class='ocrx_word' id='word_1_71' title='bbox 931 443 1054 472; x_wconf 85' lang='lat' dir='ltr'>interitu</span> <span class='ocrx_word' id='word_1_72' title='bbox 1067 442 1166 481; x_wconf 85' lang='lat' dir='ltr'>patriae</span> <span class='ocrx_word' id='word_1_73' title='bbox 1179 461 1188 474; x_wconf 81' lang='lat'>‚</span> <span class='ocrx_word' id='word_1_74' title='bbox 1207 440 1243 470; x_wconf 92' lang='lat' dir='ltr'>de</span> 
     </span>
     <span class='ocr_line' id='line_1_9' title="bbox 285 483 1243 522; baseline -0.009 -1"><span class='ocrx_word' id='word_1_75' title='bbox 285 491 426 522; x_wconf 84' lang='lat' dir='ltr'>servitute</span> <span class='ocrx_word' id='word_1_76' title='bbox 436 507 444 521; x_wconf 90' lang='lat'><strong><em>‚</em></strong></span> <span class='ocrx_word' id='word_1_77' title='bbox 455 486 492 517; x_wconf 91' lang='lat' dir='ltr'>de</span> <span class='ocrx_word' id='word_1_78' title='bbox 502 486 656 516; x_wconf 86' lang='lat' dir='ltr'>debilitate</span> <span class='ocrx_word' id='word_1_79' title='bbox 667 504 676 518; x_wconf 87' lang='lat'>,</span> <span class='ocrx_word' id='word_1_80' title='bbox 698 483 735 514; x_wconf 85' lang='lat' dir='ltr'>de</span> <span class='ocrx_word' id='word_1_81' title='bbox 742 484 872 514; x_wconf 81' lang='lat' dir='ltr'>caecitate</span> <span class='ocrx_word' id='word_1_82' title='bbox 883 503 893 517; x_wconf 83' lang='lat'>,</span> <span class='ocrx_word' id='word_1_83' title='bbox 904 483 937 513; x_wconf 89' lang='lat'>&amp;</span> <span class='ocrx_word' id='word_1_84' title='bbox 946 483 983 514; x_wconf 88' lang='lat' dir='ltr'>de</span> <span class='ocrx_word' id='word_1_85' title='bbox 992 485 1081 514; x_wconf 85' lang='lat' dir='ltr'>omni</span> <span class='ocrx_word' id='word_1_86' title='bbox 1091 484 1157 514; x_wconf 82' lang='lat' dir='ltr'>casu</span> <span class='ocrx_word' id='word_1_87' title='bbox 1168 494 1173 512; x_wconf 80' lang='lat' dir='ltr'>z</span> <span class='ocrx_word' id='word_1_88' title='bbox 1185 486 1200 502; x_wconf 83' lang='lat'><em>²</em></span> <span class='ocrx_word' id='word_1_89' title='bbox 1210 484 1243 512; x_wconf 88' lang='lat' dir='ltr'>in</span> 
     </span>
     <span class='ocr_line' id='line_1_10' title="bbox 284 524 1245 573; baseline -0.009 -11"><span class='ocrx_word' id='word_1_90' title='bbox 284 541 346 573; x_wconf 91' lang='lat' dir='ltr'>quo</span> <span class='ocrx_word' id='word_1_91' title='bbox 364 539 480 562; x_wconf 85' lang='lat' dir='ltr'>nomen</span> <span class='ocrx_word' id='word_1_92' title='bbox 501 528 575 569; x_wconf 86' lang='lat' dir='ltr'>poni</span> <span class='ocrx_word' id='word_1_93' title='bbox 595 526 670 557; x_wconf 88' lang='lat' dir='ltr'>solet</span> <span class='ocrx_word' id='word_1_94' title='bbox 685 526 872 557; x_wconf 77' lang='lat' dir='ltr'>calamitatis.</span> <span class='ocrx_word' id='word_1_95' title='bbox 894 526 958 556; x_wconf 86' lang='lat' dir='ltr'>haec</span> <span class='ocrx_word' id='word_1_96' title='bbox 968 528 1064 557; x_wconf 83' lang='lat' dir='ltr'>Graeci</span> <span class='ocrx_word' id='word_1_97' title='bbox 1075 528 1106 556; x_wconf 88' lang='lat' dir='ltr'>in</span> <span class='ocrx_word' id='word_1_98' title='bbox 1116 524 1245 566; x_wconf 84' lang='lat' dir='ltr'>fingulas</span> 
     </span>
     <span class='ocr_line' id='line_1_11' title="bbox 286 567 1243 611; baseline -0.01 -6"><span class='ocrx_word' id='word_1_99' title='bbox 286 574 401 605; x_wconf 84' lang='lat' dir='ltr'>scholas</span> <span class='ocrx_word' id='word_1_100' title='bbox 413 592 422 606; x_wconf 87' lang='lat'>,</span> <span class='ocrx_word' id='word_1_101' title='bbox 442 571 475 601; x_wconf 91' lang='lat'>&amp;</span> <span class='ocrx_word' id='word_1_102' title='bbox 494 572 527 600; x_wconf 85' lang='lat' dir='ltr'>in</span> <span class='ocrx_word' id='word_1_103' title='bbox 544 568 677 611; x_wconf 79' lang='lat' dir='ltr'>finguios</span> <span class='ocrx_word' id='word_1_104' title='bbox 687 567 780 597; x_wconf 87' lang='lat' dir='ltr'>libros</span> <span class='ocrx_word' id='word_1_105' title='bbox 789 567 978 607; x_wconf 83' lang='lat' dir='ltr'>dispertiunt.</span> <span class='ocrx_word' id='word_1_106' title='bbox 1001 576 1067 609; x_wconf 81' lang='lat' dir='ltr'>opus</span> <span class='ocrx_word' id='word_1_107' title='bbox 1076 570 1159 598; x_wconf 85' lang='lat' dir='ltr'>enim</span> <span class='ocrx_word' id='word_1_108' title='bbox 1170 577 1243 608; x_wconf 80' lang='lat' dir='ltr'>quae-</span> 
     </span>
     <span class='ocr_line' id='line_1_12' title="bbox 285 609 1243 656; baseline -0.008 -10"><span class='ocrx_word' id='word_1_109' title='bbox 285 623 352 647; x_wconf 76' lang='lat' dir='ltr'>runt</span> <span class='ocrx_word' id='word_1_110' title='bbox 361 627 373 643; x_wconf 92' lang='lat'>.·</span> <span class='ocrx_word' id='word_1_111' title='bbox 391 618 404 642; x_wconf 84' lang='lat'>3</span> <span class='ocrx_word' id='word_1_112' title='bbox 414 621 597 656; x_wconf 82' lang='lat' dir='ltr'>quamquam</span> <span class='ocrx_word' id='word_1_113' title='bbox 615 611 711 651; x_wconf 83' lang='lat' dir='ltr'>plenae</span> <span class='ocrx_word' id='word_1_114' title='bbox 720 609 937 649; x_wconf 83' lang='lat' dir='ltr'>disputationes</span> <span class='ocrx_word' id='word_1_115' title='bbox 947 610 1156 642; x_wconf 63' lang='lat' dir='ltr'>delectationis</span> <span class='ocrx_word' id='word_1_116' title='bbox 1167 611 1196 639; x_wconf 83' lang='lat' dir='ltr'>su</span> <span class='ocrx_word' id='word_1_117' title='bbox 1202 618 1243 638; x_wconf 86' lang='lat' dir='ltr'>nt.</span> 
     </span>
     <span class='ocr_line' id='line_1_13' title="bbox 286 651 1243 691; baseline -0.007 -3"><span class='ocrx_word' id='word_1_118' title='bbox 286 659 320 690; x_wconf 90' lang='lat'>&amp;</span> <span class='ocrx_word' id='word_1_119' title='bbox 332 665 433 689; x_wconf 79' lang='lat' dir='ltr'>tamen</span> <span class='ocrx_word' id='word_1_120' title='bbox 442 675 451 689; x_wconf 86' lang='lat'>‚</span> <span class='ocrx_word' id='word_1_121' title='bbox 463 664 496 685; x_wconf 90' lang='lat' dir='ltr'>ut</span> <span class='ocrx_word' id='word_1_122' title='bbox 506 653 630 686; x_wconf 85' lang='lat' dir='ltr'>medici,</span> <span class='ocrx_word' id='word_1_123' title='bbox 639 661 705 682; x_wconf 91' lang='lat' dir='ltr'>toto</span> <span class='ocrx_word' id='word_1_124' title='bbox 715 660 840 691; x_wconf 81' lang='lat' dir='ltr'>corpore</span> <span class='ocrx_word' id='word_1_125' title='bbox 849 651 992 686; x_wconf 80' lang='lat' dir='ltr'>curando.</span> <span class='ocrx_word' id='word_1_126' title='bbox 1006 655 1145 684; x_wconf 83' lang='lat' dir='ltr'>minimae</span> <span class='ocrx_word' id='word_1_127' title='bbox 1154 654 1243 682; x_wconf 85' lang='lat' dir='ltr'>etiam</span> 
     </span>
     <span class='ocr_line' id='line_1_14' title="bbox 282 692 1246 742; baseline -0.009 -11"><span class='ocrx_word' id='word_1_128' title='bbox 282 702 360 742; x_wconf 72' lang='lat' dir='ltr'>pani</span> <span class='ocrx_word' id='word_1_129' title='bbox 372 719 380 732; x_wconf 84' lang='lat'><em>‚</em></span> <span class='ocrx_word' id='word_1_130' title='bbox 400 695 608 729; x_wconf 88' lang='lat' dir='ltr'>ficondoluit‚</span> <span class='ocrx_word' id='word_1_131' title='bbox 629 693 807 724; x_wconf 84' lang='lat' dir='ltr'>medentur:</span> <span class='ocrx_word' id='word_1_132' title='bbox 827 692 866 725; x_wconf 81' lang='lat' dir='ltr'>fic</span> <span class='ocrx_word' id='word_1_133' title='bbox 875 693 1165 735; x_wconf 74' lang='lat' dir='ltr'>philosophia,cum</span> <span class='ocrx_word' id='word_1_134' title='bbox 1179 695 1246 724; x_wconf 89' lang='lat' dir='ltr'>uni-</span> 
     </span>
     <span class='ocr_line' id='line_1_15' title="bbox 285 735 1247 780; baseline -0.011 -6"><span class='ocrx_word' id='word_1_135' title='bbox 285 742 400 774; x_wconf 74' lang='lat' dir='ltr'>versam</span> <span class='ocrx_word' id='word_1_136' title='bbox 411 737 621 780; x_wconf 86' lang='lat' dir='ltr'>aegritudinem</span> <span class='ocrx_word' id='word_1_137' title='bbox 633 735 750 768; x_wconf 86' lang='lat' dir='ltr'>sustulit</span> <span class='ocrx_word' id='word_1_138' title='bbox 760 755 768 770; x_wconf 84' lang='lat'>‚</span> <span class='ocrx_word' id='word_1_139' title='bbox 788 745 890 767; x_wconf 88' lang='lat' dir='ltr'>tamen</span> <span class='ocrx_word' id='word_1_140' title='bbox 902 756 910 769; x_wconf 90' lang='lat'>‚</span> <span class='ocrx_word' id='word_1_141' title='bbox 930 735 949 765; x_wconf 87' lang='lat' dir='ltr'>fi</span> <span class='ocrx_word' id='word_1_142' title='bbox 963 747 1030 778; x_wconf 71' lang='lat' dir='ltr'>quis</span> <span class='ocrx_word' id='word_1_143' title='bbox 1039 747 1120 768; x_wconf 76' lang='lat' dir='ltr'>error</span> <span class='ocrx_word' id='word_1_144' title='bbox 1127 736 1247 766; x_wconf 78' lang='lat' dir='ltr'>aliunde</span> 
     </span>
     <span class='ocr_line' id='line_1_16' title="bbox 287 775 1248 821; baseline -0.008 -6"><span class='ocrx_word' id='word_1_145' title='bbox 287 783 401 815; x_wconf 83' lang='lat' dir='ltr'>exstitit</span> <span class='ocrx_word' id='word_1_146' title='bbox 413 803 421 815; x_wconf 90' lang='lat'>.</span> <span class='ocrx_word' id='word_1_147' title='bbox 442 781 462 811; x_wconf 87' lang='lat' dir='ltr'>fi</span> <span class='ocrx_word' id='word_1_148' title='bbox 482 788 635 821; x_wconf 82' lang='lat' dir='ltr'>paupertas</span> <span class='ocrx_word' id='word_1_149' title='bbox 650 778 820 808; x_wconf 87' lang='lat' dir='ltr'>momordit</span> <span class='ocrx_word' id='word_1_150' title='bbox 833 799 841 811; x_wconf 85' lang='lat'><em>.</em></span> <span class='ocrx_word' id='word_1_151' title='bbox 861 776 881 807; x_wconf 82' lang='lat' dir='ltr'>si</span> <span class='ocrx_word' id='word_1_152' title='bbox 892 780 1061 819; x_wconf 80' lang='lat' dir='ltr'>ignominia</span> <span class='ocrx_word' id='word_1_153' title='bbox 1071 780 1215 821; x_wconf 76' lang='lat' dir='ltr'>pupugit,</span> <span class='ocrx_word' id='word_1_154' title='bbox 1228 775 1248 806; x_wconf 91' lang='lat' dir='ltr'>fi</span> 
     </span>
     <span class='ocr_line' id='line_1_17' title="bbox 288 817 1250 866; baseline -0.007 -10"><span class='ocrx_word' id='word_1_155' title='bbox 288 825 361 866; x_wconf 89' lang='lat' dir='ltr'>quid</span> <span class='ocrx_word' id='word_1_156' title='bbox 372 823 560 855; x_wconf 87' lang='lat' dir='ltr'>tenebrarum</span> <span class='ocrx_word' id='word_1_157' title='bbox 573 820 695 852; x_wconf 88' lang='lat' dir='ltr'>obfudit</span> <span class='ocrx_word' id='word_1_158' title='bbox 703 817 843 850; x_wconf 73' lang='lat' dir='ltr'>exsilium</span> <span class='ocrx_word' id='word_1_159' title='bbox 856 840 864 853; x_wconf 95' lang='lat'>‚</span> <span class='ocrx_word' id='word_1_160' title='bbox 883 829 932 850; x_wconf 89' lang='lat' dir='ltr'>aut</span> <span class='ocrx_word' id='word_1_161' title='bbox 939 831 1044 851; x_wconf 89' lang='lat' dir='ltr'>eorum</span> <span class='ocrx_word' id='word_1_162' title='bbox 1056 841 1064 854; x_wconf 85' lang='lat'>,</span> <span class='ocrx_word' id='word_1_163' title='bbox 1079 831 1144 863; x_wconf 86' lang='lat' dir='ltr'>quae</span> <span class='ocrx_word' id='word_1_164' title='bbox 1156 819 1250 850; x_wconf 90' lang='lat' dir='ltr'>modo</span> 
     </span>
     <span class='ocr_line' id='line_1_18' title="bbox 290 860 1249 907; baseline -0.003 -10"><span class='ocrx_word' id='word_1_165' title='bbox 290 870 355 898; x_wconf 84' lang='lat' dir='ltr'>dixi</span> <span class='ocrx_word' id='word_1_166' title='bbox 369 888 377 900; x_wconf 88' lang='lat'><em>,</em></span> <span class='ocrx_word' id='word_1_167' title='bbox 405 864 426 895; x_wconf 84' lang='lat' dir='ltr'>si</span> <span class='ocrx_word' id='word_1_168' title='bbox 436 864 510 907; x_wconf 88' lang='lat' dir='ltr'>quid</span> <span class='ocrx_word' id='word_1_169' title='bbox 520 863 650 894; x_wconf 81' lang='lat' dir='ltr'>exstitit:</span> <span class='ocrx_word' id='word_1_170' title='bbox 671 863 705 893; x_wconf 90' lang='lat'>&amp;</span> <span class='ocrx_word' id='word_1_171' title='bbox 713 860 734 892; x_wconf 81' lang='lat' dir='ltr'>si</span> <span class='ocrx_word' id='word_1_172' title='bbox 744 862 923 903; x_wconf 82' lang='lat' dir='ltr'>singularum</span> <span class='ocrx_word' id='word_1_173' title='bbox 934 873 1035 894; x_wconf 86' lang='lat' dir='ltr'>rerum</span> <span class='ocrx_word' id='word_1_174' title='bbox 1047 863 1114 894; x_wconf 84' lang='lat' dir='ltr'>sunt</span> <span class='ocrx_word' id='word_1_175' title='bbox 1123 865 1249 903; x_wconf 86' lang='lat' dir='ltr'>propriae</span> 
     </span>
     <span class='ocr_line' id='line_1_19' title="bbox 288 904 1250 946; baseline -0.007 -5"><span class='ocrx_word' id='word_1_176' title='bbox 288 909 530 941; x_wconf 84' lang='lat' dir='ltr'>consolationes:</span> <span class='ocrx_word' id='word_1_177' title='bbox 551 906 589 937; x_wconf 86' lang='lat' dir='ltr'>de</span> <span class='ocrx_word' id='word_1_178' title='bbox 606 905 716 946; x_wconf 79' lang='lat' dir='ltr'>quibus</span> <span class='ocrx_word' id='word_1_179' title='bbox 733 904 836 934; x_wconf 78' lang='lat' dir='ltr'>audies</span> <span class='ocrx_word' id='word_1_180' title='bbox 858 913 891 934; x_wconf 91' lang='lat' dir='ltr'>tu</span> <span class='ocrx_word' id='word_1_181' title='bbox 901 904 1025 945; x_wconf 88' lang='lat' dir='ltr'>quidem</span> <span class='ocrx_word' id='word_1_182' title='bbox 1039 925 1048 939; x_wconf 82' lang='lat'><strong>.</strong></span> <span class='ocrx_word' id='word_1_183' title='bbox 1070 905 1142 936; x_wconf 75' lang='lat' dir='ltr'>curn</span> <span class='ocrx_word' id='word_1_184' title='bbox 1156 906 1250 936; x_wconf 89' lang='lat' dir='ltr'>voles:</span> 
     </span>
     <span class='ocr_line' id='line_1_20' title="bbox 288 946 1253 989; baseline -0.005 -7"><span class='ocrx_word' id='word_1_185' title='bbox 288 952 338 984; x_wconf 87' lang='lat' dir='ltr'>sed</span> <span class='ocrx_word' id='word_1_186' title='bbox 350 951 386 982; x_wconf 90' lang='lat' dir='ltr'>ad</span> <span class='ocrx_word' id='word_1_187' title='bbox 395 949 526 980; x_wconf 82' lang='lat' dir='ltr'>eundem</span> <span class='ocrx_word' id='word_1_188' title='bbox 535 946 653 979; x_wconf 83' lang='lat' dir='ltr'>fontem</span> <span class='ocrx_word' id='word_1_189' title='bbox 664 946 872 977; x_wconf 86' lang='lat' dir='ltr'>revertendum</span> <span class='ocrx_word' id='word_1_190' title='bbox 885 946 937 980; x_wconf 87' lang='lat' dir='ltr'>est,</span> <span class='ocrx_word' id='word_1_191' title='bbox 948 947 1137 989; x_wconf 64' lang='lat' dir='ltr'>aegritudinem</span> <span class='ocrx_word' id='word_1_192' title='bbox 1146 957 1253 977; x_wconf 88' lang='lat' dir='ltr'>omnem</span> 
     </span>
     <span class='ocr_line' id='line_1_21' title="bbox 285 987 1250 1038; baseline -0.003 -15"><span class='ocrx_word' id='word_1_193' title='bbox 285 990 478 1038; x_wconf 76' lang='lat' dir='ltr'>proculabeffe</span> <span class='ocrx_word' id='word_1_194' title='bbox 487 990 633 1032; x_wconf 53' lang='lat' dir='ltr'>asapienn</span> <span class='ocrx_word' id='word_1_195' title='bbox 649 1010 656 1022; x_wconf 90' lang='grc'>,</span> <span class='ocrx_word' id='word_1_196' title='bbox 680 987 762 1029; x_wconf 76' lang='lat' dir='ltr'>quod</span> <span class='ocrx_word' id='word_1_197' title='bbox 773 990 871 1018; x_wconf 82' lang='lat' dir='ltr'>inanis</span> <span class='ocrx_word' id='word_1_198' title='bbox 882 987 916 1019; x_wconf 82' lang='lat' dir='ltr'>sit</span> <span class='ocrx_word' id='word_1_199' title='bbox 928 1010 936 1022; x_wconf 87' lang='lat'><em>,</em></span> <span class='ocrx_word' id='word_1_200' title='bbox 956 988 1039 1030; x_wconf 75' lang='lat' dir='ltr'>quod</span> <span class='ocrx_word' id='word_1_201' title='bbox 1049 989 1154 1020; x_wconf 86' lang='lat' dir='ltr'>frustra</span> <span class='ocrx_word' id='word_1_202' title='bbox 1163 990 1250 1020; x_wconf 89' lang='lat' dir='ltr'>susci-</span> 
     </span>
     <span class='ocr_line' id='line_1_22' title="bbox 288 1031 1251 1077; baseline -0.005 -10"><span class='ocrx_word' id='word_1_203' title='bbox 288 1039 387 1077; x_wconf 81' lang='lat' dir='ltr'>piatur</span> <span class='ocrx_word' id='word_1_204' title='bbox 401 1054 409 1069; x_wconf 85' lang='lat'><em>‚</em></span> <span class='ocrx_word' id='word_1_205' title='bbox 430 1032 514 1075; x_wconf 74' lang='lat' dir='ltr'>quod</span> <span class='ocrx_word' id='word_1_206' title='bbox 525 1042 588 1062; x_wconf 89' lang='lat' dir='ltr'>non</span> <span class='ocrx_word' id='word_1_207' title='bbox 600 1040 702 1061; x_wconf 85' lang='lat' dir='ltr'>natura</span> <span class='ocrx_word' id='word_1_208' title='bbox 713 1032 865 1060; x_wconf 84' lang='lat' dir='ltr'>exoriatur</span> <span class='ocrx_word' id='word_1_209' title='bbox 876 1051 885 1064; x_wconf 84' lang='lat'><em>,</em></span> <span class='ocrx_word' id='word_1_210' title='bbox 907 1031 956 1061; x_wconf 85' lang='lat' dir='ltr'>sed</span> <span class='ocrx_word' id='word_1_211' title='bbox 968 1031 1082 1069; x_wconf 69' lang='lat' dir='ltr'>ludicio</span> <span class='ocrx_word' id='word_1_212' title='bbox 1094 1052 1104 1066; x_wconf 90' lang='lat'>,</span> <span class='ocrx_word' id='word_1_213' title='bbox 1125 1032 1174 1062; x_wconf 87' lang='lat' dir='ltr'>sed</span> <span class='ocrx_word' id='word_1_214' title='bbox 1185 1034 1251 1072; x_wconf 90' lang='lat' dir='ltr'>opi-</span> 
     </span>
    </p>
   </div>
   <div class='ocr_carea' id='block_1_5' title="bbox 1274 112 1824 160">
    <p class='ocr_par' dir='ltr' id='par_1_5' title="bbox 1274 112 1824 160">
     <span class='ocr_line' id='line_1_23' title="bbox 1274 112 1824 160; baseline 0.005 -3"><span class='ocrx_word' id='word_1_215' title='bbox 1274 112 1824 160; x_wconf 68' lang='lat' dir='ltr'>Clennours</span> 
     </span>
    </p>
   </div>
   <div class='ocr_carea' id='block_1_6' title="bbox 1278 187 2251 1070">
    <p class='ocr_par' dir='ltr' id='par_1_6' title="bbox 1278 187 2251 1070">
     <span class='ocr_line' id='line_1_24' title="bbox 1278 187 2237 230; baseline 0.008 -13"><span class='ocrx_word' id='word_1_216' title='bbox 1278 187 1321 218; x_wconf 89' lang='lat' dir='ltr'>est</span> <span class='ocrx_word' id='word_1_217' title='bbox 1330 188 1535 219; x_wconf 77' lang='lat' dir='ltr'>voluntarium</span> <span class='ocrx_word' id='word_1_218' title='bbox 1546 207 1555 222; x_wconf 87' lang='lat'>‚</span> <span class='ocrx_word' id='word_1_219' title='bbox 1575 189 1722 230; x_wconf 73' lang='lat' dir='ltr'>aegritudo</span> <span class='ocrx_word' id='word_1_220' title='bbox 1734 193 1790 222; x_wconf 89' lang='lat' dir='ltr'>erit</span> <span class='ocrx_word' id='word_1_221' title='bbox 1798 192 1909 224; x_wconf 83' lang='lat' dir='ltr'>sublata</span> <span class='ocrx_word' id='word_1_222' title='bbox 1919 192 1968 224; x_wconf 83' lang='lat' dir='ltr'>illa</span> <span class='ocrx_word' id='word_1_223' title='bbox 1978 202 2128 225; x_wconf 80' lang='lat' dir='ltr'>moerens:</span> <span class='ocrx_word' id='word_1_224' title='bbox 2148 187 2237 225; x_wconf 75' lang='lat' dir='ltr'>mot-</span> 
     </span>
     <span class='ocr_line' id='line_1_25' title="bbox 1280 229 2241 277; baseline 0.004 -18"><span class='ocrx_word' id='word_1_225' title='bbox 1280 229 1326 260; x_wconf 86' lang='lat' dir='ltr'>sus</span> <span class='ocrx_word' id='word_1_226' title='bbox 1337 239 1438 261; x_wconf 80' lang='lat' dir='ltr'>tamen</span> <span class='ocrx_word' id='word_1_227' title='bbox 1450 250 1459 264; x_wconf 91' lang='lat'>‚</span> <span class='ocrx_word' id='word_1_228' title='bbox 1480 230 1514 260; x_wconf 88' lang='lat'>&amp;</span> <span class='ocrx_word' id='word_1_229' title='bbox 1532 230 1797 264; x_wconf 64' lang='lat' dir='ltr'>contrastiunculae</span> <span class='ocrx_word' id='word_1_230' title='bbox 1808 235 1946 275; x_wconf 84' lang='lat' dir='ltr'>quaedam</span> <span class='ocrx_word' id='word_1_231' title='bbox 1957 237 2054 267; x_wconf 79' lang='lat' dir='ltr'>animi</span> <span class='ocrx_word' id='word_1_232' title='bbox 2065 236 2241 277; x_wconf 77' lang='lat' dir='ltr'>relinquen.</span> 
     </span>
     <span class='ocr_line' id='line_1_26' title="bbox 1281 271 2240 319; baseline 0.009 -18"><span class='ocrx_word' id='word_1_233' title='bbox 1281 280 1338 301; x_wconf 92' lang='lat' dir='ltr'>tur.</span> <span class='ocrx_word' id='word_1_234' title='bbox 1362 274 1439 302; x_wconf 82' lang='lat' dir='ltr'>hanc</span> <span class='ocrx_word' id='word_1_235' title='bbox 1450 271 1552 303; x_wconf 89' lang='lat' dir='ltr'>dicant</span> <span class='ocrx_word' id='word_1_236' title='bbox 1565 272 1632 303; x_wconf 72' lang='lat' dir='ltr'>sane</span> <span class='ocrx_word' id='word_1_237' title='bbox 1643 273 1807 304; x_wconf 88' lang='lat' dir='ltr'>naturalem</span> <span class='ocrx_word' id='word_1_238' title='bbox 1818 294 1827 309; x_wconf 89' lang='lat'><strong>,</strong></span> <span class='ocrx_word' id='word_1_239' title='bbox 1845 276 1918 307; x_wconf 88' lang='lat' dir='ltr'>dum</span> <span class='ocrx_word' id='word_1_240' title='bbox 1926 278 2113 319; x_wconf 69' lang='lat' dir='ltr'>aegritudinis</span> <span class='ocrx_word' id='word_1_241' title='bbox 2123 286 2240 308; x_wconf 79' lang='lat' dir='ltr'>nomen</span> 
     </span>
     <span class='ocr_line' id='line_1_27' title="bbox 1282 312 2241 360; baseline 0.008 -17"><span class='ocrx_word' id='word_1_242' title='bbox 1282 312 1372 348; x_wconf 83' lang='lat' dir='ltr'>abfit.</span> <span class='ocrx_word' id='word_1_243' title='bbox 1392 323 1497 356; x_wconf 85' lang='lat' dir='ltr'>grave,</span> <span class='ocrx_word' id='word_1_244' title='bbox 1516 313 1927 357; x_wconf 79' lang='lat' dir='ltr'>taetrum,funestum:qu0d</span> <span class='ocrx_word' id='word_1_245' title='bbox 1935 329 2006 349; x_wconf 88' lang='lat' dir='ltr'>cum</span> <span class='ocrx_word' id='word_1_246' title='bbox 2018 320 2160 360; x_wconf 81' lang='lat' dir='ltr'>sapientia</span> <span class='ocrx_word' id='word_1_247' title='bbox 2169 317 2241 354; x_wconf 64' lang='lat' dir='ltr'>estes</span> 
     </span>
     <span class='ocr_line' id='line_1_28' title="bbox 1282 355 2240 403; baseline 0.006 -17"><span class='ocrx_word' id='word_1_248' title='bbox 1282 364 1379 397; x_wconf 78' lang='lat' dir='ltr'>atque,</span> <span class='ocrx_word' id='word_1_249' title='bbox 1397 365 1428 387; x_wconf 87' lang='lat' dir='ltr'>ut</span> <span class='ocrx_word' id='word_1_250' title='bbox 1437 359 1477 386; x_wconf 86' lang='lat' dir='ltr'>ita</span> <span class='ocrx_word' id='word_1_251' title='bbox 1485 355 1594 390; x_wconf 86' lang='lat' dir='ltr'>dicam,</span> <span class='ocrx_word' id='word_1_252' title='bbox 1608 356 1738 387; x_wconf 87' lang='lat' dir='ltr'>habitare</span> <span class='ocrx_word' id='word_1_253' title='bbox 1749 357 1836 387; x_wconf 87' lang='lat' dir='ltr'>nullo</span> <span class='ocrx_word' id='word_1_254' title='bbox 1846 360 1940 390; x_wconf 88' lang='lat' dir='ltr'>modo</span> <span class='ocrx_word' id='word_1_255' title='bbox 1947 360 2043 400; x_wconf 87' lang='lat' dir='ltr'>poffit.</span> <span class='ocrx_word' id='word_1_256' title='bbox 2065 363 2157 403; x_wconf 86' lang='lat' dir='ltr'>Atqui</span> <span class='ocrx_word' id='word_1_257' title='bbox 2169 360 2240 392; x_wconf 81' lang='lat' dir='ltr'>stir-</span> 
     </span>
     <span class='ocr_line' id='line_1_29' title="bbox 1285 398 2241 445; baseline 0.004 -17"><span class='ocrx_word' id='word_1_258' title='bbox 1285 408 1336 438; x_wconf 83' lang='lat' dir='ltr'>pes</span> <span class='ocrx_word' id='word_1_259' title='bbox 1346 398 1611 439; x_wconf 80' lang='lat' dir='ltr'>suntaegritudinis</span> <span class='ocrx_word' id='word_1_260' title='bbox 1621 418 1630 432; x_wconf 85' lang='lat'>,</span> <span class='ocrx_word' id='word_1_261' title='bbox 1649 398 1739 440; x_wconf 71' lang='lat' dir='ltr'>quam</span> <span class='ocrx_word' id='word_1_262' title='bbox 1750 399 1856 430; x_wconf 87' lang='lat' dir='ltr'>multae</span> <span class='ocrx_word' id='word_1_263' title='bbox 1866 419 1875 434; x_wconf 89' lang='lat'>‚</span> <span class='ocrx_word' id='word_1_264' title='bbox 1899 402 1990 441; x_wconf 79' lang='lat' dir='ltr'>quarn</span> <span class='ocrx_word' id='word_1_265' title='bbox 1999 412 2105 434; x_wconf 87' lang='lat' dir='ltr'>amarae</span> <span class='ocrx_word' id='word_1_266' title='bbox 2120 406 2241 445; x_wconf 75' lang='lat' dir='ltr'>!4quae.</span> 
     </span>
     <span class='ocr_line' id='line_1_30' title="bbox 1283 440 2240 483; baseline 0.003 -12"><span class='ocrx_word' id='word_1_267' title='bbox 1283 441 1349 481; x_wconf 88' lang='lat' dir='ltr'>ipso</span> <span class='ocrx_word' id='word_1_268' title='bbox 1366 449 1473 471; x_wconf 89' lang='lat' dir='ltr'>trunco</span> <span class='ocrx_word' id='word_1_269' title='bbox 1489 440 1590 471; x_wconf 89' lang='lat' dir='ltr'>everso</span> <span class='ocrx_word' id='word_1_270' title='bbox 1601 461 1611 474; x_wconf 88' lang='lat'><strong>.</strong></span> <span class='ocrx_word' id='word_1_271' title='bbox 1632 450 1742 471; x_wconf 88' lang='lat' dir='ltr'>omnes</span> <span class='ocrx_word' id='word_1_272' title='bbox 1758 441 1905 483; x_wconf 81' lang='lat' dir='ltr'>eligendae</span> <span class='ocrx_word' id='word_1_273' title='bbox 1919 442 2006 477; x_wconf 82' lang='lat' dir='ltr'>sunt,</span> <span class='ocrx_word' id='word_1_274' title='bbox 2024 444 2077 481; x_wconf 64' lang='lat'>&amp;0</span> <span class='ocrx_word' id='word_1_275' title='bbox 2093 444 2114 475; x_wconf 85' lang='lat' dir='ltr'>sl</span> <span class='ocrx_word' id='word_1_276' title='bbox 2125 443 2240 476; x_wconf 84' lang='lat' dir='ltr'>necesse</span> 
     </span>
     <span class='ocr_line' id='line_1_31' title="bbox 1285 481 2242 524; baseline 0.006 -12"><span class='ocrx_word' id='word_1_277' title='bbox 1285 483 1359 517; x_wconf 81' lang='lat' dir='ltr'>erit,</span> <span class='ocrx_word' id='word_1_278' title='bbox 1380 481 1504 524; x_wconf 83' lang='lat' dir='ltr'>singulis</span> <span class='ocrx_word' id='word_1_279' title='bbox 1522 482 1784 523; x_wconf 84' lang='lat' dir='ltr'>disputationibus.</span> <span class='ocrx_word' id='word_1_280' title='bbox 1809 483 1937 524; x_wconf 88' lang='lat' dir='ltr'>superest</span> <span class='ocrx_word' id='word_1_281' title='bbox 1958 487 2042 515; x_wconf 88' lang='lat' dir='ltr'>enim</span> <span class='ocrx_word' id='word_1_282' title='bbox 2061 487 2150 517; x_wconf 88' lang='lat' dir='ltr'>nobis</span> <span class='ocrx_word' id='word_1_283' title='bbox 2168 488 2242 520; x_wconf 76' lang='lat' dir='ltr'>hoc.</span> 
     </span>
     <span class='ocr_line' id='line_1_32' title="bbox 1285 523 2244 570; baseline 0.004 -15"><span class='ocrx_word' id='word_1_284' title='bbox 1285 524 1474 555; x_wconf 81' lang='lat' dir='ltr'>cuicuimodi</span> <span class='ocrx_word' id='word_1_285' title='bbox 1484 523 1526 556; x_wconf 86' lang='lat' dir='ltr'>est</span> <span class='ocrx_word' id='word_1_286' title='bbox 1537 545 1547 558; x_wconf 86' lang='lat'><em>.</em></span> <span class='ocrx_word' id='word_1_287' title='bbox 1566 526 1675 555; x_wconf 89' lang='lat' dir='ltr'>otium.</span> <span class='ocrx_word' id='word_1_288' title='bbox 1698 524 1754 556; x_wconf 86' lang='lat' dir='ltr'>Sed</span> <span class='ocrx_word' id='word_1_289' title='bbox 1768 527 1843 555; x_wconf 87' lang='lat' dir='ltr'>ratio</span> <span class='ocrx_word' id='word_1_290' title='bbox 1854 535 1911 556; x_wconf 89' lang='lat' dir='ltr'>una</span> <span class='ocrx_word' id='word_1_291' title='bbox 1920 528 2063 557; x_wconf 89' lang='lat' dir='ltr'>omnium</span> <span class='ocrx_word' id='word_1_292' title='bbox 2073 527 2115 559; x_wconf 85' lang='lat' dir='ltr'>est</span> <span class='ocrx_word' id='word_1_293' title='bbox 2124 531 2244 570; x_wconf 86' lang='lat' dir='ltr'>aegritu-</span> 
     </span>
     <span class='ocr_line' id='line_1_33' title="bbox 1285 566 2244 610; baseline 0.003 -13"><span class='ocrx_word' id='word_1_294' title='bbox 1285 567 1414 600; x_wconf 80' lang='lat' dir='ltr'>diuum,</span> <span class='ocrx_word' id='word_1_295' title='bbox 1437 567 1521 607; x_wconf 90' lang='lat' dir='ltr'>plura</span> <span class='ocrx_word' id='word_1_296' title='bbox 1538 568 1675 597; x_wconf 86' lang='lat' dir='ltr'>nomina.</span> <span class='ocrx_word' id='word_1_297' title='bbox 1697 566 1976 602; x_wconf 81' lang='lat' dir='ltr'>nam&amp;invidere,</span> <span class='ocrx_word' id='word_1_298' title='bbox 1996 569 2244 610; x_wconf 71' lang='lat' dir='ltr'>aegritudinisest.</span> 
     </span>
     <span class='ocr_line' id='line_1_34' title="bbox 1287 608 2245 652; baseline 0.002 -12"><span class='ocrx_word' id='word_1_299' title='bbox 1287 609 1319 640; x_wconf 72' lang='grc' dir='ltr'>δε</span> <span class='ocrx_word' id='word_1_300' title='bbox 1329 609 1466 640; x_wconf 86' lang='lat' dir='ltr'>aemulari</span> <span class='ocrx_word' id='word_1_301' title='bbox 1478 629 1486 642; x_wconf 90' lang='lat'><em>,</em></span> <span class='ocrx_word' id='word_1_302' title='bbox 1499 609 1533 640; x_wconf 91' lang='lat'>&amp;</span> <span class='ocrx_word' id='word_1_303' title='bbox 1545 608 1708 639; x_wconf 68' lang='lat' dir='ltr'>obtrestare</span> <span class='ocrx_word' id='word_1_304' title='bbox 1717 629 1727 644; x_wconf 90' lang='lat'>‚</span> <span class='ocrx_word' id='word_1_305' title='bbox 1739 609 1772 640; x_wconf 90' lang='lat'>&amp;</span> <span class='ocrx_word' id='word_1_306' title='bbox 1782 610 1934 644; x_wconf 70' lang='lat' dir='ltr'>misereri,</span> <span class='ocrx_word' id='word_1_307' title='bbox 1944 612 2011 652; x_wconf 86' lang='lat' dir='ltr'>angi</span> <span class='ocrx_word' id='word_1_308' title='bbox 2024 631 2033 644; x_wconf 85' lang='lat'><strong><em>‚</em></strong></span> <span class='ocrx_word' id='word_1_309' title='bbox 2042 611 2154 652; x_wconf 82' lang='lat' dir='ltr'>lugere,</span> <span class='ocrx_word' id='word_1_310' title='bbox 2165 620 2245 642; x_wconf 84' lang='lat' dir='ltr'>moe-</span> 
     </span>
     <span class='ocr_line' id='line_1_35' title="bbox 1288 650 2243 687; baseline 0.003 -6"><span class='ocrx_word' id='word_1_311' title='bbox 1288 661 1350 681; x_wconf 84' lang='lat' dir='ltr'>rere</span> <span class='ocrx_word' id='word_1_312' title='bbox 1362 672 1370 684; x_wconf 90' lang='lat'><em>,</em></span> <span class='ocrx_word' id='word_1_313' title='bbox 1381 660 1516 682; x_wconf 87' lang='lat' dir='ltr'>aerumna</span> <span class='ocrx_word' id='word_1_314' title='bbox 1526 650 1605 682; x_wconf 87' lang='lat' dir='ltr'>affici</span> <span class='ocrx_word' id='word_1_315' title='bbox 1617 671 1626 684; x_wconf 92' lang='lat'>‚</span> <span class='ocrx_word' id='word_1_316' title='bbox 1639 651 1814 685; x_wconf 86' lang='lat' dir='ltr'>lamentari,</span> <span class='ocrx_word' id='word_1_317' title='bbox 1827 652 1989 686; x_wconf 78' lang='lat' dir='ltr'>sollicitari,</span> <span class='ocrx_word' id='word_1_318' title='bbox 2001 653 2103 682; x_wconf 86' lang='lat' dir='ltr'>dolere</span> <span class='ocrx_word' id='word_1_319' title='bbox 2113 672 2123 687; x_wconf 85' lang='lat'>,</span> <span class='ocrx_word' id='word_1_320' title='bbox 2134 654 2167 683; x_wconf 87' lang='lat' dir='ltr'>in</span> <span class='ocrx_word' id='word_1_321' title='bbox 2175 663 2243 684; x_wconf 88' lang='lat' dir='ltr'>mo-</span> 
     </span>
     <span class='ocr_line' id='line_1_36' title="bbox 1289 691 2245 734; baseline 0.003 -11"><span class='ocrx_word' id='word_1_322' title='bbox 1289 692 1370 724; x_wconf 77' lang='lat' dir='ltr'>lestia</span> <span class='ocrx_word' id='word_1_323' title='bbox 1380 691 1448 727; x_wconf 84' lang='lat' dir='ltr'>esse,</span> <span class='ocrx_word' id='word_1_324' title='bbox 1458 692 1605 728; x_wconf 61' lang='lat' dir='ltr'>afflffitari,</span> <span class='ocrx_word' id='word_1_325' title='bbox 1616 692 1776 734; x_wconf 80' lang='lat' dir='ltr'>desperare.</span> <span class='ocrx_word' id='word_1_326' title='bbox 1800 694 1863 724; x_wconf 82' lang='lat' dir='ltr'>haec</span> <span class='ocrx_word' id='word_1_327' title='bbox 1871 695 1976 724; x_wconf 89' lang='lat' dir='ltr'>omnia</span> <span class='ocrx_word' id='word_1_328' title='bbox 1985 693 2136 725; x_wconf 83' lang='lat' dir='ltr'>definiunt</span> <span class='ocrx_word' id='word_1_329' title='bbox 2142 697 2245 726; x_wconf 86' lang='lat' dir='ltr'>Stoici:</span> 
     </span>
     <span class='ocr_line' id='line_1_37' title="bbox 1289 734 2246 778; baseline 0.002 -12"><span class='ocrx_word' id='word_1_330' title='bbox 1289 745 1379 776; x_wconf 86' lang='lat' dir='ltr'>eaque</span> <span class='ocrx_word' id='word_1_331' title='bbox 1389 735 1478 766; x_wconf 88' lang='lat' dir='ltr'>verba</span> <span class='ocrx_word' id='word_1_332' title='bbox 1489 756 1498 769; x_wconf 85' lang='lat'><em>.</em></span> <span class='ocrx_word' id='word_1_333' title='bbox 1516 745 1583 775; x_wconf 81' lang='lat' dir='ltr'>quae</span> <span class='ocrx_word' id='word_1_334' title='bbox 1594 735 1659 765; x_wconf 87' lang='lat' dir='ltr'>dixi</span> <span class='ocrx_word' id='word_1_335' title='bbox 1675 755 1685 769; x_wconf 90' lang='lat'><em>,</em></span> <span class='ocrx_word' id='word_1_336' title='bbox 1704 734 1885 778; x_wconf 88' lang='lat' dir='ltr'>fingularum</span> <span class='ocrx_word' id='word_1_337' title='bbox 1894 745 1995 766; x_wconf 89' lang='lat' dir='ltr'>rerum</span> <span class='ocrx_word' id='word_1_338' title='bbox 2010 736 2077 767; x_wconf 88' lang='lat' dir='ltr'>sunt</span> <span class='ocrx_word' id='word_1_339' title='bbox 2088 757 2098 770; x_wconf 85' lang='lat'><em>,</em></span> <span class='ocrx_word' id='word_1_340' title='bbox 2117 746 2181 767; x_wconf 89' lang='lat' dir='ltr'>non</span> <span class='ocrx_word' id='word_1_341' title='bbox 2192 756 2201 771; x_wconf 82' lang='lat'>‚</span> <span class='ocrx_word' id='word_1_342' title='bbox 2211 745 2246 768; x_wconf 80' lang='lat' dir='ltr'>ut</span> 
     </span>
     <span class='ocr_line' id='line_1_38' title="bbox 1291 776 2244 820; baseline 0.001 -13"><span class='ocrx_word' id='word_1_343' title='bbox 1291 779 1431 808; x_wconf 87' lang='lat' dir='ltr'>videntur</span> <span class='ocrx_word' id='word_1_344' title='bbox 1457 798 1467 812; x_wconf 90' lang='lat'>‚</span> <span class='ocrx_word' id='word_1_345' title='bbox 1488 777 1604 808; x_wconf 81' lang='lat' dir='ltr'>easdem</span> <span class='ocrx_word' id='word_1_346' title='bbox 1625 787 1670 807; x_wconf 86' lang='lat' dir='ltr'>res</span> <span class='ocrx_word' id='word_1_347' title='bbox 1689 776 1872 820; x_wconf 61' lang='lat' dir='ltr'>ligusticum,</span> <span class='ocrx_word' id='word_1_348' title='bbox 1892 777 1941 808; x_wconf 83' lang='lat' dir='ltr'>sed</span> <span class='ocrx_word' id='word_1_349' title='bbox 1960 779 2074 819; x_wconf 85' lang='lat' dir='ltr'>aliquid</span> <span class='ocrx_word' id='word_1_350' title='bbox 2091 776 2244 809; x_wconf 77' lang='lat' dir='ltr'>differunt:</span> 
     </span>
     <span class='ocr_line' id='line_1_39' title="bbox 1290 817 2251 860; baseline 0.001 -10"><span class='ocrx_word' id='word_1_351' title='bbox 1290 820 1373 860; x_wconf 90' lang='lat' dir='ltr'>quod</span> <span class='ocrx_word' id='word_1_352' title='bbox 1392 821 1453 850; x_wconf 83' lang='lat' dir='ltr'>alio</span> <span class='ocrx_word' id='word_1_353' title='bbox 1472 820 1541 850; x_wconf 88' lang='lat' dir='ltr'>loco</span> <span class='ocrx_word' id='word_1_354' title='bbox 1557 817 1677 850; x_wconf 79' lang='lat' dir='ltr'>fortasse</span> <span class='ocrx_word' id='word_1_355' title='bbox 1701 819 1904 851; x_wconf 62' lang='lat' dir='ltr'>traetabimus.</span> <span class='ocrx_word' id='word_1_356' title='bbox 1937 821 1981 850; x_wconf 85' lang='lat' dir='ltr'>hae</span> <span class='ocrx_word' id='word_1_357' title='bbox 2002 821 2069 850; x_wconf 91' lang='lat' dir='ltr'>sunt</span> <span class='ocrx_word' id='word_1_358' title='bbox 2088 821 2148 851; x_wconf 86' lang='lat' dir='ltr'>illae</span> <span class='ocrx_word' id='word_1_359' title='bbox 2165 819 2251 852; x_wconf 68' lang='lat' dir='ltr'>fibrae</span> 
     </span>
     <span class='ocr_line' id='line_1_40' title="bbox 1291 860 2249 903; baseline 0 -11"><span class='ocrx_word' id='word_1_360' title='bbox 1291 862 1447 902; x_wconf 81' lang='lat' dir='ltr'>stirpium,</span> <span class='ocrx_word' id='word_1_361' title='bbox 1466 872 1539 903; x_wconf 80' lang='lat' dir='ltr'>quas</span> <span class='ocrx_word' id='word_1_362' title='bbox 1558 860 1649 893; x_wconf 74' lang='lat' dir='ltr'>initio</span> <span class='ocrx_word' id='word_1_363' title='bbox 1669 861 1754 896; x_wconf 86' lang='lat' dir='ltr'>dixi,</span> <span class='ocrx_word' id='word_1_364' title='bbox 1775 861 2003 903; x_wconf 64' lang='lat' dir='ltr'>persequendae,</span> <span class='ocrx_word' id='word_1_365' title='bbox 2022 862 2054 892; x_wconf 91' lang='lat'>&amp;</span> <span class='ocrx_word' id='word_1_366' title='bbox 2073 872 2181 892; x_wconf 88' lang='lat' dir='ltr'>omnes</span> <span class='ocrx_word' id='word_1_367' title='bbox 2191 863 2249 892; x_wconf 87' lang='lat' dir='ltr'>eli-</span> 
     </span>
     <span class='ocr_line' id='line_1_41' title="bbox 1289 902 2250 946; baseline 0 -12"><span class='ocrx_word' id='word_1_368' title='bbox 1289 904 1413 946; x_wconf 74' lang='lat' dir='ltr'>gendae,</span> <span class='ocrx_word' id='word_1_369' title='bbox 1436 913 1473 934; x_wconf 87' lang='lat' dir='ltr'>ne</span> <span class='ocrx_word' id='word_1_370' title='bbox 1492 904 1552 935; x_wconf 87' lang='lat' dir='ltr'>ulla</span> <span class='ocrx_word' id='word_1_371' title='bbox 1569 914 1712 945; x_wconf 89' lang='lat' dir='ltr'>umquam</span> <span class='ocrx_word' id='word_1_372' title='bbox 1738 902 1979 944; x_wconf 72' lang='lat' dir='ltr'>poffitexfisteoe.</span> <span class='ocrx_word' id='word_1_373' title='bbox 2004 913 2148 944; x_wconf 78' lang='lat' dir='ltr'>magnum</span> <span class='ocrx_word' id='word_1_374' title='bbox 2158 913 2250 944; x_wconf 51' lang='lat' dir='ltr'>opusae</span> 
     </span>
     <span class='ocr_line' id='line_1_42' title="bbox 1293 945 2249 987; baseline -0.003 -10"><span class='ocrx_word' id='word_1_375' title='bbox 1293 947 1326 977; x_wconf 69' lang='grc' dir='ltr'>ὅ(</span> <span class='ocrx_word' id='word_1_376' title='bbox 1344 945 1480 977; x_wconf 88' lang='lat' dir='ltr'>difficile.</span> <span class='ocrx_word' id='word_1_377' title='bbox 1499 949 1568 987; x_wconf 87' lang='lat' dir='ltr'>quis</span> <span class='ocrx_word' id='word_1_378' title='bbox 1589 948 1695 987; x_wconf 85' lang='lat' dir='ltr'>negat?</span> <span class='ocrx_word' id='word_1_379' title='bbox 1738 947 1789 976; x_wconf 76' lang='lat' dir='ltr'>uid</span> <span class='ocrx_word' id='word_1_380' title='bbox 1802 954 1899 975; x_wconf 82' lang='lat' dir='ltr'>aurem</span> <span class='ocrx_word' id='word_1_381' title='bbox 1913 945 2093 986; x_wconf 69' lang='lat' dir='ltr'>praclarum,</span> <span class='ocrx_word' id='word_1_382' title='bbox 2113 946 2249 977; x_wconf 72' lang='lat' dir='ltr'>nonidem</span> 
     </span>
     <span class='ocr_line' id='line_1_43' title="bbox 1290 956 2247 1029; baseline 0.001 -12"><span class='ocrx_word' id='word_1_383' title='bbox 1290 988 1433 1019; x_wconf 77' lang='lat' dir='ltr'>arduum?</span> <span class='ocrx_word' id='word_1_384' title='bbox 1457 988 1505 1020; x_wconf 84' lang='lat' dir='ltr'>sed</span> <span class='ocrx_word' id='word_1_385' title='bbox 1524 998 1626 1020; x_wconf 63' lang='lat' dir='ltr'>tamen</span> <span class='ocrx_word' id='word_1_386' title='bbox 1647 988 1679 1018; x_wconf 89' lang='lat' dir='ltr'>id</span> <span class='ocrx_word' id='word_1_387' title='bbox 1694 956 1868 1019; x_wconf 41' lang='lat' dir='ltr'>tacituram</span> <span class='ocrx_word' id='word_1_388' title='bbox 1879 988 2071 1029; x_wconf 83' lang='lat' dir='ltr'>philosophia</span> <span class='ocrx_word' id='word_1_389' title='bbox 2081 987 2247 1028; x_wconf 83' lang='lat' dir='ltr'>profitetur.</span> 
     </span>
     <span class='ocr_line' id='line_1_44' title="bbox 1291 1030 2251 1070; baseline -0.001 -9"><span class='ocrx_word' id='word_1_390' title='bbox 1291 1041 1347 1061; x_wconf 87' lang='lat' dir='ltr'>nos</span> <span class='ocrx_word' id='word_1_391' title='bbox 1371 1030 1465 1060; x_wconf 72' lang='lat' dir='ltr'>modo</span> <span class='ocrx_word' id='word_1_392' title='bbox 1485 1034 1671 1062; x_wconf 88' lang='lat' dir='ltr'>curationem</span> <span class='ocrx_word' id='word_1_393' title='bbox 1689 1032 1753 1070; x_wconf 84' lang='lat' dir='ltr'>ejus</span> <span class='ocrx_word' id='word_1_394' title='bbox 1771 1031 1960 1069; x_wconf 76' lang='lat' dir='ltr'>recipiamus.</span> <span class='ocrx_word' id='word_1_395' title='bbox 1983 1030 2099 1060; x_wconf 80' lang='lat' dir='ltr'>Verum</span> <span class='ocrx_word' id='word_1_396' title='bbox 2122 1030 2251 1070; x_wconf 54' lang='lat' dir='ltr'>quidem*</span> 
     </span>
    </p>
   </div>
   <div class='ocr_carea' id='block_1_7' title="bbox 288 1071 2245 1157">
    <p class='ocr_par' dir='ltr' id='par_1_7' title="bbox 288 1071 2245 1157">
     <span class='ocr_line' id='line_1_45' title="bbox 288 1071 2245 1116; baseline -0.002 -10"><span class='ocrx_word' id='word_1_397' title='bbox 288 1079 385 1110; x_wconf 86' lang='lat' dir='ltr'>nione</span> <span class='ocrx_word' id='word_1_398' title='bbox 397 1097 405 1110; x_wconf 89' lang='lat'><em>,</em></span> <span class='ocrx_word' id='word_1_399' title='bbox 426 1076 474 1106; x_wconf 82' lang='lat' dir='ltr'>sed</span> <span class='ocrx_word' id='word_1_400' title='bbox 492 1073 621 1116; x_wconf 85' lang='lat' dir='ltr'>quadam</span> <span class='ocrx_word' id='word_1_401' title='bbox 633 1074 814 1102; x_wconf 86' lang='lat' dir='ltr'>invitatione</span> <span class='ocrx_word' id='word_1_402' title='bbox 823 1071 859 1102; x_wconf 91' lang='lat' dir='ltr'>ad</span> <span class='ocrx_word' id='word_1_403' title='bbox 869 1072 1037 1104; x_wconf 87' lang='lat' dir='ltr'>dolendum</span> <span class='ocrx_word' id='word_1_404' title='bbox 1050 1094 1059 1107; x_wconf 84' lang='lat'>.</span> <span class='ocrx_word' id='word_1_405' title='bbox 1079 1073 1150 1104; x_wconf 75' lang='lat' dir='ltr'>curn</span> <span class='ocrx_word' id='word_1_406' title='bbox 1162 1073 1191 1104; x_wconf 88' lang='lat' dir='ltr'>id</span> <span class='ocrx_word' id='word_1_407' title='bbox 1200 1074 1252 1104; x_wconf 85' lang='lat' dir='ltr'>de·</span> <span class='ocrx_word' id='word_1_408' title='bbox 1293 1074 1355 1103; x_wconf 79' lang='lat' dir='ltr'>haec</span> <span class='ocrx_word' id='word_1_409' title='bbox 1365 1072 1519 1103; x_wconf 57' lang='lat' dir='ltr'>hustenus.</span> <span class='ocrx_word' id='word_1_410' title='bbox 1540 1082 1646 1106; x_wconf 89' lang='lat' dir='ltr'>cetera,</span> <span class='ocrx_word' id='word_1_411' title='bbox 1657 1072 1907 1113; x_wconf 77' lang='lat' dir='ltr'>quetiescumque</span> <span class='ocrx_word' id='word_1_412' title='bbox 1917 1071 2038 1106; x_wconf 83' lang='lat' dir='ltr'>voletis,</span> <span class='ocrx_word' id='word_1_413' title='bbox 2050 1072 2083 1104; x_wconf 86' lang='lat'>&amp;</span> <span class='ocrx_word' id='word_1_414' title='bbox 2094 1072 2153 1104; x_wconf 89' lang='lat' dir='ltr'>hoc</span> <span class='ocrx_word' id='word_1_415' title='bbox 2163 1072 2245 1106; x_wconf 73' lang='lat' dir='ltr'>loco.</span> 
     </span>
     <span class='ocr_line' id='line_1_46' title="bbox 290 1114 1727 1157; baseline -0.006 -6"><span class='ocrx_word' id='word_1_416' title='bbox 290 1120 475 1151; x_wconf 86' lang='lat' dir='ltr'>creverimus</span> <span class='ocrx_word' id='word_1_417' title='bbox 495 1120 534 1147; x_wconf 83' lang='lat' dir='ltr'>ita</span> <span class='ocrx_word' id='word_1_418' title='bbox 554 1114 618 1146; x_wconf 88' lang='lat' dir='ltr'>fieri</span> <span class='ocrx_word' id='word_1_419' title='bbox 635 1123 783 1155; x_wconf 88' lang='lat' dir='ltr'>oportere.</span> <span class='ocrx_word' id='word_1_420' title='bbox 805 1115 865 1144; x_wconf 90' lang='lat' dir='ltr'>hoc</span> <span class='ocrx_word' id='word_1_421' title='bbox 883 1114 1016 1146; x_wconf 70' lang='lat' dir='ltr'>detra&amp;o</span> <span class='ocrx_word' id='word_1_422' title='bbox 1027 1136 1036 1150; x_wconf 88' lang='lat'>‚</span> <span class='ocrx_word' id='word_1_423' title='bbox 1053 1115 1137 1157; x_wconf 88' lang='lat' dir='ltr'>quod</span> <span class='ocrx_word' id='word_1_424' title='bbox 1151 1124 1250 1146; x_wconf 87' lang='lat' dir='ltr'>totum</span> <span class='ocrx_word' id='word_1_425' title='bbox 1295 1115 1415 1149; x_wconf 88' lang='lat' dir='ltr'>&amp;aliis,</span> <span class='ocrx_word' id='word_1_426' title='bbox 1427 1123 1523 1154; x_wconf 85' lang='lat' dir='ltr'>parata</span> <span class='ocrx_word' id='word_1_427' title='bbox 1532 1114 1620 1146; x_wconf 81' lang='lat' dir='ltr'>vobis</span> <span class='ocrx_word' id='word_1_428' title='bbox 1629 1122 1727 1144; x_wconf 85' lang='lat' dir='ltr'>erunt.</span> 
     </span>
    </p>
   </div>
   <div class='ocr_carea' id='block_1_8' title="bbox 286 1178 2238 1191">
    <p class='ocr_par' dir='ltr' id='par_1_8' title="bbox 286 1178 2238 1191">
     <span class='ocr_line' id='line_1_47' title="bbox 286 1178 2238 1191; baseline 0 2209"><span class='ocrx_word' id='word_1_429' title='bbox 286 1178 2238 1191; x_wconf 95' lang='lat' dir='ltr'> </span> 
     </span>
    </p>
   </div>
   <div class='ocr_carea' id='block_1_9' title="bbox 290 1215 1256 1649">
    <p class='ocr_par' dir='ltr' id='par_1_9' title="bbox 290 1215 1252 1292">
     <span class='ocr_line' id='line_1_48' title="bbox 327 1215 1252 1256; baseline -0.008 -7"><span class='ocrx_word' id='word_1_430' title='bbox 327 1233 337 1251; x_wconf 84' lang='lat'>1</span> <span class='ocrx_word' id='word_1_431' title='bbox 346 1244 352 1250; x_wconf 91' lang='lat'><strong>.</strong></span> <span class='ocrx_word' id='word_1_432' title='bbox 370 1223 503 1256; x_wconf 77' lang='lat' dir='ltr'>Separatim</span> <span class='ocrx_word' id='word_1_433' title='bbox 512 1226 578 1245; x_wconf 70' lang='grc' dir='ltr'>σει-ιι</span> <span class='ocrx_word' id='word_1_434' title='bbox 587 1219 668 1253; x_wconf 80' lang='lat' dir='ltr'>scholae</span> <span class='ocrx_word' id='word_1_435' title='bbox 678 1217 764 1252; x_wconf 62' lang='lat' dir='ltr'>fiam]</span> <span class='ocrx_word' id='word_1_436' title='bbox 786 1215 858 1251; x_wconf 88' lang='lat' dir='ltr'>Ejeci</span> <span class='ocrx_word' id='word_1_437' title='bbox 876 1215 945 1243; x_wconf 86' lang='lat' dir='ltr'>illud</span> <span class='ocrx_word' id='word_1_438' title='bbox 955 1223 1044 1250; x_wconf 80' lang='lat' dir='ltr'>autem,</span> <span class='ocrx_word' id='word_1_439' title='bbox 1056 1216 1123 1243; x_wconf 80' lang='lat' dir='ltr'>Pau.</span> <span class='ocrx_word' id='word_1_440' title='bbox 1134 1216 1252 1253; x_wconf 86' lang='lat' dir='ltr'>quinque</span> 
     </span>
     <span class='ocr_line' id='line_1_49' title="bbox 290 1255 584 1292; baseline -0.024 -4"><span class='ocrx_word' id='word_1_441' title='bbox 290 1269 321 1288; x_wconf 81' lang='lat' dir='ltr'>ac</span> <span class='ocrx_word' id='word_1_442' title='bbox 331 1260 409 1287; x_wconf 85' lang='lat' dir='ltr'>Fabr.</span> <span class='ocrx_word' id='word_1_443' title='bbox 417 1255 584 1292; x_wconf 85' lang='lat' dir='ltr'>jubentibus.</span> 
     </span>
    </p>

    <p class='ocr_par' dir='ltr' id='par_1_10' title="bbox 292 1288 1256 1649">
     <span class='ocr_line' id='line_1_50' title="bbox 328 1288 1251 1329; baseline -0.007 -7"><span class='ocrx_word' id='word_1_444' title='bbox 328 1305 356 1322; x_wconf 84' lang='lat'>2.</span> <span class='ocrx_word' id='word_1_445' title='bbox 376 1298 403 1321; x_wconf 79' lang='lat' dir='ltr'>In</span> <span class='ocrx_word' id='word_1_446' title='bbox 413 1304 455 1329; x_wconf 77' lang='lat' dir='ltr'>quo</span> <span class='ocrx_word' id='word_1_447' title='bbox 465 1302 544 1320; x_wconf 79' lang='lat' dir='ltr'>numen</span> <span class='ocrx_word' id='word_1_448' title='bbox 551 1293 609 1325; x_wconf 77' lang='lat' dir='ltr'>poni</span> <span class='ocrx_word' id='word_1_449' title='bbox 619 1290 677 1324; x_wconf 73' lang='lat' dir='ltr'>filet</span> <span class='ocrx_word' id='word_1_450' title='bbox 694 1289 868 1324; x_wconf 51' lang='lat' dir='ltr'>calamam]</span> <span class='ocrx_word' id='word_1_451' title='bbox 888 1288 975 1316; x_wconf 66' lang='lat' dir='ltr'>Palae.</span> <span class='ocrx_word' id='word_1_452' title='bbox 986 1296 1075 1326; x_wconf 81' lang='lat' dir='ltr'>quart.</span> <span class='ocrx_word' id='word_1_453' title='bbox 1086 1289 1142 1316; x_wconf 81' lang='lat' dir='ltr'>dici.</span> <span class='ocrx_word' id='word_1_454' title='bbox 1162 1289 1251 1326; x_wconf 88' lang='lat' dir='ltr'>quint.</span> 
     </span>
     <span class='ocr_line' id='line_1_51' title="bbox 303 1342 388 1359; baseline -0.024 0"><span class='ocrx_word' id='word_1_455' title='bbox 303 1343 324 1359; x_wconf 90' lang='lat' dir='ltr'>m</span> <span class='ocrx_word' id='word_1_456' title='bbox 341 1342 388 1358; x_wconf 82' lang='lat' dir='ltr'>om.</span> 
     </span>
     <span class='ocr_line' id='line_1_52' title="bbox 292 1339 1255 1404; baseline -0.004 -12"><span class='ocrx_word' id='word_1_457' title='bbox 292 1344 301 1360; x_wconf 56' lang='grc' dir='ltr'><em>ι</em></span> <span class='ocrx_word' id='word_1_458' title='bbox 323 1339 357 1404; x_wconf 65' lang='lat' dir='ltr'>p3.</span> <span class='ocrx_word' id='word_1_459' title='bbox 377 1369 522 1401; x_wconf 68' lang='lat' dir='ltr'>Qanquam</span> <span class='ocrx_word' id='word_1_460' title='bbox 534 1365 607 1397; x_wconf 72' lang='lat' dir='ltr'>plent</span> <span class='ocrx_word' id='word_1_461' title='bbox 623 1362 793 1396; x_wconf 75' lang='lat' dir='ltr'>disputationes</span> <span class='ocrx_word' id='word_1_462' title='bbox 810 1361 968 1388; x_wconf 57' lang='lat' dir='ltr'>dalmatiani«</span> <span class='ocrx_word' id='word_1_463' title='bbox 980 1362 1064 1396; x_wconf 58' lang='lat' dir='ltr'>sumn]</span> <span class='ocrx_word' id='word_1_464' title='bbox 1086 1361 1171 1388; x_wconf 81' lang='lat' dir='ltr'>Malui</span> <span class='ocrx_word' id='word_1_465' title='bbox 1195 1370 1255 1388; x_wconf 83' lang='lat' dir='ltr'>cer-</span> 
     </span>
     <span class='ocr_line' id='line_1_53' title="bbox 293 1397 1251 1434; baseline -0.007 -2"><span class='ocrx_word' id='word_1_466' title='bbox 293 1405 391 1433; x_wconf 80' lang='lat' dir='ltr'>tiffima</span> <span class='ocrx_word' id='word_1_467' title='bbox 401 1401 520 1428; x_wconf 86' lang='lat' dir='ltr'>Turnebi</span> <span class='ocrx_word' id='word_1_468' title='bbox 534 1398 723 1427; x_wconf 76' lang='lat' dir='ltr'>emendatione</span> <span class='ocrx_word' id='word_1_469' title='bbox 740 1406 799 1424; x_wconf 83' lang='lat' dir='ltr'>cum</span> <span class='ocrx_word' id='word_1_470' title='bbox 813 1397 945 1424; x_wconf 79' lang='lat' dir='ltr'>Lambino</span> <span class='ocrx_word' id='word_1_471' title='bbox 956 1397 1094 1434; x_wconf 76' lang='lat' dir='ltr'>paucisque</span> <span class='ocrx_word' id='word_1_472' title='bbox 1104 1398 1163 1425; x_wconf 83' lang='lat' dir='ltr'>aliis</span> <span class='ocrx_word' id='word_1_473' title='bbox 1174 1397 1251 1431; x_wconf 80' lang='lat' dir='ltr'>stare,</span> 
     </span>
     <span class='ocr_line' id='line_1_54' title="bbox 293 1433 1253 1478; baseline -0.005 -11"><span class='ocrx_word' id='word_1_474' title='bbox 293 1443 375 1478; x_wconf 63' lang='lat' dir='ltr'>quam</span> <span class='ocrx_word' id='word_1_475' title='bbox 386 1438 473 1465; x_wconf 82' lang='lat' dir='ltr'>dubiis</span> <span class='ocrx_word' id='word_1_476' title='bbox 483 1437 596 1464; x_wconf 83' lang='lat' dir='ltr'>aliorum</span> <span class='ocrx_word' id='word_1_477' title='bbox 611 1433 851 1462; x_wconf 78' lang='lat' dir='ltr'>concertationibus</span> <span class='ocrx_word' id='word_1_478' title='bbox 862 1435 889 1460; x_wconf 86' lang='lat'>&amp;</span> <span class='ocrx_word' id='word_1_479' title='bbox 900 1434 1095 1462; x_wconf 75' lang='lat' dir='ltr'>aestuationibus</span> <span class='ocrx_word' id='word_1_480' title='bbox 1105 1437 1253 1462; x_wconf 61' lang='grc' dir='ltr'>σαλεύεῶαι.</span> 
     </span>
     <span class='ocr_line' id='line_1_55' title="bbox 294 1470 1253 1508; baseline -0.004 -6"><span class='ocrx_word' id='word_1_481' title='bbox 294 1478 378 1504; x_wconf 69' lang='lat' dir='ltr'>vulve&gt;</span> <span class='ocrx_word' id='word_1_482' title='bbox 390 1475 479 1502; x_wconf 85' lang='lat' dir='ltr'>editur</span> <span class='ocrx_word' id='word_1_483' title='bbox 490 1485 497 1500; x_wconf 89' lang='lat'>:</span> <span class='ocrx_word' id='word_1_484' title='bbox 518 1481 661 1508; x_wconf 75' lang='lat' dir='ltr'>quamquam</span> <span class='ocrx_word' id='word_1_485' title='bbox 667 1471 738 1504; x_wconf 64' lang='lat' dir='ltr'>plane</span> <span class='ocrx_word' id='word_1_486' title='bbox 747 1471 910 1505; x_wconf 70' lang='lat' dir='ltr'>disputationis</span> <span class='ocrx_word' id='word_1_487' title='bbox 916 1471 986 1503; x_wconf 66' lang='lat' dir='ltr'>fient,</span> <span class='ocrx_word' id='word_1_488' title='bbox 996 1471 1163 1497; x_wconf 62' lang='lat' dir='ltr'>deleffationis.</span> <span class='ocrx_word' id='word_1_489' title='bbox 1184 1470 1253 1498; x_wconf 80' lang='lat' dir='ltr'>unde</span> 
     </span>
     <span class='ocr_line' id='line_1_56' title="bbox 293 1499 1255 1544; baseline -0.006 -4"><span class='ocrx_word' id='word_1_490' title='bbox 293 1513 328 1541; x_wconf 83' lang='lat'>1’.</span> <span class='ocrx_word' id='word_1_491' title='bbox 340 1499 444 1540; x_wconf 50' lang='lat' dir='ltr'>§lanum</span> <span class='ocrx_word' id='word_1_492' title='bbox 462 1517 606 1544; x_wconf 76' lang='lat' dir='ltr'>quamquam</span> <span class='ocrx_word' id='word_1_493' title='bbox 615 1508 684 1538; x_wconf 65' lang='lat' dir='ltr'>plane</span> <span class='ocrx_word' id='word_1_494' title='bbox 701 1507 865 1540; x_wconf 63' lang='lat' dir='ltr'>disputationis</span> <span class='ocrx_word' id='word_1_495' title='bbox 875 1507 936 1540; x_wconf 72' lang='lat' dir='ltr'>fitnt</span> <span class='ocrx_word' id='word_1_496' title='bbox 946 1526 955 1538; x_wconf 87' lang='lat'>,</span> <span class='ocrx_word' id='word_1_497' title='bbox 972 1506 1002 1536; x_wconf 64' lang='lat' dir='ltr'>&lt;ty</span> <span class='ocrx_word' id='word_1_498' title='bbox 1017 1506 1184 1534; x_wconf 67' lang='lat' dir='ltr'>Aeteaationis.</span> <span class='ocrx_word' id='word_1_499' title='bbox 1204 1508 1255 1534; x_wconf 87' lang='lat' dir='ltr'>Pa-</span> 
     </span>
     <span class='ocr_line' id='line_1_57' title="bbox 294 1542 1254 1584; baseline -0.007 -8"><span class='ocrx_word' id='word_1_500' title='bbox 294 1549 348 1577; x_wconf 79' lang='lat' dir='ltr'>lat.</span> <span class='ocrx_word' id='word_1_501' title='bbox 367 1553 456 1584; x_wconf 84' lang='lat' dir='ltr'>quart.</span> <span class='ocrx_word' id='word_1_502' title='bbox 469 1553 613 1580; x_wconf 76' lang='lat' dir='ltr'>quamquam</span> <span class='ocrx_word' id='word_1_503' title='bbox 627 1543 699 1576; x_wconf 61' lang='lat' dir='ltr'>plan&amp;</span> <span class='ocrx_word' id='word_1_504' title='bbox 717 1543 884 1575; x_wconf 77' lang='lat' dir='ltr'>disputationes</span> <span class='ocrx_word' id='word_1_505' title='bbox 902 1542 1020 1568; x_wconf 65' lang='lat' dir='ltr'>defamem·</span> <span class='ocrx_word' id='word_1_506' title='bbox 1028 1543 1098 1576; x_wconf 77' lang='lat' dir='ltr'>fiant.</span> <span class='ocrx_word' id='word_1_507' title='bbox 1118 1544 1206 1579; x_wconf 86' lang='lat' dir='ltr'>quint.</span> <span class='ocrx_word' id='word_1_508' title='bbox 1226 1544 1254 1569; x_wconf 68' lang='grc' dir='ltr'>δε</span> 
     </span>
     <span class='ocr_line' id='line_1_58' title="bbox 297 1577 1254 1619; baseline -0.008 -10"><span class='ocrx_word' id='word_1_509' title='bbox 297 1584 373 1611; x_wconf 74' lang='lat' dir='ltr'>Pith.</span> <span class='ocrx_word' id='word_1_510' title='bbox 385 1589 474 1619; x_wconf 78' lang='lat' dir='ltr'>quart.</span> <span class='ocrx_word' id='word_1_511' title='bbox 489 1581 559 1613; x_wconf 64' lang='lat' dir='ltr'>plane</span> <span class='ocrx_word' id='word_1_512' title='bbox 569 1578 732 1612; x_wconf 66' lang='lat' dir='ltr'>disputationis</span> <span class='ocrx_word' id='word_1_513' title='bbox 742 1578 941 1611; x_wconf 66' lang='lat' dir='ltr'>deleHatiomfique</span> <span class='ocrx_word' id='word_1_514' title='bbox 951 1579 1021 1611; x_wconf 74' lang='lat' dir='ltr'>fient.</span> <span class='ocrx_word' id='word_1_515' title='bbox 1041 1577 1163 1605; x_wconf 80' lang='lat' dir='ltr'>Vatican.</span> <span class='ocrx_word' id='word_1_516' title='bbox 1184 1579 1254 1604; x_wconf 79' lang='lat' dir='ltr'>inib-</span> 
     </span>
     <span class='ocr_line' id='line_1_59' title="bbox 298 1613 1256 1649; baseline -0.011 -1"><span class='ocrx_word' id='word_1_517' title='bbox 298 1621 387 1649; x_wconf 63' lang='lat' dir='ltr'>tenter</span> <span class='ocrx_word' id='word_1_518' title='bbox 396 1617 428 1647; x_wconf 80' lang='lat' dir='ltr'>ab</span> <span class='ocrx_word' id='word_1_519' title='bbox 445 1615 567 1645; x_wconf 87' lang='lat' dir='ltr'>omnibus</span> <span class='ocrx_word' id='word_1_520' title='bbox 576 1613 706 1642; x_wconf 78' lang='lat' dir='ltr'>divertit:</span> <span class='ocrx_word' id='word_1_521' title='bbox 726 1613 941 1648; x_wconf 71' lang='lat' dir='ltr'>quanquamplane</span> <span class='ocrx_word' id='word_1_522' title='bbox 949 1614 1113 1649; x_wconf 64' lang='lat' dir='ltr'>disputationiae</span> <span class='ocrx_word' id='word_1_523' title='bbox 1124 1633 1133 1647; x_wconf 87' lang='lat'>,</span> <span class='ocrx_word' id='word_1_524' title='bbox 1151 1615 1256 1643; x_wconf 55' lang='lat' dir='ltr'>deli-Ha-</span> 
     </span>
    </p>
   </div>
   <div class='ocr_carea' id='block_1_10' title="bbox 637 1697 1228 1774">
    <p class='ocr_par' dir='ltr' id='par_1_11' title="bbox 637 1697 1228 1774">
     <span class='ocr_line' id='line_1_60' title="bbox 637 1697 1228 1774; baseline 0.002 -2"><span class='ocrx_word' id='word_1_525' title='bbox 637 1712 731 1772; x_wconf 84' lang='lat' dir='ltr'>M.</span> <span class='ocrx_word' id='word_1_526' title='bbox 824 1697 1228 1774; x_wconf 75' lang='lat' dir='ltr'>TULth</span> 
     </span>
    </p>
   </div>
   <div class='ocr_carea' id='block_1_11' title="bbox 1289 1213 2255 1649">
    <p class='ocr_par' dir='ltr' id='par_1_12' title="bbox 1289 1213 2250 1280">
     <span class='ocr_line' id='line_1_61' title="bbox 1289 1213 2250 1280; baseline -0.001 -38"><span class='ocrx_word' id='word_1_527' title='bbox 1289 1217 1358 1280; x_wconf 51' lang='grc' dir='ltr'>κάοίἱς</span> <span class='ocrx_word' id='word_1_528' title='bbox 1368 1216 1478 1250; x_wconf 77' lang='lat' dir='ltr'>fimmae:</span> <span class='ocrx_word' id='word_1_529' title='bbox 1495 1223 1586 1243; x_wconf 82' lang='lat' dir='ltr'>tamen.</span> <span class='ocrx_word' id='word_1_530' title='bbox 1605 1224 1663 1253; x_wconf 80' lang='lat' dir='ltr'>quae</span> <span class='ocrx_word' id='word_1_531' title='bbox 1674 1215 1776 1243; x_wconf 79' lang='lat' dir='ltr'>utinam</span> <span class='ocrx_word' id='word_1_532' title='bbox 1796 1214 1879 1242; x_wconf 58' lang='lat' dir='ltr'>lez-fiio</span> <span class='ocrx_word' id='word_1_533' title='bbox 1897 1214 2016 1251; x_wconf 83' lang='lat' dir='ltr'>pluribus</span> <span class='ocrx_word' id='word_1_534' title='bbox 2034 1213 2059 1241; x_wconf 90' lang='lat' dir='ltr'>se</span> <span class='ocrx_word' id='word_1_535' title='bbox 2078 1221 2198 1248; x_wconf 77' lang='lat' dir='ltr'>tueretur</span> <span class='ocrx_word' id='word_1_536' title='bbox 2208 1221 2250 1242; x_wconf 65' lang='lat' dir='ltr'>teo</span> 
     </span>
     <span class='ocr_line' id='line_1_62' title="bbox 1313 1262 1381 1280; baseline 0.029 -2"><span class='ocrx_word' id='word_1_537' title='bbox 1313 1263 1320 1278; x_wconf 88' lang='lat' dir='ltr'>i</span> <span class='ocrx_word' id='word_1_538' title='bbox 1342 1262 1381 1280; x_wconf 90' lang='lat' dir='ltr'>us.</span> 
     </span>
    </p>

    <p class='ocr_par' dir='ltr' id='par_1_13' title="bbox 1290 1284 2255 1649">
     <span class='ocr_line' id='line_1_63' title="bbox 1326 1284 2254 1324; baseline -0.004 -8"><span class='ocrx_word' id='word_1_539' title='bbox 1326 1296 1355 1322; x_wconf 89' lang='lat'>4.</span> <span class='ocrx_word' id='word_1_540' title='bbox 1374 1290 1428 1321; x_wconf 48' lang='grc' dir='ltr'>φερε</span> <span class='ocrx_word' id='word_1_541' title='bbox 1437 1290 1481 1323; x_wconf 81' lang='lat' dir='ltr'>ipfi1</span> <span class='ocrx_word' id='word_1_542' title='bbox 1490 1296 1572 1316; x_wconf 80' lang='lat' dir='ltr'>trunco</span> <span class='ocrx_word' id='word_1_543' title='bbox 1588 1289 1664 1323; x_wconf 64' lang='lat' dir='ltr'>eversi&gt;</span> <span class='ocrx_word' id='word_1_544' title='bbox 1676 1308 1684 1321; x_wconf 87' lang='lat'><strong><em>‚</em></strong></span> <span class='ocrx_word' id='word_1_545' title='bbox 1700 1296 1777 1314; x_wconf 72' lang='lat' dir='ltr'>omnes</span> <span class='ocrx_word' id='word_1_546' title='bbox 1793 1288 1897 1321; x_wconf 69' lang='lat' dir='ltr'>eligendae</span> <span class='ocrx_word' id='word_1_547' title='bbox 1906 1286 1991 1322; x_wconf 67' lang='lat' dir='ltr'>firm]</span> <span class='ocrx_word' id='word_1_548' title='bbox 2013 1285 2088 1324; x_wconf 79' lang='lat' dir='ltr'>Qid</span> <span class='ocrx_word' id='word_1_549' title='bbox 2098 1284 2254 1313; x_wconf 57' lang='lat' dir='ltr'>dubitemus*</span> 
     </span>
     <span class='ocr_line' id='line_1_64' title="bbox 1290 1323 2249 1362; baseline -0.003 -11"><span class='ocrx_word' id='word_1_550' title='bbox 1290 1324 1323 1352; x_wconf 85' lang='lat' dir='ltr'>de</span> <span class='ocrx_word' id='word_1_551' title='bbox 1335 1326 1382 1352; x_wconf 82' lang='lat' dir='ltr'>hac</span> <span class='ocrx_word' id='word_1_552' title='bbox 1391 1325 1520 1362; x_wconf 68' lang='lat' dir='ltr'>scriptura</span> <span class='ocrx_word' id='word_1_553' title='bbox 1533 1345 1541 1358; x_wconf 93' lang='lat'>‚</span> <span class='ocrx_word' id='word_1_554' title='bbox 1560 1326 1706 1351; x_wconf 70' lang='lat' dir='ltr'>cuminam</span> <span class='ocrx_word' id='word_1_555' title='bbox 1720 1324 1855 1351; x_wconf 86' lang='lat' dir='ltr'>vindicent</span> <span class='ocrx_word' id='word_1_556' title='bbox 1869 1324 1897 1350; x_wconf 76' lang='lat' dir='ltr'>Sc</span> <span class='ocrx_word' id='word_1_557' title='bbox 1915 1323 2072 1350; x_wconf 78' lang='lat' dir='ltr'>redhibeant</span> <span class='ocrx_word' id='word_1_558' title='bbox 2089 1323 2184 1358; x_wconf 83' lang='lat' dir='ltr'>optimi</span> <span class='ocrx_word' id='word_1_559' title='bbox 2194 1324 2249 1348; x_wconf 75' lang='lat' dir='ltr'>duo</span> 
     </span>
     <span class='ocr_line' id='line_1_65' title="bbox 1291 1358 2251 1398; baseline -0.001 -11"><span class='ocrx_word' id='word_1_560' title='bbox 1291 1362 1360 1388; x_wconf 86' lang='lat' dir='ltr'>Pall.</span> <span class='ocrx_word' id='word_1_561' title='bbox 1372 1369 1436 1389; x_wconf 83' lang='lat' dir='ltr'>tert.</span> <span class='ocrx_word' id='word_1_562' title='bbox 1448 1370 1536 1398; x_wconf 85' lang='lat' dir='ltr'>quart.</span> <span class='ocrx_word' id='word_1_563' title='bbox 1548 1361 1710 1389; x_wconf 82' lang='lat' dir='ltr'>Pith.Fabr.</span> <span class='ocrx_word' id='word_1_564' title='bbox 1731 1370 1779 1387; x_wconf 87' lang='lat' dir='ltr'>nec</span> <span class='ocrx_word' id='word_1_565' title='bbox 1787 1359 1894 1387; x_wconf 80' lang='lat' dir='ltr'>abludat</span> <span class='ocrx_word' id='word_1_566' title='bbox 1905 1360 1992 1395; x_wconf 77' lang='lat' dir='ltr'>quint.</span> <span class='ocrx_word' id='word_1_567' title='bbox 2011 1361 2037 1386; x_wconf 87' lang='lat' dir='ltr'>in</span> <span class='ocrx_word' id='word_1_568' title='bbox 2058 1368 2130 1394; x_wconf 86' lang='lat' dir='ltr'>quo,</span> <span class='ocrx_word' id='word_1_569' title='bbox 2148 1358 2251 1386; x_wconf 73' lang='lat' dir='ltr'>eliendae.</span> 
     </span>
     <span class='ocr_line' id='line_1_66' title="bbox 1291 1395 2255 1434; baseline -0.005 -10"><span class='ocrx_word' id='word_1_570' title='bbox 1291 1408 1376 1434; x_wconf 85' lang='lat' dir='ltr'>neque</span> <span class='ocrx_word' id='word_1_571' title='bbox 1388 1399 1507 1426; x_wconf 77' lang='lat' dir='ltr'>vatican.</span> <span class='ocrx_word' id='word_1_572' title='bbox 1518 1399 1544 1425; x_wconf 88' lang='lat' dir='ltr'>in</span> <span class='ocrx_word' id='word_1_573' title='bbox 1555 1408 1608 1434; x_wconf 90' lang='lat' dir='ltr'>quo</span> <span class='ocrx_word' id='word_1_574' title='bbox 1616 1398 1738 1424; x_wconf 70' lang='lat' dir='ltr'>elicieudae.</span> <span class='ocrx_word' id='word_1_575' title='bbox 1758 1396 1838 1432; x_wconf 76' lang='lat' dir='ltr'>vulgo</span> <span class='ocrx_word' id='word_1_576' title='bbox 1849 1396 1964 1423; x_wconf 69' lang='lat' dir='ltr'>elidendae.</span> <span class='ocrx_word' id='word_1_577' title='bbox 1983 1395 2060 1432; x_wconf 84' lang='lat' dir='ltr'>plura</span> <span class='ocrx_word' id='word_1_578' title='bbox 2075 1395 2133 1421; x_wconf 79' lang='lat' dir='ltr'>dixi</span> <span class='ocrx_word' id='word_1_579' title='bbox 2144 1395 2171 1422; x_wconf 87' lang='lat' dir='ltr'>in</span> <span class='ocrx_word' id='word_1_580' title='bbox 2183 1396 2255 1421; x_wconf 69' lang='lat' dir='ltr'>Cre-</span> 
     </span>
     <span class='ocr_line' id='line_1_67' title="bbox 1292 1430 2250 1471; baseline -0.004 -10"><span class='ocrx_word' id='word_1_581' title='bbox 1292 1434 1409 1471; x_wconf 82' lang='lat' dir='ltr'>pundiis.</span> <span class='ocrx_word' id='word_1_582' title='bbox 1426 1435 1489 1471; x_wconf 88' lang='lat' dir='ltr'>quid</span> <span class='ocrx_word' id='word_1_583' title='bbox 1509 1434 1580 1470; x_wconf 88' lang='lat' dir='ltr'>quod</span> <span class='ocrx_word' id='word_1_584' title='bbox 1599 1434 1676 1470; x_wconf 74' lang='lat' dir='ltr'>paulo</span> <span class='ocrx_word' id='word_1_585' title='bbox 1690 1433 1745 1471; x_wconf 88' lang='lat' dir='ltr'>post</span> <span class='ocrx_word' id='word_1_586' title='bbox 1756 1440 1809 1460; x_wconf 87' lang='lat' dir='ltr'>tres</span> <span class='ocrx_word' id='word_1_587' title='bbox 1830 1432 1898 1459; x_wconf 85' lang='lat' dir='ltr'>Pall.</span> <span class='ocrx_word' id='word_1_588' title='bbox 1918 1432 2074 1468; x_wconf 85' lang='lat' dir='ltr'>posteriores</span> <span class='ocrx_word' id='word_1_589' title='bbox 2094 1440 2200 1467; x_wconf 84' lang='lat' dir='ltr'>quoque</span> <span class='ocrx_word' id='word_1_590' title='bbox 2210 1430 2250 1457; x_wconf 85' lang='lat' dir='ltr'>le-</span> 
     </span>
     <span class='ocr_line' id='line_1_68' title="bbox 1291 1466 2252 1506; baseline -0.006 -8"><span class='ocrx_word' id='word_1_591' title='bbox 1291 1478 1373 1506; x_wconf 81' lang='lat' dir='ltr'>gant:</span> <span class='ocrx_word' id='word_1_592' title='bbox 1396 1473 1441 1497; x_wconf 75' lang='lat' dir='ltr'>haec</span> <span class='ocrx_word' id='word_1_593' title='bbox 1452 1472 1561 1505; x_wconf 71' lang='lat' dir='ltr'>fimtillae</span> <span class='ocrx_word' id='word_1_594' title='bbox 1572 1472 1641 1505; x_wconf 66' lang='lat' dir='ltr'>fibra</span> <span class='ocrx_word' id='word_1_595' title='bbox 1652 1472 1764 1503; x_wconf 74' lang='lat' dir='ltr'>stirpium</span> <span class='ocrx_word' id='word_1_596' title='bbox 1774 1489 1782 1502; x_wconf 87' lang='lat'>‚</span> <span class='ocrx_word' id='word_1_597' title='bbox 1801 1478 1862 1504; x_wconf 77' lang='lat' dir='ltr'>quas·</span> <span class='ocrx_word' id='word_1_598' title='bbox 1878 1471 1947 1495; x_wconf 68' lang='lat' dir='ltr'>initio</span> <span class='ocrx_word' id='word_1_599' title='bbox 1963 1469 2014 1495; x_wconf 79' lang='lat' dir='ltr'>dixi</span> <span class='ocrx_word' id='word_1_600' title='bbox 2027 1467 2186 1501; x_wconf 54' lang='lat' dir='ltr'>persequenda</span> <span class='ocrx_word' id='word_1_601' title='bbox 2196 1486 2205 1499; x_wconf 89' lang='lat'>‚</span> <span class='ocrx_word' id='word_1_602' title='bbox 2222 1466 2252 1497; x_wconf 73' lang='grc' dir='ltr'>ά·</span> 
     </span>
     <span class='ocr_line' id='line_1_69' title="bbox 1291 1502 2254 1543; baseline -0.004 -10"><span class='ocrx_word' id='word_1_603' title='bbox 1291 1516 1368 1533; x_wconf 80' lang='lat' dir='ltr'>omnes</span> <span class='ocrx_word' id='word_1_604' title='bbox 1376 1508 1491 1540; x_wconf 58' lang='lat' dir='ltr'>eligendae.</span> <span class='ocrx_word' id='word_1_605' title='bbox 1507 1507 1541 1534; x_wconf 83' lang='lat' dir='ltr'>sic</span> <span class='ocrx_word' id='word_1_606' title='bbox 1550 1516 1655 1543; x_wconf 75' lang='lat' dir='ltr'>quoque</span> <span class='ocrx_word' id='word_1_607' title='bbox 1666 1507 1708 1532; x_wconf 86' lang='lat' dir='ltr'>hic</span> <span class='ocrx_word' id='word_1_608' title='bbox 1719 1505 1796 1533; x_wconf 78' lang='lat' dir='ltr'>Fabr.</span> <span class='ocrx_word' id='word_1_609' title='bbox 1811 1504 1880 1532; x_wconf 83' lang='lat' dir='ltr'>Pith.</span> <span class='ocrx_word' id='word_1_610' title='bbox 1892 1505 2013 1531; x_wconf 77' lang='lat' dir='ltr'>ceterum</span> <span class='ocrx_word' id='word_1_611' title='bbox 2024 1506 2080 1535; x_wconf 60' lang='lat' dir='ltr'>hec,</span> <span class='ocrx_word' id='word_1_612' title='bbox 2091 1512 2141 1529; x_wconf 85' lang='lat' dir='ltr'>non</span> <span class='ocrx_word' id='word_1_613' title='bbox 2152 1504 2196 1533; x_wconf 63' lang='lat' dir='ltr'>hx,</span> <span class='ocrx_word' id='word_1_614' title='bbox 2206 1502 2254 1529; x_wconf 81' lang='lat' dir='ltr'>ha-</span> 
     </span>
     <span class='ocr_line' id='line_1_70' title="bbox 1293 1537 2252 1577; baseline -0.004 -9"><span class='ocrx_word' id='word_1_615' title='bbox 1293 1542 1358 1570; x_wconf 84' lang='lat' dir='ltr'>bent</span> <span class='ocrx_word' id='word_1_616' title='bbox 1369 1542 1556 1570; x_wconf 74' lang='lat' dir='ltr'>Pall.secund.</span> <span class='ocrx_word' id='word_1_617' title='bbox 1574 1550 1638 1569; x_wconf 85' lang='lat' dir='ltr'>tert.</span> <span class='ocrx_word' id='word_1_618' title='bbox 1658 1549 1747 1577; x_wconf 87' lang='lat' dir='ltr'>quart.</span> <span class='ocrx_word' id='word_1_619' title='bbox 1768 1543 1838 1571; x_wconf 85' lang='lat' dir='ltr'>(nain</span> <span class='ocrx_word' id='word_1_620' title='bbox 1858 1540 1972 1576; x_wconf 83' lang='lat' dir='ltr'>quint.h</span> <span class='ocrx_word' id='word_1_621' title='bbox 1986 1548 2026 1572; x_wconf 84' lang='lat' dir='ltr'>ee)</span> <span class='ocrx_word' id='word_1_622' title='bbox 2047 1539 2168 1565; x_wconf 81' lang='lat' dir='ltr'>Vatican.</span> <span class='ocrx_word' id='word_1_623' title='bbox 2180 1537 2252 1565; x_wconf 85' lang='lat' dir='ltr'>unde</span> 
     </span>
     <span class='ocr_line' id='line_1_71' title="bbox 1293 1575 2255 1613; baseline -0.003 -9"><span class='ocrx_word' id='word_1_624' title='bbox 1293 1579 1392 1612; x_wconf 85' lang='lat' dir='ltr'>conjeci</span> <span class='ocrx_word' id='word_1_625' title='bbox 1403 1579 1470 1605; x_wconf 73' lang='lat' dir='ltr'>haece.</span> <span class='ocrx_word' id='word_1_626' title='bbox 1490 1578 1577 1605; x_wconf 80' lang='lat' dir='ltr'>Addit</span> <span class='ocrx_word' id='word_1_627' title='bbox 1586 1578 1701 1613; x_wconf 84' lang='lat' dir='ltr'>denique</span> <span class='ocrx_word' id='word_1_628' title='bbox 1711 1576 1874 1604; x_wconf 85' lang='lat' dir='ltr'>Gulielmius</span> <span class='ocrx_word' id='word_1_629' title='bbox 1887 1595 1895 1607; x_wconf 89' lang='lat'><strong><em>‚</em></strong></span> <span class='ocrx_word' id='word_1_630' title='bbox 1905 1577 2075 1609; x_wconf 69' lang='lat' dir='ltr'>elegerestirpes</span> <span class='ocrx_word' id='word_1_631' title='bbox 2085 1593 2094 1608; x_wconf 88' lang='lat'><em>,</em></span> <span class='ocrx_word' id='word_1_632' title='bbox 2104 1575 2141 1602; x_wconf 87' lang='lat' dir='ltr'>est</span> <span class='ocrx_word' id='word_1_633' title='bbox 2149 1576 2255 1604; x_wconf 62' lang='lat' dir='ltr'>creuere.</span> 
     </span>
     <span class='ocr_line' id='line_1_72' title="bbox 1294 1611 2019 1649; baseline -0.004 -7"><span class='ocrx_word' id='word_1_634' title='bbox 1294 1623 1355 1642; x_wconf 84' lang='lat' dir='ltr'>nam</span> <span class='ocrx_word' id='word_1_635' title='bbox 1364 1616 1447 1648; x_wconf 79' lang='lat' dir='ltr'>legere,</span> <span class='ocrx_word' id='word_1_636' title='bbox 1455 1616 1557 1648; x_wconf 78' lang='lat' dir='ltr'>vellere‚·</span> <span class='ocrx_word' id='word_1_637' title='bbox 1575 1612 1646 1642; x_wconf 80' lang='lat' dir='ltr'>unde</span> <span class='ocrx_word' id='word_1_638' title='bbox 1654 1616 1782 1648; x_wconf 79' lang='lat' dir='ltr'>legumina,</span> <span class='ocrx_word' id='word_1_639' title='bbox 1792 1611 1863 1649; x_wconf 73' lang='lat' dir='ltr'>quod</span> <span class='ocrx_word' id='word_1_640' title='bbox 1875 1611 2019 1639; x_wconf 76' lang='lat' dir='ltr'>venantur.</span> 
     </span>
    </p>
   </div>
   <div class='ocr_carea' id='block_1_12' title="bbox 1322 1714 1934 1773">
    <p class='ocr_par' dir='ltr' id='par_1_14' title="bbox 1322 1714 1934 1773">
     <span class='ocr_line' id='line_1_73' title="bbox 1322 1714 1934 1773; baseline -0.007 0"><span class='ocrx_word' id='word_1_641' title='bbox 1322 1714 1934 1773; x_wconf 78' lang='lat' dir='ltr'>CICERONIS</span> 
     </span>
    </p>
   </div>
   <div class='ocr_carea' id='block_1_13' title="bbox 368 1801 2258 1906">
    <p class='ocr_par' dir='ltr' id='par_1_15' title="bbox 368 1801 2258 1906">
     <span class='ocr_line' id='line_1_74' title="bbox 368 1801 2258 1906; baseline -0.003 -13"><span class='ocrx_word' id='word_1_642' title='bbox 368 1826 1273 1893; x_wconf 79' lang='lat' dir='ltr'><strong>TUSCULANARUM</strong></span> <span class='ocrx_word' id='word_1_643' title='bbox 1403 1801 2258 1906; x_wconf 54' lang='lat' dir='ltr'>QUAESTIONUM,&#39;</span> 
     </span>
    </p>
   </div>
   <div class='ocr_carea' id='block_1_14' title="bbox 1225 1951 1266 1994">
    <p class='ocr_par' dir='ltr' id='par_1_16' title="bbox 1225 1951 1266 1994">
     <span class='ocr_line' id='line_1_75' title="bbox 1225 1951 1266 1994; baseline 0 0"><span class='ocrx_word' id='word_1_644' title='bbox 1225 1951 1266 1994; x_wconf 93' lang='lat' dir='ltr'>A</span> 
     </span>
    </p>
   </div>
   <div class='ocr_carea' id='block_1_15' title="bbox 615 2039 755 2117">
    <p class='ocr_par' dir='ltr' id='par_1_17' title="bbox 615 2039 755 2117">
     <span class='ocr_line' id='line_1_76' title="bbox 615 2039 755 2117; baseline -0.071 0"><span class='ocrx_word' id='word_1_645' title='bbox 615 2039 755 2117; x_wconf 91' lang='lat' dir='ltr'>M.</span> 
     </span>
    </p>
   </div>
   <div class='ocr_carea' id='block_1_16' title="bbox 1301 1929 1363 1994">
    <p class='ocr_par' dir='ltr' id='par_1_18' title="bbox 1301 1929 1363 1994">
     <span class='ocr_line' id='line_1_77' title="bbox 1301 1929 1363 1994; baseline 0 -64"><span class='ocrx_word' id='word_1_646' title='bbox 1301 1950 1345 1994; x_wconf 81' lang='lat' dir='ltr'>D</span> <span class='ocrx_word' id='word_1_647' title='bbox 1360 1929 1363 1930; x_wconf 10' lang='grc' dir='ltr'><em>γ</em></span> 
     </span>
    </p>
   </div>
   <div class='ocr_carea' id='block_1_17' title="bbox 929 2035 1954 2120">
    <p class='ocr_par' dir='ltr' id='par_1_19' title="bbox 929 2035 1954 2120">
     <span class='ocr_line' id='line_1_78' title="bbox 929 2035 1954 2120; baseline 0 -3"><span class='ocrx_word' id='word_1_648' title='bbox 929 2035 1954 2120; x_wconf 82' lang='lat' dir='ltr'>BRUTUM‚</span> 
     </span>
    </p>
   </div>
   <div class='ocr_carea' id='block_1_18' title="bbox 454 2171 2124 2338">
    <p class='ocr_par' dir='ltr' id='par_1_20' title="bbox 454 2171 2124 2338">
     <span class='ocr_line' id='line_1_79' title="bbox 801 2171 1746 2241; baseline -0.001 -21"><span class='ocrx_word' id='word_1_649' title='bbox 801 2174 1114 2220; x_wconf 80' lang='lat' dir='ltr'>LIBER</span> <span class='ocrx_word' id='word_1_650' title='bbox 1211 2171 1746 2241; x_wconf 61' lang='lat' dir='ltr'>QUARTUS.</span> 
     </span>
     <span class='ocr_line' id='line_1_80' title="bbox 454 2269 2124 2338; baseline -0.001 -11"><span class='ocrx_word' id='word_1_651' title='bbox 454 2270 556 2327; x_wconf 90' lang='lat' dir='ltr'>DE</span> <span class='ocrx_word' id='word_1_652' title='bbox 591 2269 966 2338; x_wconf 87' lang='lat' dir='ltr'>RELIQUIS</span> <span class='ocrx_word' id='word_1_653' title='bbox 1009 2272 1254 2328; x_wconf 89' lang='lat' dir='ltr'><strong>ANIMI</strong></span> <span class='ocrx_word' id='word_1_654' title='bbox 1291 2270 2124 2329; x_wconf 88' lang='lat' dir='ltr'><strong>PERTURBATIONIBUS.</strong></span> 
     </span>
    </p>
   </div>
   <div class='ocr_carea' id='block_1_19' title="bbox 309 2372 556 2654">
    <p class='ocr_par' dir='ltr' id='par_1_21' title="bbox 309 2372 556 2654">
     <span class='ocr_line' id='line_1_81' title="bbox 312 2372 551 2486; baseline 0 0"><span class='ocrx_word' id='word_1_655' title='bbox 312 2372 551 2486; x_wconf 95' lang='lat' dir='ltr'>   </span> 
     </span>
     <span class='ocr_line' id='line_1_82' title="bbox 309 2486 556 2566; baseline 0 0"><span class='ocrx_word' id='word_1_656' title='bbox 309 2486 556 2566; x_wconf 95' lang='lat' dir='ltr'>  </span> 
     </span>
     <span class='ocr_line' id='line_1_83' title="bbox 309 2566 556 2654; baseline 0 -51"><span class='ocrx_word' id='word_1_657' title='bbox 309 2566 514 2654; x_wconf 95' lang='lat' dir='ltr'>    </span> <span class='ocrx_word' id='word_1_658' title='bbox 549 2566 556 2647; x_wconf 95' lang='lat' dir='ltr'>   </span> 
     </span>
    </p>
   </div>
   <div class='ocr_carea' id='block_1_20' title="bbox 311 2372 1274 3003">
    <p class='ocr_par' dir='ltr' id='par_1_22' title="bbox 483 2372 1273 2462">
     <span class='ocr_line' id='line_1_84' title="bbox 483 2372 1273 2408; baseline 0 -5"><span class='ocrx_word' id='word_1_659' title='bbox 483 2384 501 2408; x_wconf 52' lang='lat'>9</span> <span class='ocrx_word' id='word_1_660' title='bbox 531 2393 537 2398; x_wconf 39' lang='lat' dir='ltr'>v.</span> <span class='ocrx_word' id='word_1_661' title='bbox 570 2375 640 2404; x_wconf 79' lang='lat' dir='ltr'>Um</span> <span class='ocrx_word' id='word_1_662' title='bbox 660 2372 849 2403; x_wconf 86' lang='lat' dir='ltr'>multislocis</span> <span class='ocrx_word' id='word_1_663' title='bbox 859 2372 1032 2404; x_wconf 87' lang='lat' dir='ltr'>nostrorum</span> <span class='ocrx_word' id='word_1_664' title='bbox 1045 2373 1211 2403; x_wconf 88' lang='lat' dir='ltr'>hominum</span> <span class='ocrx_word' id='word_1_665' title='bbox 1224 2374 1273 2403; x_wconf 84' lang='lat' dir='ltr'>in-</span> 
     </span>
     <span class='ocr_line' id='line_1_85' title="bbox 573 2415 1271 2457; baseline -0.001 -12.077"><span class='ocrx_word' id='word_1_666' title='bbox 573 2417 660 2457; x_wconf 86' lang='lat' dir='ltr'>genia</span> <span class='ocrx_word' id='word_1_667' title='bbox 679 2435 688 2449; x_wconf 92' lang='lat'>‚</span> <span class='ocrx_word' id='word_1_668' title='bbox 717 2415 898 2455; x_wconf 86' lang='lat' dir='ltr'>virtutesque</span> <span class='ocrx_word' id='word_1_669' title='bbox 918 2417 1006 2446; x_wconf 86' lang='lat' dir='ltr'>Brute</span> <span class='ocrx_word' id='word_1_670' title='bbox 1024 2436 1032 2450; x_wconf 90' lang='lat'>‚</span> <span class='ocrx_word' id='word_1_671' title='bbox 1058 2416 1138 2445; x_wconf 86' lang='lat' dir='ltr'>soleo</span> <span class='ocrx_word' id='word_1_672' title='bbox 1159 2417 1271 2449; x_wconf 85' lang='lat' dir='ltr'>mirari,</span> 
     </span>
    </p>

    <p class='ocr_par' dir='ltr' id='par_1_23' title="bbox 424 2455 1273 2542">
     <span class='ocr_line' id='line_1_86' title="bbox 424 2455 1273 2497; baseline -0.001 -10"><span class='ocrx_word' id='word_1_673' title='bbox 424 2460 430 2468; x_wconf 86' lang='grc'>·</span> <span class='ocrx_word' id='word_1_674' title='bbox 463 2469 471 2476; x_wconf 84' lang='lat'><em>·</em></span> <span class='ocrx_word' id='word_1_675' title='bbox 493 2468 539 2494; x_wconf 58' lang='lat'>¹¹„-</span> <span class='ocrx_word' id='word_1_676' title='bbox 574 2467 640 2488; x_wconf 84' lang='lat' dir='ltr'>tum</span> <span class='ocrx_word' id='word_1_677' title='bbox 665 2456 802 2488; x_wconf 74' lang='lat' dir='ltr'>maxime</span> <span class='ocrx_word' id='word_1_678' title='bbox 820 2457 866 2486; x_wconf 88' lang='lat' dir='ltr'>his</span> <span class='ocrx_word' id='word_1_679' title='bbox 882 2459 914 2487; x_wconf 87' lang='lat' dir='ltr'>in</span> <span class='ocrx_word' id='word_1_680' title='bbox 925 2456 1050 2490; x_wconf 82' lang='lat' dir='ltr'>studiis,</span> <span class='ocrx_word' id='word_1_681' title='bbox 1070 2467 1137 2497; x_wconf 89' lang='lat' dir='ltr'>quae</span> <span class='ocrx_word' id='word_1_682' title='bbox 1147 2455 1211 2487; x_wconf 74' lang='lat' dir='ltr'>sero</span> <span class='ocrx_word' id='word_1_683' title='bbox 1222 2457 1273 2487; x_wconf 87' lang='lat' dir='ltr'>ad-</span> 
     </span>
     <span class='ocr_line' id='line_1_87' title="bbox 480 2496 1270 2542; baseline -0.003 -12"><span class='ocrx_word' id='word_1_684' title='bbox 480 2496 542 2542; x_wconf 55' lang='lat' dir='ltr'>J.</span> <span class='ocrx_word' id='word_1_685' title='bbox 575 2498 706 2530; x_wconf 90' lang='lat' dir='ltr'>modum</span> <span class='ocrx_word' id='word_1_686' title='bbox 732 2500 862 2539; x_wconf 84' lang='lat' dir='ltr'>expetita</span> <span class='ocrx_word' id='word_1_687' title='bbox 883 2518 893 2533; x_wconf 81' lang='grc'><strong>,</strong></span> <span class='ocrx_word' id='word_1_688' title='bbox 921 2500 956 2529; x_wconf 90' lang='lat' dir='ltr'>in</span> <span class='ocrx_word' id='word_1_689' title='bbox 983 2500 1060 2530; x_wconf 83' lang='lat' dir='ltr'>hanc</span> <span class='ocrx_word' id='word_1_690' title='bbox 1080 2501 1233 2530; x_wconf 83' lang='lat' dir='ltr'>civitatem</span> <span class='ocrx_word' id='word_1_691' title='bbox 1253 2501 1270 2528; x_wconf 76' lang='lat' dir='ltr'>e</span> 
     </span>
    </p>

    <p class='ocr_par' dir='ltr' id='par_1_24' title="bbox 311 2537 1274 3003">
     <span class='ocr_line' id='line_1_88' title="bbox 324 2537 1272 2580; baseline -0.004 -7"><span class='ocrx_word' id='word_1_692' title='bbox 324 2561 347 2579; x_wconf 46' lang='lat' dir='ltr'>,t</span> <span class='ocrx_word' id='word_1_693' title='bbox 402 2544 412 2579; x_wconf 67' lang='grc' dir='ltr'>ξ</span> <span class='ocrx_word' id='word_1_694' title='bbox 476 2537 547 2576; x_wconf 57' lang='lat' dir='ltr'>&#39;&#39;¹&#39;J‘23-</span> <span class='ocrx_word' id='word_1_695' title='bbox 576 2543 690 2573; x_wconf 83' lang='lat' dir='ltr'>Graecia</span> <span class='ocrx_word' id='word_1_696' title='bbox 710 2540 933 2572; x_wconf 85' lang='lat' dir='ltr'>transtulerunt.</span> <span class='ocrx_word' id='word_1_697' title='bbox 955 2551 1027 2572; x_wconf 82' lang='lat' dir='ltr'>nam</span> <span class='ocrx_word' id='word_1_698' title='bbox 1050 2539 1123 2570; x_wconf 76' lang='lat' dir='ltr'>cum</span> <span class='ocrx_word' id='word_1_699' title='bbox 1145 2542 1272 2580; x_wconf 81' lang='lat' dir='ltr'>aprimo</span> 
     </span>
     <span class='ocr_line' id='line_1_89' title="bbox 337 2581 1269 2627; baseline -0.004 -12"><span class='ocrx_word' id='word_1_700' title='bbox 337 2604 354 2625; x_wconf 35' lang='grc' dir='ltr'>«ἃ</span> <span class='ocrx_word' id='word_1_701' title='bbox 410 2581 549 2627; x_wconf 37' lang='grc' dir='ltr'>’Ὕμζῷ</span> <span class='ocrx_word' id='word_1_702' title='bbox 577 2584 660 2615; x_wconf 88' lang='lat' dir='ltr'>urbis</span> <span class='ocrx_word' id='word_1_703' title='bbox 670 2591 757 2617; x_wconf 81' lang='lat' dir='ltr'>ortu,</span> <span class='ocrx_word' id='word_1_704' title='bbox 777 2581 1036 2625; x_wconf 79' lang='lat' dir='ltr'>regiisinstitutis‚</span> <span class='ocrx_word' id='word_1_705' title='bbox 1059 2584 1166 2622; x_wconf 87' lang='lat' dir='ltr'>partim</span> <span class='ocrx_word' id='word_1_706' title='bbox 1179 2584 1269 2612; x_wconf 82' lang='lat' dir='ltr'>etiam</span> 
     </span>
     <span class='ocr_line' id='line_1_90' title="bbox 417 2623 1272 2668; baseline -0.005 -11"><span class='ocrx_word' id='word_1_707' title='bbox 417 2626 423 2633; x_wconf 88' lang='lat'><strong><em>‘</em></strong></span> <span class='ocrx_word' id='word_1_708' title='bbox 457 2627 460 2630; x_wconf 81' lang='grc'>’</span> <span class='ocrx_word' id='word_1_709' title='bbox 520 2623 548 2636; x_wconf 75' lang='lat'>‘⁴</span> <span class='ocrx_word' id='word_1_710' title='bbox 580 2626 715 2668; x_wconf 81' lang='lat' dir='ltr'>legibus,</span> <span class='ocrx_word' id='word_1_711' title='bbox 736 2626 864 2666; x_wconf 88' lang='lat' dir='ltr'>auspicia</span> <span class='ocrx_word' id='word_1_712' title='bbox 879 2644 888 2659; x_wconf 88' lang='lat'>‚</span> <span class='ocrx_word' id='word_1_713' title='bbox 903 2626 1091 2656; x_wconf 81' lang='lat' dir='ltr'>caeremoniae</span> <span class='ocrx_word' id='word_1_714' title='bbox 1105 2643 1114 2658; x_wconf 91' lang='lat'>,</span> <span class='ocrx_word' id='word_1_715' title='bbox 1135 2626 1272 2657; x_wconf 89' lang='lat' dir='ltr'>comitia,</span> 
     </span>
     <span class='ocr_line' id='line_1_91' title="bbox 311 2666 1269 2713; baseline -0.008 -10"><span class='ocrx_word' id='word_1_716' title='bbox 311 2672 542 2713; x_wconf 81' lang='lat' dir='ltr'>provocationes</span> <span class='ocrx_word' id='word_1_717' title='bbox 553 2689 561 2703; x_wconf 94' lang='lat'>‚</span> <span class='ocrx_word' id='word_1_718' title='bbox 581 2678 696 2709; x_wconf 90' lang='lat' dir='ltr'>patrum</span> <span class='ocrx_word' id='word_1_719' title='bbox 708 2666 868 2698; x_wconf 85' lang='lat' dir='ltr'>confilium</span> <span class='ocrx_word' id='word_1_720' title='bbox 880 2688 889 2702; x_wconf 86' lang='lat'>‚</span> <span class='ocrx_word' id='word_1_721' title='bbox 900 2669 1038 2708; x_wconf 86' lang='lat' dir='ltr'>equitum</span> <span class='ocrx_word' id='word_1_722' title='bbox 1052 2686 1059 2701; x_wconf 87' lang='lat'><strong>,</strong></span> <span class='ocrx_word' id='word_1_723' title='bbox 1072 2667 1269 2707; x_wconf 86' lang='lat' dir='ltr'>peditumque</span> 
     </span>
     <span class='ocr_line' id='line_1_92' title="bbox 314 2707 1267 2754; baseline -0.007 -10"><span class='ocrx_word' id='word_1_724' title='bbox 314 2714 473 2754; x_wconf 82' lang='lat' dir='ltr'>descriptio</span> <span class='ocrx_word' id='word_1_725' title='bbox 485 2732 493 2746; x_wconf 90' lang='lat'>,</span> <span class='ocrx_word' id='word_1_726' title='bbox 513 2720 574 2742; x_wconf 86' lang='lat' dir='ltr'>tota</span> <span class='ocrx_word' id='word_1_727' title='bbox 593 2720 638 2740; x_wconf 82' lang='lat' dir='ltr'>res</span> <span class='ocrx_word' id='word_1_728' title='bbox 658 2710 796 2740; x_wconf 87' lang='lat' dir='ltr'>militaris</span> <span class='ocrx_word' id='word_1_729' title='bbox 808 2730 817 2743; x_wconf 84' lang='lat'>‚</span> <span class='ocrx_word' id='word_1_730' title='bbox 836 2709 988 2740; x_wconf 81' lang='lat' dir='ltr'>divinitus</span> <span class='ocrx_word' id='word_1_731' title='bbox 1006 2707 1077 2739; x_wconf 87' lang='lat' dir='ltr'>efi&#39;et</span> <span class='ocrx_word' id='word_1_732' title='bbox 1095 2707 1267 2741; x_wconf 59' lang='lat' dir='ltr'>constitum</span> 
     </span>
     <span class='ocr_line' id='line_1_93' title="bbox 317 2750 1272 2796; baseline -0.006 -11"><span class='ocrx_word' id='word_1_733' title='bbox 317 2763 382 2785; x_wconf 89' lang='lat' dir='ltr'>tum</span> <span class='ocrx_word' id='word_1_734' title='bbox 400 2753 540 2796; x_wconf 80' lang='lat' dir='ltr'>progreffio</span> <span class='ocrx_word' id='word_1_735' title='bbox 559 2751 750 2785; x_wconf 67' lang='lat' dir='ltr'>admirabilia,</span> <span class='ocrx_word' id='word_1_736' title='bbox 774 2750 998 2793; x_wconf 81' lang='lat' dir='ltr'>incredibilisque</span> <span class='ocrx_word' id='word_1_737' title='bbox 1016 2750 1272 2790; x_wconf 77' lang='lat' dir='ltr'>cursmadomnem</span> 
     </span>
     <span class='ocr_line' id='line_1_94' title="bbox 318 2793 1274 2836; baseline -0.004 -11"><span class='ocrx_word' id='word_1_738' title='bbox 318 2798 509 2826; x_wconf 79' lang='lat' dir='ltr'>excellentiam</span> <span class='ocrx_word' id='word_1_739' title='bbox 521 2794 621 2836; x_wconf 63' lang='lat' dir='ltr'>fastus</span> <span class='ocrx_word' id='word_1_740' title='bbox 643 2793 704 2828; x_wconf 59' lang='lat' dir='ltr'>essi,</span> <span class='ocrx_word' id='word_1_741' title='bbox 724 2794 884 2824; x_wconf 88' lang='lat' dir='ltr'>dominatu</span> <span class='ocrx_word' id='word_1_742' title='bbox 896 2804 978 2834; x_wconf 84' lang='lat' dir='ltr'>regio</span> <span class='ocrx_word' id='word_1_743' title='bbox 989 2803 1049 2833; x_wconf 88' lang='lat' dir='ltr'>rep.</span> <span class='ocrx_word' id='word_1_744' title='bbox 1064 2793 1186 2823; x_wconf 86' lang='lat' dir='ltr'>liberata</span> <span class='ocrx_word' id='word_1_745' title='bbox 1218 2802 1274 2822; x_wconf 88' lang='lat' dir='ltr'>nec</span> 
     </span>
     <span class='ocr_line' id='line_1_95' title="bbox 318 2835 1270 2876; baseline -0.002 -10"><span class='ocrx_word' id='word_1_746' title='bbox 318 2836 391 2867; x_wconf 71' lang='lat' dir='ltr'>vero</span> <span class='ocrx_word' id='word_1_747' title='bbox 405 2839 452 2868; x_wconf 86' lang='lat' dir='ltr'>hic</span> <span class='ocrx_word' id='word_1_748' title='bbox 463 2839 546 2869; x_wconf 89' lang='lat' dir='ltr'>locus</span> <span class='ocrx_word' id='word_1_749' title='bbox 555 2835 599 2868; x_wconf 82' lang='lat' dir='ltr'>est</span> <span class='ocrx_word' id='word_1_750' title='bbox 609 2857 617 2871; x_wconf 95' lang='lat'>‚</span> <span class='ocrx_word' id='word_1_751' title='bbox 638 2845 672 2867; x_wconf 90' lang='lat' dir='ltr'>ut</span> <span class='ocrx_word' id='word_1_752' title='bbox 680 2836 716 2866; x_wconf 90' lang='lat' dir='ltr'>de</span> <span class='ocrx_word' id='word_1_753' title='bbox 729 2836 882 2871; x_wconf 87' lang='lat' dir='ltr'>moribus,</span> <span class='ocrx_word' id='word_1_754' title='bbox 895 2835 1098 2876; x_wconf 87' lang='lat' dir='ltr'>institutisque</span> <span class='ocrx_word' id='word_1_755' title='bbox 1108 2837 1270 2874; x_wconf 83' lang='lat' dir='ltr'>majorum,</span> 
     </span>
     <span class='ocr_line' id='line_1_96' title="bbox 320 2877 1272 2919; baseline -0.004 -10"><span class='ocrx_word' id='word_1_756' title='bbox 320 2879 356 2909; x_wconf 86' lang='lat'>&amp;</span> <span class='ocrx_word' id='word_1_757' title='bbox 382 2879 556 2919; x_wconf 84' lang='lat' dir='ltr'>disciplina,</span> <span class='ocrx_word' id='word_1_758' title='bbox 579 2889 611 2910; x_wconf 90' lang='lat' dir='ltr'>ac</span> <span class='ocrx_word' id='word_1_759' title='bbox 632 2880 852 2919; x_wconf 85' lang='lat' dir='ltr'>temperatione</span> <span class='ocrx_word' id='word_1_760' title='bbox 870 2880 998 2909; x_wconf 86' lang='lat' dir='ltr'>civitatis</span> <span class='ocrx_word' id='word_1_761' title='bbox 1008 2878 1179 2918; x_wconf 86' lang='lat' dir='ltr'>loquamur.</span> <span class='ocrx_word' id='word_1_762' title='bbox 1207 2877 1272 2906; x_wconf 87' lang='lat' dir='ltr'>aliis</span> 
     </span>
     <span class='ocr_line' id='line_1_97' title="bbox 322 2917 1271 2960; baseline -0.003 -10"><span class='ocrx_word' id='word_1_763' title='bbox 322 2921 385 2950; x_wconf 85' lang='lat' dir='ltr'>haec</span> <span class='ocrx_word' id='word_1_764' title='bbox 401 2920 476 2950; x_wconf 85' lang='lat' dir='ltr'>locis</span> <span class='ocrx_word' id='word_1_765' title='bbox 485 2922 550 2951; x_wconf 84' lang='lat' dir='ltr'>satis</span> <span class='ocrx_word' id='word_1_766' title='bbox 560 2926 690 2951; x_wconf 86' lang='lat' dir='ltr'>accurate</span> <span class='ocrx_word' id='word_1_767' title='bbox 701 2920 816 2950; x_wconf 69' lang='lat' dir='ltr'>anobis</span> <span class='ocrx_word' id='word_1_768' title='bbox 830 2917 910 2951; x_wconf 62' lang='lat' dir='ltr'>dicta</span> <span class='ocrx_word' id='word_1_769' title='bbox 920 2921 1007 2954; x_wconf 82' lang='lat' dir='ltr'>sunt,</span> <span class='ocrx_word' id='word_1_770' title='bbox 1033 2921 1226 2960; x_wconf 82' lang='lat' dir='ltr'>maximeque</span> <span class='ocrx_word' id='word_1_771' title='bbox 1239 2920 1271 2948; x_wconf 88' lang='lat' dir='ltr'>in</span> 
     </span>
     <span class='ocr_line' id='line_1_98' title="bbox 321 2961 1270 3003; baseline -0.002 -11"><span class='ocrx_word' id='word_1_772' title='bbox 321 2963 361 2992; x_wconf 83' lang='lat' dir='ltr'>iis</span> <span class='ocrx_word' id='word_1_773' title='bbox 380 2961 432 2992; x_wconf 78' lang='lat' dir='ltr'>sex</span> <span class='ocrx_word' id='word_1_774' title='bbox 454 2962 556 2996; x_wconf 82' lang='lat' dir='ltr'>libris,</span> <span class='ocrx_word' id='word_1_775' title='bbox 575 2967 585 2982; x_wconf 90' lang='lat'><strong>¹</strong></span> <span class='ocrx_word' id='word_1_776' title='bbox 605 2972 682 3003; x_wconf 81' lang='lat' dir='ltr'>quos</span> <span class='ocrx_word' id='word_1_777' title='bbox 700 2962 736 2994; x_wconf 88' lang='lat' dir='ltr'>de</span> <span class='ocrx_word' id='word_1_778' title='bbox 746 2972 809 3003; x_wconf 74' lang='lat' dir='ltr'>tep-</span> <span class='ocrx_word' id='word_1_779' title='bbox 822 2961 999 3003; x_wconf 85' lang='lat' dir='ltr'>scripsimus.</span> <span class='ocrx_word' id='word_1_780' title='bbox 1022 2962 1080 2992; x_wconf 89' lang='lat' dir='ltr'>hoc</span> <span class='ocrx_word' id='word_1_781' title='bbox 1090 2963 1270 2992; x_wconf 84' lang='lat' dir='ltr'>autemloco</span> 
     </span>
    </p>
   </div>
   <div class='ocr_carea' id='block_1_21' title="bbox 1311 2371 2274 3027">
    <p class='ocr_par' dir='ltr' id='par_1_25' title="bbox 1311 2371 2274 3002">
     <span class='ocr_line' id='line_1_99' title="bbox 1312 2371 2270 2408; baseline -0.001 -5"><span class='ocrx_word' id='word_1_782' title='bbox 1312 2373 1512 2404; x_wconf 72' lang='lat' dir='ltr'>consideranti</span> <span class='ocrx_word' id='word_1_783' title='bbox 1529 2374 1608 2404; x_wconf 86' lang='lat' dir='ltr'>mihi</span> <span class='ocrx_word' id='word_1_784' title='bbox 1626 2372 1721 2404; x_wconf 86' lang='lat' dir='ltr'>studia</span> <span class='ocrx_word' id='word_1_785' title='bbox 1732 2372 1899 2408; x_wconf 62' lang='lat' dir='ltr'>doeh-inae,</span> <span class='ocrx_word' id='word_1_786' title='bbox 1917 2372 2011 2403; x_wconf 89' lang='lat' dir='ltr'>multa</span> <span class='ocrx_word' id='word_1_787' title='bbox 2020 2371 2086 2403; x_wconf 74' lang='lat' dir='ltr'>sane</span> <span class='ocrx_word' id='word_1_788' title='bbox 2097 2378 2270 2407; x_wconf 65' lang='lat' dir='ltr'>occurrunt-5</span> 
     </span>
     <span class='ocr_line' id='line_1_100' title="bbox 1314 2413 2269 2457; baseline -0.003 -11"><span class='ocrx_word' id='word_1_789' title='bbox 1314 2419 1328 2435; x_wconf 78' lang='lat'><em>2</em></span> <span class='ocrx_word' id='word_1_790' title='bbox 1348 2426 1402 2446; x_wconf 89' lang='lat' dir='ltr'>cur</span> <span class='ocrx_word' id='word_1_791' title='bbox 1419 2425 1452 2446; x_wconf 87' lang='lat' dir='ltr'>ea</span> <span class='ocrx_word' id='word_1_792' title='bbox 1470 2425 1592 2457; x_wconf 89' lang='lat' dir='ltr'>quoque</span> <span class='ocrx_word' id='word_1_793' title='bbox 1609 2413 1886 2448; x_wconf 86' lang='lat' dir='ltr'>arceffitaaliunde‚</span> <span class='ocrx_word' id='word_1_794' title='bbox 1910 2424 2007 2455; x_wconf 86' lang='lat' dir='ltr'>neque</span> <span class='ocrx_word' id='word_1_795' title='bbox 2018 2413 2117 2445; x_wconf 75' lang='lat' dir='ltr'>solum</span> <span class='ocrx_word' id='word_1_796' title='bbox 2126 2415 2269 2454; x_wconf 75' lang='lat' dir='ltr'>expetita,</span> 
     </span>
     <span class='ocr_line' id='line_1_101' title="bbox 1314 2455 2270 2492; baseline -0.003 -5"><span class='ocrx_word' id='word_1_797' title='bbox 1314 2457 1363 2487; x_wconf 88' lang='lat' dir='ltr'>sed</span> <span class='ocrx_word' id='word_1_798' title='bbox 1385 2458 1473 2487; x_wconf 86' lang='lat' dir='ltr'>etiam</span> <span class='ocrx_word' id='word_1_799' title='bbox 1495 2457 1685 2489; x_wconf 79' lang='lat' dir='ltr'>conservata,</span> <span class='ocrx_word' id='word_1_800' title='bbox 1708 2456 1741 2487; x_wconf 77' lang='lat'>&amp;1</span> <span class='ocrx_word' id='word_1_801' title='bbox 1763 2457 1842 2487; x_wconf 82' lang='lat' dir='ltr'>culta</span> <span class='ocrx_word' id='word_1_802' title='bbox 1851 2457 2017 2487; x_wconf 87' lang='lat' dir='ltr'>videantur.</span> <span class='ocrx_word' id='word_1_803' title='bbox 2042 2465 2101 2486; x_wconf 87' lang='lat' dir='ltr'>erat</span> <span class='ocrx_word' id='word_1_804' title='bbox 2112 2458 2195 2486; x_wconf 86' lang='lat' dir='ltr'>enim</span> <span class='ocrx_word' id='word_1_805' title='bbox 2207 2455 2270 2492; x_wconf 73' lang='lat' dir='ltr'>illis</span> 
     </span>
     <span class='ocr_line' id='line_1_102' title="bbox 1315 2497 2272 2539; baseline -0.002 -10"><span class='ocrx_word' id='word_1_806' title='bbox 1315 2498 1409 2539; x_wconf 75' lang='lat' dir='ltr'>poene</span> <span class='ocrx_word' id='word_1_807' title='bbox 1422 2499 1454 2528; x_wconf 87' lang='lat' dir='ltr'>in</span> <span class='ocrx_word' id='word_1_808' title='bbox 1471 2497 1632 2538; x_wconf 61' lang='lat' dir='ltr'>conspectu</span> <span class='ocrx_word' id='word_1_809' title='bbox 1652 2498 1799 2538; x_wconf 83' lang='lat' dir='ltr'>praestanti</span> <span class='ocrx_word' id='word_1_810' title='bbox 1813 2499 1971 2539; x_wconf 81' lang='lat' dir='ltr'>sapientia,</span> <span class='ocrx_word' id='word_1_811' title='bbox 1995 2497 2028 2528; x_wconf 91' lang='lat'>&amp;</span> <span class='ocrx_word' id='word_1_812' title='bbox 2045 2498 2203 2528; x_wconf 85' lang='lat' dir='ltr'>nobilitate</span> <span class='ocrx_word' id='word_1_813' title='bbox 2211 2499 2272 2536; x_wconf 84' lang='lat' dir='ltr'>Py-</span> 
     </span>
     <span class='ocr_line' id='line_1_103' title="bbox 1312 2538 2268 2582; baseline -0.004 -11"><span class='ocrx_word' id='word_1_814' title='bbox 1312 2542 1466 2582; x_wconf 80' lang='lat' dir='ltr'>thagoras,</span> <span class='ocrx_word' id='word_1_815' title='bbox 1485 2542 1537 2581; x_wconf 85' lang='lat' dir='ltr'>qui</span> <span class='ocrx_word' id='word_1_816' title='bbox 1568 2539 1627 2570; x_wconf 88' lang='lat' dir='ltr'>fuit</span> <span class='ocrx_word' id='word_1_817' title='bbox 1646 2543 1678 2570; x_wconf 90' lang='lat' dir='ltr'>in</span> <span class='ocrx_word' id='word_1_818' title='bbox 1701 2541 1784 2571; x_wconf 86' lang='lat' dir='ltr'>Italia</span> <span class='ocrx_word' id='word_1_819' title='bbox 1802 2541 1989 2581; x_wconf 86' lang='lat' dir='ltr'>temporibus</span> <span class='ocrx_word' id='word_1_820' title='bbox 2012 2539 2117 2570; x_wconf 88' lang='lat' dir='ltr'>iisdem</span> <span class='ocrx_word' id='word_1_821' title='bbox 2130 2559 2139 2573; x_wconf 93' lang='lat'>‚</span> <span class='ocrx_word' id='word_1_822' title='bbox 2157 2538 2268 2579; x_wconf 84' lang='lat' dir='ltr'>quibus</span> 
     </span>
     <span class='ocr_line' id='line_1_104' title="bbox 1313 2580 2271 2623; baseline -0.003 -10"><span class='ocrx_word' id='word_1_823' title='bbox 1313 2585 1348 2613; x_wconf 92' lang='lat' dir='ltr'>L.</span> <span class='ocrx_word' id='word_1_824' title='bbox 1370 2585 1477 2613; x_wconf 90' lang='lat' dir='ltr'>Brutus</span> <span class='ocrx_word' id='word_1_825' title='bbox 1497 2584 1620 2622; x_wconf 82' lang='lat' dir='ltr'>patriam</span> <span class='ocrx_word' id='word_1_826' title='bbox 1641 2581 1797 2617; x_wconf 84' lang='lat' dir='ltr'>liberavit,</span> <span class='ocrx_word' id='word_1_827' title='bbox 1815 2583 1972 2623; x_wconf 83' lang='lat' dir='ltr'>praeclarus</span> <span class='ocrx_word' id='word_1_828' title='bbox 1990 2580 2271 2613; x_wconf 68' lang='lat' dir='ltr'>auetor&#39;nobilitatis</span> 
     </span>
     <span class='ocr_line' id='line_1_105' title="bbox 1312 2621 2270 2665; baseline -0.007 -9"><span class='ocrx_word' id='word_1_829' title='bbox 1312 2633 1379 2656; x_wconf 74' lang='lat' dir='ltr'>tuae¹</span> <span class='ocrx_word' id='word_1_830' title='bbox 1403 2625 1575 2665; x_wconf 78' lang='lat' dir='ltr'>Pythagorae</span> <span class='ocrx_word' id='word_1_831' title='bbox 1593 2633 1695 2655; x_wconf 90' lang='lat' dir='ltr'>autem</span> <span class='ocrx_word' id='word_1_832' title='bbox 1707 2623 1834 2654; x_wconf 63' lang='lat' dir='ltr'>doctrina</span> <span class='ocrx_word' id='word_1_833' title='bbox 1844 2623 1908 2654; x_wconf 60' lang='lat' dir='ltr'>ciam</span> <span class='ocrx_word' id='word_1_834' title='bbox 1918 2623 2013 2665; x_wconf 62' lang='lat' dir='ltr'>longe,</span> <span class='ocrx_word' id='word_1_835' title='bbox 2033 2624 2144 2664; x_wconf 80' lang='lat' dir='ltr'>lateque</span> <span class='ocrx_word' id='word_1_836' title='bbox 2151 2621 2270 2659; x_wconf 77' lang='lat' dir='ltr'>flueret,</span> 
     </span>
     <span class='ocr_line' id='line_1_106' title="bbox 1312 2662 2266 2708; baseline -0.006 -10"><span class='ocrx_word' id='word_1_837' title='bbox 1312 2666 1526 2708; x_wconf 85' lang='lat' dir='ltr'>permanavisse</span> <span class='ocrx_word' id='word_1_838' title='bbox 1547 2668 1624 2697; x_wconf 88' lang='lat' dir='ltr'>mihi</span> <span class='ocrx_word' id='word_1_839' title='bbox 1646 2666 1764 2698; x_wconf 85' lang='lat' dir='ltr'>videtur</span> <span class='ocrx_word' id='word_1_840' title='bbox 1785 2669 1817 2697; x_wconf 89' lang='lat' dir='ltr'>in</span> <span class='ocrx_word' id='word_1_841' title='bbox 1827 2663 2185 2703; x_wconf 74' lang='lat' dir='ltr'>hanccivitatem&#39;11dque</span> <span class='ocrx_word' id='word_1_842' title='bbox 2196 2662 2266 2693; x_wconf 70' lang='lat' dir='ltr'>cum</span> 
     </span>
     <span class='ocr_line' id='line_1_107' title="bbox 1311 2703 2269 2750; baseline -0.005 -10"><span class='ocrx_word' id='word_1_843' title='bbox 1311 2708 1482 2746; x_wconf 69' lang='lat' dir='ltr'>conieEtura</span> <span class='ocrx_word' id='word_1_844' title='bbox 1501 2708 1656 2749; x_wconf 86' lang='lat' dir='ltr'>probabile</span> <span class='ocrx_word' id='word_1_845' title='bbox 1677 2708 1738 2744; x_wconf 84' lang='lat' dir='ltr'>est,</span> <span class='ocrx_word' id='word_1_846' title='bbox 1756 2718 1820 2739; x_wconf 86' lang='lat' dir='ltr'>tum</span> <span class='ocrx_word' id='word_1_847' title='bbox 1840 2708 2020 2750; x_wconf 87' lang='lat' dir='ltr'>quibusdam</span> <span class='ocrx_word' id='word_1_848' title='bbox 2032 2707 2122 2736; x_wconf 87' lang='lat' dir='ltr'>etiam</span> <span class='ocrx_word' id='word_1_849' title='bbox 2134 2703 2269 2745; x_wconf 85' lang='lat' dir='ltr'>vestigiis</span> 
     </span>
     <span class='ocr_line' id='line_1_108' title="bbox 1313 2746 2271 2792; baseline -0.004 -11"><span class='ocrx_word' id='word_1_850' title='bbox 1313 2751 1470 2782; x_wconf 86' lang='lat' dir='ltr'>indicatur.</span> <span class='ocrx_word' id='word_1_851' title='bbox 1493 2752 1560 2792; x_wconf 84' lang='lat' dir='ltr'>quis</span> <span class='ocrx_word' id='word_1_852' title='bbox 1570 2753 1654 2781; x_wconf 83' lang='lat' dir='ltr'>enim</span> <span class='ocrx_word' id='word_1_853' title='bbox 1665 2750 1708 2782; x_wconf 83' lang='lat' dir='ltr'>est</span> <span class='ocrx_word' id='word_1_854' title='bbox 1718 2771 1727 2785; x_wconf 86' lang='lat'>‚</span> <span class='ocrx_word' id='word_1_855' title='bbox 1747 2753 1800 2792; x_wconf 88' lang='lat' dir='ltr'>qui</span> <span class='ocrx_word' id='word_1_856' title='bbox 1809 2759 1892 2791; x_wconf 87' lang='lat' dir='ltr'>putet</span> <span class='ocrx_word' id='word_1_857' title='bbox 1902 2770 1911 2784; x_wconf 91' lang='lat'><strong>,</strong></span> <span class='ocrx_word' id='word_1_858' title='bbox 1932 2748 2004 2781; x_wconf 74' lang='lat' dir='ltr'>cum</span> <span class='ocrx_word' id='word_1_859' title='bbox 2015 2747 2133 2778; x_wconf 77' lang='lat' dir='ltr'>floreret</span> <span class='ocrx_word' id='word_1_860' title='bbox 2143 2747 2175 2775; x_wconf 79' lang='lat' dir='ltr'>in</span> <span class='ocrx_word' id='word_1_861' title='bbox 2186 2746 2271 2778; x_wconf 83' lang='lat' dir='ltr'>Italia</span> 
     </span>
     <span class='ocr_line' id='line_1_109' title="bbox 1313 2791 2271 2832; baseline -0.005 -8"><span class='ocrx_word' id='word_1_862' title='bbox 1313 2796 1427 2824; x_wconf 84' lang='lat' dir='ltr'>Graecia</span> <span class='ocrx_word' id='word_1_863' title='bbox 1436 2791 1649 2832; x_wconf 81' lang='lat' dir='ltr'>potentiffimis</span> <span class='ocrx_word' id='word_1_864' title='bbox 1663 2813 1672 2827; x_wconf 88' lang='lat'>‚</span> <span class='ocrx_word' id='word_1_865' title='bbox 1684 2793 1716 2824; x_wconf 74' lang='grc' dir='ltr'>δε</span> <span class='ocrx_word' id='word_1_866' title='bbox 1729 2795 1875 2823; x_wconf 83' lang='lat' dir='ltr'>maximis</span> <span class='ocrx_word' id='word_1_867' title='bbox 1883 2791 2005 2822; x_wconf 89' lang='lat' dir='ltr'>urbibus</span> <span class='ocrx_word' id='word_1_868' title='bbox 2017 2798 2077 2822; x_wconf 59' lang='grc' dir='ltr'>,θεὴ</span> <span class='ocrx_word' id='word_1_869' title='bbox 2088 2797 2153 2828; x_wconf 84' lang='lat' dir='ltr'>quae</span> <span class='ocrx_word' id='word_1_870' title='bbox 2165 2797 2271 2828; x_wconf 87' lang='lat' dir='ltr'>magna</span> 
     </span>
     <span class='ocr_line' id='line_1_110' title="bbox 1314 2829 2271 2876; baseline -0.004 -11"><span class='ocrx_word' id='word_1_871' title='bbox 1314 2835 1393 2866; x_wconf 61' lang='lat' dir='ltr'>didita</span> <span class='ocrx_word' id='word_1_872' title='bbox 1418 2834 1460 2865; x_wconf 85' lang='lat' dir='ltr'>est</span> <span class='ocrx_word' id='word_1_873' title='bbox 1482 2855 1490 2869; x_wconf 90' lang='lat'><strong>,</strong></span> <span class='ocrx_word' id='word_1_874' title='bbox 1513 2836 1546 2864; x_wconf 84' lang='lat' dir='ltr'>in</span> <span class='ocrx_word' id='word_1_875' title='bbox 1568 2835 1673 2876; x_wconf 86' lang='lat' dir='ltr'>hisque</span> <span class='ocrx_word' id='word_1_876' title='bbox 1690 2833 1827 2876; x_wconf 77' lang='lat' dir='ltr'>primurn</span> <span class='ocrx_word' id='word_1_877' title='bbox 1843 2832 1930 2873; x_wconf 86' lang='lat' dir='ltr'>ipfius</span> <span class='ocrx_word' id='word_1_878' title='bbox 1947 2832 2137 2871; x_wconf 77' lang='lat' dir='ltr'>Pythagorae,</span> <span class='ocrx_word' id='word_1_879' title='bbox 2161 2829 2271 2861; x_wconf 77' lang='lat' dir='ltr'>deinde</span> 
     </span>
     <span class='ocr_line' id='line_1_111' title="bbox 1313 2870 2269 2918; baseline -0.007 -11"><span class='ocrx_word' id='word_1_880' title='bbox 1313 2877 1414 2917; x_wconf 85' lang='lat' dir='ltr'>postea</span> <span class='ocrx_word' id='word_1_881' title='bbox 1432 2878 1686 2918; x_wconf 85' lang='lat' dir='ltr'>Pythagoreorum</span> <span class='ocrx_word' id='word_1_882' title='bbox 1706 2885 1821 2907; x_wconf 89' lang='lat' dir='ltr'>tantum</span> <span class='ocrx_word' id='word_1_883' title='bbox 1842 2882 1956 2905; x_wconf 89' lang='lat' dir='ltr'>nomen</span> <span class='ocrx_word' id='word_1_884' title='bbox 1974 2871 2044 2902; x_wconf 81' lang='lat' dir='ltr'>ess&#39;et</span> <span class='ocrx_word' id='word_1_885' title='bbox 2065 2892 2074 2905; x_wconf 84' lang='lat'>‚</span> <span class='ocrx_word' id='word_1_886' title='bbox 2095 2870 2269 2907; x_wconf 80' lang='lat' dir='ltr'>nostrorum</span> 
     </span>
     <span class='ocr_line' id='line_1_112' title="bbox 1313 2913 2273 2949; baseline -0.005 0"><span class='ocrx_word' id='word_1_887' title='bbox 1313 2921 1478 2949; x_wconf 88' lang='lat' dir='ltr'>hominum</span> <span class='ocrx_word' id='word_1_888' title='bbox 1508 2918 1544 2949; x_wconf 87' lang='lat' dir='ltr'>ad</span> <span class='ocrx_word' id='word_1_889' title='bbox 1573 2928 1678 2949; x_wconf 89' lang='lat' dir='ltr'>corum</span> <span class='ocrx_word' id='word_1_890' title='bbox 1701 2915 1883 2948; x_wconf 61' lang='lat' dir='ltr'>doctissimas</span> <span class='ocrx_word' id='word_1_891' title='bbox 1903 2923 1994 2944; x_wconf 88' lang='lat' dir='ltr'>voces</span> <span class='ocrx_word' id='word_1_892' title='bbox 2012 2933 2020 2947; x_wconf 92' lang='lat'>,</span> <span class='ocrx_word' id='word_1_893' title='bbox 2048 2916 2142 2943; x_wconf 80' lang='lat' dir='ltr'>aureis</span> <span class='ocrx_word' id='word_1_894' title='bbox 2162 2913 2273 2944; x_wconf 80' lang='lat' dir='ltr'>clausas</span> 
     </span>
     <span class='ocr_line' id='line_1_113' title="bbox 1313 2955 2274 3002; baseline -0.006 -11"><span class='ocrx_word' id='word_1_895' title='bbox 1313 2959 1424 2991; x_wconf 70' lang='lat' dir='ltr'>fuiss&#39;e?</span> <span class='ocrx_word' id='word_1_896' title='bbox 1445 2961 1612 3002; x_wconf 80' lang='lat' dir='ltr'>quinetiam</span> <span class='ocrx_word' id='word_1_897' title='bbox 1632 2960 1757 2991; x_wconf 86' lang='lat' dir='ltr'>arbitror</span> <span class='ocrx_word' id='word_1_898' title='bbox 1773 2977 1783 2992; x_wconf 91' lang='lat'>,</span> <span class='ocrx_word' id='word_1_899' title='bbox 1810 2966 1928 2998; x_wconf 84' lang='lat' dir='ltr'>propter</span> <span class='ocrx_word' id='word_1_900' title='bbox 1946 2957 2201 2996; x_wconf 84' lang='lat' dir='ltr'>Pythagoreorum</span> <span class='ocrx_word' id='word_1_901' title='bbox 2218 2955 2274 3002; x_wconf 27' lang='lat' dir='ltr'>*adf</span> 
     </span>
    </p>

    <p class='ocr_par' dir='ltr' id='par_1_26' title="bbox 2181 3006 2274 3027">
     <span class='ocr_line' id='line_1_114' title="bbox 2181 3006 2274 3027; baseline -0.011 0"><span class='ocrx_word' id='word_1_902' title='bbox 2181 3006 2274 3027; x_wconf 82' lang='lat' dir='ltr'>mira-</span> 
     </span>
    </p>
   </div>
   <div class='ocr_carea' id='block_1_22' title="bbox 320 3053 2265 3067">
    <p class='ocr_par' dir='ltr' id='par_1_27' title="bbox 320 3053 2265 3067">
     <span class='ocr_line' id='line_1_115' title="bbox 320 3053 2265 3067; baseline 0 333"><span class='ocrx_word' id='word_1_903' title='bbox 320 3053 2265 3067; x_wconf 95' lang='lat' dir='ltr'> </span> 
     </span>
    </p>
   </div>
   <div class='ocr_carea' id='block_1_23' title="bbox 323 3067 1273 3124">
    <p class='ocr_par' dir='ltr' id='par_1_28' title="bbox 323 3067 1273 3124">
     <span class='ocr_line' id='line_1_116' title="bbox 323 3067 1273 3124; baseline 0.003 -13"><span class='ocrx_word' id='word_1_904' title='bbox 323 3092 348 3111; x_wconf 84' lang='lat'>1.</span> <span class='ocrx_word' id='word_1_905' title='bbox 415 3084 461 3109; x_wconf 71' lang='lat' dir='ltr'>llud</span> <span class='ocrx_word' id='word_1_906' title='bbox 468 3084 494 3108; x_wconf 80' lang='lat' dir='ltr'>de</span> <span class='ocrx_word' id='word_1_907' title='bbox 503 3086 755 3120; x_wconf 75' lang='lat' dir='ltr'>Repnb.st1·ipfimus.]</span> <span class='ocrx_word' id='word_1_908' title='bbox 778 3088 874 3114; x_wconf 83' lang='lat' dir='ltr'>Melius</span> <span class='ocrx_word' id='word_1_909' title='bbox 886 3088 994 3124; x_wconf 70' lang='lat' dir='ltr'>simplici</span> <span class='ocrx_word' id='word_1_910' title='bbox 1008 3087 1087 3114; x_wconf 83' lang='lat' dir='ltr'>verbo</span> <span class='ocrx_word' id='word_1_911' title='bbox 1098 3067 1202 3114; x_wconf 61' lang='lat' dir='ltr'>Victor.</span> <span class='ocrx_word' id='word_1_912' title='bbox 1216 3087 1273 3114; x_wconf 79' lang='lat' dir='ltr'>Pal.</span> 
     </span>
    </p>
   </div>
   <div class='ocr_carea' id='block_1_24' title="bbox 1352 3077 2270 3118">
    <p class='ocr_par' dir='ltr' id='par_1_29' title="bbox 1352 3077 2270 3118">
     <span class='ocr_line' id='line_1_117' title="bbox 1352 3077 2270 3118; baseline -0.008 -6"><span class='ocrx_word' id='word_1_913' title='bbox 1352 3096 1379 3112; x_wconf 64' lang='grc' dir='ltr'>ι».</span> <span class='ocrx_word' id='word_1_914' title='bbox 1402 3089 1452 3111; x_wconf 81' lang='lat' dir='ltr'>Cus-</span> <span class='ocrx_word' id='word_1_915' title='bbox 1461 3094 1489 3110; x_wconf 82' lang='lat' dir='ltr'>ea</span> <span class='ocrx_word' id='word_1_916' title='bbox 1497 3093 1584 3118; x_wconf 81' lang='lat' dir='ltr'>quoque</span> <span class='ocrx_word' id='word_1_917' title='bbox 1601 3083 1707 3114; x_wconf 75' lang='lat' dir='ltr'>arceffita</span> <span class='ocrx_word' id='word_1_918' title='bbox 1718 3079 1841 3114; x_wconf 59' lang='lat' dir='ltr'>aliunde]</span> <span class='ocrx_word' id='word_1_919' title='bbox 1862 3079 2032 3105; x_wconf 75' lang='lat' dir='ltr'>Praetulimus</span> <span class='ocrx_word' id='word_1_920' title='bbox 2043 3079 2092 3104; x_wconf 89' lang='lat' dir='ltr'>hoc</span> <span class='ocrx_word' id='word_1_921' title='bbox 2101 3087 2134 3104; x_wconf 85' lang='lat' dir='ltr'>ex</span> <span class='ocrx_word' id='word_1_922' title='bbox 2146 3077 2270 3105; x_wconf 77' lang='lat' dir='ltr'>Lambini</span> 
     </span>
    </p>
   </div>
   <div class='ocr_carea' id='block_1_25' title="bbox 417 3113 2272 3160">
    <p class='ocr_par' dir='ltr' id='par_1_30' title="bbox 417 3113 2272 3160">
     <span class='ocr_line' id='line_1_118' title="bbox 417 3113 2272 3160; baseline -0.002 -15"><span class='ocrx_word' id='word_1_923' title='bbox 417 3119 521 3146; x_wconf 75' lang='lat' dir='ltr'>secund.</span> <span class='ocrx_word' id='word_1_924' title='bbox 533 3126 596 3147; x_wconf 88' lang='lat' dir='ltr'>tert.</span> <span class='ocrx_word' id='word_1_925' title='bbox 608 3128 696 3156; x_wconf 78' lang='lat' dir='ltr'>quart.</span> <span class='ocrx_word' id='word_1_926' title='bbox 706 3123 794 3157; x_wconf 82' lang='lat' dir='ltr'>quint.</span> <span class='ocrx_word' id='word_1_927' title='bbox 813 3123 892 3152; x_wconf 81' lang='lat' dir='ltr'>Fabt.</span> <span class='ocrx_word' id='word_1_928' title='bbox 902 3124 977 3153; x_wconf 84' lang='lat' dir='ltr'>Pith.</span> <span class='ocrx_word' id='word_1_929' title='bbox 987 3124 1108 3153; x_wconf 78' lang='lat' dir='ltr'>vatican.</span> <span class='ocrx_word' id='word_1_930' title='bbox 1119 3126 1201 3160; x_wconf 72' lang='lat' dir='ltr'>quam</span> <span class='ocrx_word' id='word_1_931' title='bbox 1213 3123 1274 3151; x_wconf 86' lang='lat' dir='ltr'>vul·</span> <span class='ocrx_word' id='word_1_932' title='bbox 1313 3123 1341 3148; x_wconf 93' lang='lat'>&amp;</span> <span class='ocrx_word' id='word_1_933' title='bbox 1353 3122 1408 3149; x_wconf 78' lang='lat' dir='ltr'>Pal.</span> <span class='ocrx_word' id='word_1_934' title='bbox 1421 3128 1484 3148; x_wconf 88' lang='lat' dir='ltr'>tert.</span> <span class='ocrx_word' id='word_1_935' title='bbox 1495 3119 1568 3147; x_wconf 83' lang='lat' dir='ltr'>Pith.</span> <span class='ocrx_word' id='word_1_936' title='bbox 1580 3125 1633 3146; x_wconf 86' lang='lat' dir='ltr'>vet.</span> <span class='ocrx_word' id='word_1_937' title='bbox 1644 3116 1704 3144; x_wconf 89' lang='lat' dir='ltr'>cod.</span> <span class='ocrx_word' id='word_1_938' title='bbox 1716 3117 1836 3145; x_wconf 73' lang='lat' dir='ltr'>vatican.</span> <span class='ocrx_word' id='word_1_939' title='bbox 1845 3115 2019 3149; x_wconf 62' lang='lat' dir='ltr'>auctoritate,</span> <span class='ocrx_word' id='word_1_940' title='bbox 2030 3114 2198 3152; x_wconf 66' lang='lat' dir='ltr'>vulgaturum</span> <span class='ocrx_word' id='word_1_941' title='bbox 2209 3113 2272 3142; x_wconf 82' lang='lat' dir='ltr'>edd.</span> 
     </span>
    </p>
   </div>
   <div class='ocr_carea' id='block_1_26' title="bbox 321 3157 551 3194">
    <p class='ocr_par' dir='ltr' id='par_1_31' title="bbox 321 3157 551 3194">
     <span class='ocr_line' id='line_1_119' title="bbox 321 3157 551 3194; baseline -0.013 -10"><span class='ocrx_word' id='word_1_942' title='bbox 321 3157 359 3194; x_wconf 73' lang='lat' dir='ltr'>go</span> <span class='ocrx_word' id='word_1_943' title='bbox 370 3157 551 3192; x_wconf 73' lang='lat' dir='ltr'>constripssmm.</span> 
     </span>
    </p>
   </div>
   <div class='ocr_carea' id='block_1_27' title="bbox 1314 3159 2272 3223">
    <p class='ocr_par' dir='ltr' id='par_1_32' title="bbox 1314 3159 2272 3223">
     <span class='ocr_line' id='line_1_120' title="bbox 1314 3159 2191 3193; baseline -0.003 -9"><span class='ocrx_word' id='word_1_944' title='bbox 1314 3159 1436 3193; x_wconf 73' lang='lat' dir='ltr'>acceifim.</span> <span class='ocrx_word' id='word_1_945' title='bbox 2183 3176 2191 3181; x_wconf 85' lang='grc'>.</span> 
     </span>
     <span class='ocr_line' id='line_1_121' title="bbox 2152 3187 2272 3223; baseline -0.008 -10"><span class='ocrx_word' id='word_1_946' title='bbox 2152 3207 2161 3223; x_wconf 40' lang='lat' dir='ltr'>k</span> <span class='ocrx_word' id='word_1_947' title='bbox 2174 3194 2198 3213; x_wconf 83' lang='lat' dir='ltr'>x.</span> <span class='ocrx_word' id='word_1_948' title='bbox 2206 3187 2272 3212; x_wconf 75' lang='lat' dir='ltr'>Nam</span> 
     </span>
    </p>
   </div>
  </div>
 </body>
</html>
