2339 3379
625 159 1211 208 PH1L11’P1CA

204 238 268 276 lum
281 251 433 285 gerentem
442 250 512 273 cum
521 243 658 272 Antonio
667 261 675 274 ,
686 242 933 282 provinciamque
943 239 1144 272 fidelissimam
1151 261 1159 274 ,

203 295 291 326 atque
314 287 460 325 optimam
471 304 479 318 ‚
502 284 630 314 Galliam
649 283 786 313 laudibus
805 281 994 322 amplissimis
1013 281 1160 316 affecistis,

205 335 271 358 tum
285 336 348 356 non
361 325 477 361 hostem
490 324 640 364 judicastis
649 326 819 354 Antonium
831 327 842 353 ?
860 324 932 365 quid
945 327 954 352 ?
972 322 1042 354 cum
1059 323 1160 353 decre-

204 368 306 401 vistis,
326 376 358 397 ut
376 369 444 396 Cos.
458 367 547 399 alter,
569 365 697 396 ambove
715 365 749 396 ad
765 366 878 396 bellum
892 363 1157 405 proficiscerentur:

203 409 286 450 quod
295 417 354 438 erat
364 407 479 437 bellum
490 427 500 441 ,
513 406 532 437 si
545 406 640 437 hostis
648 409 800 437 Antonius
810 417 873 437 non
886 415 945 437 erat
957 409 967 436 ?
988 405 1058 451 Qo
1069 407 1159 452 igitur

201 450 354 494 profecitus
364 448 406 479 est
416 447 663 482 virfoi'tiffimus,
687 459 772 479 meus
790 449 922 490 collega,
944 446 1154 479 &familiam

202 494 240 522 A.
250 492 367 520 Hirtius
384 490 512 521 consul?
528 500 557 520 at
576 501 634 531 qua
650 490 879 520 imbecillitate?
896 499 953 529 qua
974 490 1091 519 maele?
1108 487 1156 517 sed

201 533 299 562 animi
313 533 420 565 vireis,
439 534 573 572 corporis
591 531 744 570 infirmitas
757 541 820 562 non
835 531 1002 562 retardavit.
1024 538 1154 575 aequurn,

199 573 307 607 credo,
327 575 461 613 putavit,
477 577 569 604 vitam
581 594 589 607 ‚
609 583 699 614 quam
710 574 815 613 populi
825 575 920 603 Rom.
932 573 1010 602 votis
1019 571 1157 617 retinuis-

198 615 253 648 set,
265 624 318 654 pro
329 615 461 646 libertate
473 616 576 655 populi
585 616 677 646 R'om,
688 617 721 645 in
731 615 891 645 discrimen
900 613 1051 643 adducere.
1062 611 1156 659 Qid?

199 655 273 686 curn
292 655 424 686 dele&us
443 657 545 687 haberi
565 665 626 687 tota
637 657 719 687 Italia
734 655 858 696 jussistis
868 675 877 688 ‚
897 660 967 684 cum
988 657 1157 683 vacationes
1177 648 1180 678 l

200 700 321 727 omneis
333 697 488 728 sustulistis
498 718 506 732 ‚
518 708 584 729 turn
594 699 645 729 ille
655 697 748 728 hostis
759 707 822 727 non
832 695 1029 741 estjtidicatus
1039 697 1048 722 ?
1058 703 1157 723 armc-
1177 699 1180 743 ξ

198 748 270 768 rum
282 738 416 769 officinas
428 741 459 770 in
470 741 541 770 urbe
553 737 679 770 videtis:
700 740 812 768 milites
823 747 891 766 cum
907 735 1015 782 gladiis
1026 735 1155 781 sequun-

197 788 248 810 tur
256 781 430 811 consulem:
447 781 583 821 praesidio
594 782 678 814 sunt,
693 780 787 819 specie
797 798 806 811 ,
821 778 957 807 consuli:
972 786 1003 805 re
1013 795 1021 809 ‚
1034 776 1066 806 &
1077 785 1156 823 veri-

199 830 256 852 tate
268 842 276 856 ‚
298 822 404 852 nobis:
425 827 532 852 omnes
550 821 610 852 fine
629 822 689 851 ulla
705 819 906 851 recusatione,
929 818 1049 848 summo
1062 827 1153 848 etiam
1176 841 1179 861 1

198 873 271 893 cum
281 863 379 894 studio
389 866 516 894 nomina
525 863 596 893 dant
605 873 610 892 :
620 870 724 902 parent
733 860 899 891 au8t01·itati
911 858 1021 889 vestrae.
1036 869 1100 889 non
1112 858 1155 889 est
1177 866 1178 879 ³

195 905 346 945 judicatus
357 905 449 935 hostis
458 906 631 935 Antonius?
653 903 811 944 Atlegatos
822 900 967 931 misimus.
991 903 1058 930 Heu
1073 922 1081 935 ‚
1104 911 1155 930 mc

198 947 345 977 miserum
359 949 365 976 !
387 956 438 976 cur
448 946 581 976 senatum
589 955 682 987 cogor
691 965 699 978 ‚
721 954 811 986 quern
824 943 941 975 laudavi
955 943 1090 988 semper¹>
1108 953 1156 972 re-

195 987 402 1028 prehendere?
418 987 490 1028 quid
504 989 514 1016 ?
532 997 587 1017 vos
599 987 726 1017 censetis
737 1006 745 1019 ‚
765 989 795 1016 P.
809 988 840 1016 C.
857 986 1021 1025 legatorum
1038 983 1157 1014 missio-

196 1039 269 1060 nem
280 1029 428 1069 populum
439 1030 533 1059 Rom.
545 1025 711 1068 probavisse
723 1030 733 1057 ?
749 1037 814 1057 non
825 1027 994 1068 intelligitis
1004 1045 1012 1059 2
1021 1035 1091 1070 *non
1102 1036 1155 1055 au-

196 1070 268 1100 ditis
278 1090 287 1103 ‚
303 1080 401 1099 meam
413 1070 590 1100 sententiam
602 1068 724 1111 flagitari
737 1071 748 1098 ?
767 1067 895 1099 cuicum
907 1067 1002 1108 pridie
1013 1072 1154 1108 trequen-

194 1119 242 1142 tes
255 1109 351 1141 effetis
363 1109 461 1142 ass'enfi
474 1132 482 1145 ,
501 1111 643 1152 postridie
654 1111 688 1142 ad
700 1112 782 1151 spem
796 1110 864 1141 estis
879 1112 999 1140 inanem
1011 1118 1089 1148 pacis
1102 1109 1154 1139 de-

193 1153 304 1183 voluti.
326 1154 425 1195 Qiam
437 1163 520 1193 turpe
529 1153 619 1193 porro
630 1153 672 1184 est
685 1174 694 1187 ,
711 1154 845 1193 legiones
854 1151 891 1183 ad
900 1153 1032 1182 senatum
1043 1151 1153 1196 legatos

186 1196 328 1228 .1nittere‚
339 1196 474 1225 senatum
485 1195 520 1225 ad
530 1197 905 1235 Antonium?quamquam
914 1194 964 1223 illa
973 1193 1076 1239 legatio
1087 1203 1151 1240 non

193 1235 238 1266 est
251 1246 257 1265 :
276 1236 466 1266 denuntiatio
485 1236 527 1267 est
537 1257 545 1271 ,
565 1246 699 1277 pai-atum
718 1237 764 1265 illi
785 1238 915 1265 exitium
927 1255 935 1269 ‚
956 1235 1010 1264 nisi
1023 1244 1153 1279 paruerit

190 1277 266 1308 :huic
276 1278 388 1308 ordini.
411 1278 492 1318 Qid
503 1278 592 1309 refert
602 1281 612 1308 ?
621 1288 722 1308 tamen
731 1279 837 1318 opinio
848 1276 890 1307 est
897 1278 1024 1317 gravior.
1048 1274 1152 1306 mistos

194 1321 280 1349 enim
290 1319 400 1359 legatos
410 1329 517 1349 ornnes
528 1320 640 1350 vident:
652 1321 760 1350 decreti
773 1318 860 1349 vestri
871 1328 935 1348 non
946 1327 1054 1348 omnes
1064 1318 1153 1348 verba

153 1368 176 1398 5
195 1370 356 1391 noverunt.
396 1361 566 1391 Retinenda
576 1360 617 1391 est
625 1363 716 1402 igitur
724 1360 812 1391 vobis
821 1359 986 1390 constantia
996 1380 1004 1394 ‚
1015 1362 1149 1402 gravitas,

191 1402 415 1442 perseverantia.
437 1403 595 1442 repetenda
609 1403 653 1433 est
665 1412 749 1432 vetus
762 1403 813 1432 illa
830 1402 985 1432 severitas:
1002 1401 1148 1442 siquidem

191 1442 477 1482 αιιὸἶονίτιιςῙὲηαηω,
489 1443 580 1474 decus
591 1464 601 1477 ,
612 1443 798 1474 honestatem
812 1464 819 1477 ,
832 1443 962 1476 laudem,
973 1443 1151 1484 dignitatern

213 1483 346 1514 efiderat:
365 1485 473 1525 quibus
493 1486 542 1515 hic
559 1485 635 1515 ordo
652 1487 745 1516 caruit
765 1485 900 1515 nimium
920 1485 983 1515 diu.
1015 1484 1070 1515 Sed
1093 1494 1153 1515 erat

191 1534 264 1556 tunc
282 1526 433 1556 excusatio
452 1526 610 1566 oppreffis,
631 1528 738 1558 misera
756 1527 808 1557 illa
825 1527 949 1568 quidem
962 1546 970 1560 ,
989 1526 1039 1556 sed
1051 1535 1152 1572 tamen

186 1566 274 1608 justa.
298 1577 380 1598 nunc
389 1568 471 1598 nulla
481 1567 538 1598 est.
559 1572 569 1588 ¹
579 1569 711 1599 Liberati
725 1577 791 1599 tum
803 1570 885 1610 regio
898 1568 1055 1598 dominatu
1065 1568 1150 1598 vide-

191 1608 314 1640 bamur:
333 1610 432 1640 multo
441 1608 540 1650 postea
549 1610 854 1652 gravius-urgebamur
863 1604 953 1640 a'rmis
963 1608 1147 1640 domesticis.

190 1660 225 1680 ea
235 1648 294 1691 ipsa
301 1651 471 1691 depulimus
483 1662 539 1682 nos
548 1652 685 1693 quidem,
697 1653 745 1683 sed
757 1651 961 1693 extorquenda
972 1652 1048 1681 sunt.
1067 1652 1150 1692 quod

190 1690 212 1721 fi
223 1702 288 1722 non
297 1691 453 1733 poffumus
462 1693 558 1723 facete
568 1694 677 1733 (dicam
687 1714 695 1728 ‚
708 1694 790 1735 quod
801 1693 929 1738 dignum
938 1692 981 1723 est
991 1693 1149 1740 &senato-

188 1742 220 1763 re
229 1752 238 1766 ‚
259 1733 293 1763 &
305 1737 451 1765 Romano
461 1736 601 1776 homine)
611 1737 777 1765 moriamur.
801 1739 918 1775 Qanta
930 1737 1014 1765 enim
1029 1737 1084 1765 erit
1097 1735 1150 1765 illa

186 1775 303 1814 reipub.
315 1776 468 1816 turpitudo
478 1797 487 1810 ‚
503 1787 649 1818 quantum
661 1778 788 1808 dedecus
799 1798 808 1811 ‚
824 1777 1020 1818 quantalabes
1031 1796 1039 1810 ‚
1052 1776 1149 1807 dicere

188 1817 224 1845 in
234 1817 292 1846 hoc
303 1817 409 1847 ordine
420 1818 832 1850 sentent-iam.M.Anionium
843 1818 992 1848 consular-i
1001 1819 1086 1848 loco?
1093 1823 1148 1847 c'u-

141 1883 146 1891 .
184 1857 237 1897 jus
249 1860 427 1889 utomittam
439 1860 672 1891 innumerabilia
681 1861 789 1891 scelera
798 1860 902 1890 urbani
913 1859 1084 1889 consulatus
1094 1879 1102 1892 ,
1113 1861 1147 1888 in

185 1908 250 1940 quo
260 1901 417 1940 pecuniam
425 1901 579 1940 publicam
590 1904 759 1932 maximam
769 1899 919 1941 dissipavit
929 1920 937 1934 ‚
956 1900 1073 1930 exsules
1086 1899 1147 1930 fine

186 1940 254 1981 lege
272 1940 418 1975 restituit,
439 1942 595 1984 vefflgalia
613 1943 751 1973 vendidit
765 1963 775 1976 ,
798 1944 967 1982 provincias
984 1941 1026 1972 dev
1039 1942 1144 1982 populi

187 1983 286 2013 Rom.
296 1984 428 2022 imperio
440 1983 556 2015 sustulit
566 2005 576 2018 ,
593 1993 681 2025 regna
690 1984 805 2015 addixit
816 1985 943 2024 pecunia
953 2003 961 2017 ‚
980 1983 1060 2023 leges
1068 1985 1146 2014 civi-

186 2025 240 2054 tati
250 2034 302 2064 per
311 2027 377 2054 vim
387 2026 531 2065 imposuit
539 2046 547 2059 ‚
560 2028 650 2056 armis
659 2035 709 2056 aut
718 2026 835 2056 obsedit
844 2045 852 2059 ,
870 2034 920 2056 aut
929 2023 1051 2056 exclufit
1061 2025 1145 2072 sena-

185 2073 254 2096 tum
265 2076 270 2095 :
283 2075 315 2096 ut
324 2067 387 2096 liaec
396 2069 561 2108 ,.inquam·‚
574 2070 713 2098 omittam
725 2078 730 2097 :
741 2078 780 2098 nc
791 2069 849 2098 hoc
859 2067 983 2108 quidem
994 2068 1142 2113 cogitatis,

183 2116 257 2136 euin
268 2128 278 2141 ,
298 2109 351 2148 qui
366 2109 519 2142 Mutinam
538 2110 692 2140 coloniam
713 2110 816 2149 populi
833 2110 966 2139 Romani
984 2112 998 2127 ²
1009 2106 1145 2138 hrmlffi-

183 2157 269 2178 mam
279 2152 467 2191 oppugnarit,
480 2152 694 2191 imperatorem
703 2152 809 2191 populi
820 2153 914 2181 Rom.
923 2150 1081 2181 consulem
1091 2149 1144 2179 de—

183 2188 331 2230 fignatum
342 2192 501 2227 obsederit,
514 2193 709 2233 depopulatus
719 2203 800 2234 agros
812 2191 847 2222 sit
855 2212 863 2226 ,
878 2194 957 2222 hunc
966 2193 998 2221 in
1009 2201 1143 2238 eumor-

184 2231 291 2262 dinem
302 2235 412 2273 recipi,
427 2233 442 2263 a
451 2243 511 2274 quo
523 2236 611 2264 toties
621 2235 660 2264 ob
671 2236 721 2264 has
732 2235 806 2274 ipsas
817 2234 915 2265 causas
925 2233 1018 2263 hostis
1025 2233 1143 2273 judica-

184 2281 231 2303 tus
242 2271 293 2307 fit,
304 2284 393 2314 quarn
406 2274 524 2305 foedum
535 2275 775 2317 flagitiosumque
784 2275 827 2306 fit.
844 2276 918 2306 Satis
929 2275 1024 2305 multa
1034 2274 1070 2304 de
1081 2284 1143 2305 tur-

180 2315 329 2354 pitudine.
352 2318 461 2346 Dicam
472 2317 613 2357 deinceps
622 2337 631 2351 ‚
642 2318 823 2357 utproposui
833 2336 841 2351 ,
854 2317 890 2347 de
899 2317 1033 2357 periculo
1044 2326 1050 2345 2
1060 2316 1142 2356 quod

182 2355 235 2386 etfi
246 2356 348 2387 minus
358 2357 400 2388 est
415 2357 595 2399 fugiendum
605 2378 614 2392 ‚
635 2359 726 2400 quam
744 2358 888 2399 turpitudo
897 2369 916 2386 :·
932 2367 1033 2389 tamen
1044 2357 1143 2405 offen-

141 2403 169 2436 6
183 2397 361 2428 ditanimos·
372 2401 495 2439 majoris
511 2403 601 2441 partis
616 2401 780 2432 hominum
791 2402 895 2441 magis.
938 2401 1077 2430 Poteritis
1087 2410 1144 2439 igi-

185 2447 233 2469 tur
248 2441 430 2479 exploratam
451 2442 556 2472 habere
572 2452 676 2483 pacem
688 2462 696 2476 ‚
716 2441 787 2472 cum
798 2443 959 2472 incivitate
969 2443 1143 2471 Antonium
1165 2461 1166 2488 3

180 2480 324 2511 videbitis
332 2501 341 2516 ,
361 2483 410 2512 vel
419 2483 519 2523 potius
529 2485 680 2514 Antonios
691 2487 703 2514 ?
720 2482 776 2514 m'fi
784 2483 862 2513 forte
872 2485 1070 2513 contemnitis
1080 2484 1141 2512 Lu-
1164 2521 1166 2525 ,

181 2524 276 2552 cium.
299 2534 355 2564 ego
366 2534 404 2554 ne
414 2526 517 2564 Cajum
528 2526 664 2567 quidem.
687 2526 736 2555 sed
746 2545 755 2559 ‚
767 2535 801 2555 ut
811 2525 900 2555 video
911 2545 920 2557 ‚
934 2524 1142 2555 dominabitur

179 2565 304 2594 Lucius.
327 2565 369 2596 est
379 2568 461 2596 enim
472 2576 613 2607 patronus
622 2577 719 2597 xxxv.
729 2567 862 2597 tribuum
873 2587 882 2600 ,
899 2566 1086 2606 quarum-sua
1096 2566 1141 2595 le-

177 2615 215 2647 ge
225 2625 235 2639 ,
252 2616 310 2646 qua
320 2617 391 2637 cum
401 2609 545 2639 C-Caefiire
555 2608 741 2650 magistratus
752 2609 874 2648 partitus
884 2607 926 2638 est
937 2628 945 2641 ‚
965 2605 1138 2648 suffragium

178 2647 296 2678 sustulit
309 2659 314 2677 :
333 2658 478 2688 patronus
491 2654 694 2681 centuriarum
711 2653 848 2691 equitum
861 2651 955 2680 Rom.
969 2658 1040 2689 quas
1053 2648 1137 2696 idem

176 2687 238 2719 sine
250 2689 388 2732 suffragio
397 2690 454 2721 esse
464 2692 563 2723 voluit
574 2704 579 2721 z
596 2701 738 2733 patronus
747 2700 855 2721 eorum
867 2710 876 2724 ‚
889 2693 942 2731 qui
952 2690 1065 2720 tribuni
1078 2700 1139 2719 mi-

175 2729 275 2761 litares
291 2731 430 2762 fuerunt:
450 2742 591 2773 patronus
600 2734 670 2776 Jani
688 2732 792 2763 medii.
819 2731 862 2762 36
879 2732 941 2762 dii!
963 2734 1030 2772 quis
1048 2732 1138 2778 hujus

176 2775 343 2812 potentiam
360 2778 472 2814 poterit
490 2774 650 2806 sustinere?
668 2776 828 2815 praesertim
845 2772 917 2804 cum
935 2773 1057 2803 eosdem
1070 2793 1079 2806 ,
1101 2783 1134 2819 ¹.n

177 2823 261 2854 agros
274 2815 544 2848 etiam-deduxerit.
567 2820 634 2859 quis
644 2825 789 2858 umquam
800 2818 919 2847 omneis
930 2815 1046 2846 tribus?
1065 2824 1134 2855 quis

218 2945 240 2962 ι.
259 2940 368 2964 LIberau'
376 2945 425 2964 tum
435 2942 493 2972 regio
501 2940 622 2965 dominam
633 2959 641 2972 ,
663 2941 731 2975 eje]
753 2942 863 2966 Secutus
875 2939 929 2965 i'uni
941 2937 1131 2977 Manutiunr&

177 2971 337 3000 Lambinum
350 2993 358 3005 ‚
376 2974 520 3001 arbitratus
540 2975 604 3001 hanc
623 2985 714 3002 eornm
730 2975 874 3002 lectionem
894 2973 1004 3000 manasse
1016 2975 1030 2998 ii
1042 2972 1132 3013 codice-

175 3007 314 3036 Vaticano.
334 3018 391 3035 naui
404 3010 484 3036 lestio
495 3011 601 3046 vulgata
612 3012 725 3048 turpiter
735 3012 831 3038 mutila
850 3018 906 3037 crat
919 3029 927 3042 ‚
945 3009 1015 3046 quod
1030 3008 1133 3051 decep-,i

174 3043 347 3071 similitudine
364 3044 503 3072 litei-arum
522 3047 624 3073 librarii
635 3047 811 3075 transilierant
823 3067 832 3081 ,
850 3048 920 3073 multo
933 3048 1009 3079 postea
1029 3054 1134 3078 gra'utif

176 3081 327 3112 urgebamur.

211 3123 239 3140 ι.
259 3116 420 3147 fii-tmjffimam
427 3120 564 3150 oppugnarit
576 3137 584 3150 ‚
601 3121 764 3152 imperatorem
776 3120 855 3152 populi·
865 3117 945 3152 Rom]
967 3117 1002 3143 Et
1021 3117 1075 3143 haec
1085 3115 1133 3143 ad—

173 3150 268 3191 fixi-,apsi
276 3159 312 3214 sclx
323 3150 564 3214 ezguudemiibris,
574 3154 647 3191 ptius
656 3155 722 3183 euris
732 3155 842 3183 omnino
853 3154 969 3187 denium
988 3162 1074 3191 neque
1084 3152 1130 3181 ba-

170 3195 236 3218 51:512
246 3196 281 3215 ln,
297 3207 302 3212 .
314 3197 347 3215 iio
372 3195 421 3214 sl)..-

1295 162 1735 215 SEPTIMA.
2066 168 2164 228 605·

1207 242 1319 281 equites
1329 241 1508 274 Romanos?
1525 247 1593 285 quis
1607 245 1744 276 tribunos
1759 246 1934 278 militareis?
1955 247 2159 278 Gracchorum

1182 295 1184 313 i
1203 285 1369 321 potentiam
1382 286 1525 324 majorem
1537 286 1623 316 misse
1633 287 1837 322 arbitramini,
1850 289 1939 330 quam
1949 290 2039 328 hujus
2047 289 2159 331 gladia-

1205 325 1276 352 toz-ie,
1286 324 1382 355 futura
1393 325 1425 355 fit
1437 330 1447 355 ?
1465 328 1753 368 quemgladiarcrem
1763 340 1826 360 non
1836 333 1876 360 ita
1884 331 2027 370 appellavi
2039 351 2049 365 ‚
2066 341 2097 361 ut
2108 333 2156 360 in-

1205 365 1321 394 terdum
1331 369 1421 396 ctiam
1433 370 1474 397 M.
1487 372 1640 399 Antonius
1649 371 1794 411 gladiator
1802 373 1941 412 appellari
1952 373 2026 403 solet
2035 393 2043 406 ‚
2064 373 2112 403 sed
2125 382 2158 404 ut

1204 414 1239 443 ap
1261 406 1402 440 ellantii,
1422 411 1472 448 qui
1483 409 1570 449 plane
1580 430 1588 443 ,
1602 411 1634 440 δε
1645 413 1750 442 Latini.¹
1763 413 1938 453 loquuntur.
1961 413 2112 445 Mirmillo
2123 416 2157 445 in

1203 450 1229 474 A
1243 456 1269 475 ia
1287 446 1476 488 depugnavit.
1500 450 1570 480 cum
1586 452 1916 484 ornasietThraecidicis
1933 458 2080 486 comitem
2091 476 2100 490 ‚
2121 455 2156 489 &

1203 486 1381 517 familiarem
1395 490 1491 523 suum,
1505 493 1591 521 illum
1606 494 1749 524 miserum
1761 495 1924 537 fugientem
1937 498 2080 539 jugulavit
2091 509 2096 527 2
2106 497 2155 527 lu-

1200 528 1353 558 culentam
1367 538 1467 560 tamen
1481 533 1540 570 ipse
1559 534 1672 574 plagam
1693 539 1820 576 accepit,
1841 547 1872 568 ut
1884 538 2009 576 declarat
2017 540 2150 569 cicatrix.

1203 571 1263 610 Qi
1273 568 1450 600 familiarem
1460 573 1600 612 jugularit
1611 595 1618 607 ‚
1633 577 1703 615 quid
1715 579 1764 607 hic
1775 597 1784 611 ‚
1804 577 1956 609 occasione
1966 580 2028 610 data
2041 600 2049 613 ‚
2065 580 2152 611 ficiet

1200 612 1348 649 inimico?
1364 612 1395 641 ἅτ
1406 615 1456 652 qui
1467 614 1542 643 illud
1553 618 1647 645 animi
1659 616 1851 649 causa'fccerit
1861 640 1869 653 ‚
1882 621 1962 651 hunc
1970 621 2073 662 praeda:
2084 632 2155 652 cau-

1200 651 1228 681 sa
1239 653 1312 691 quid
1323 652 1471 683 fufitii-um
1484 657 1612 693 putatis?
1629 667 1693 688 non
1703 661 1800 689 rursus
1811 662 1965 701 improbos
1976 663 2153 693 decui'iassit?

1202 703 1264 722 non
1276 693 1447 724 sollicitabit
1456 696 1553 725 rursus
1563 700 1709 737 agrarios?
1726 710 1789 730 non
1806 712 1918 741 qua-ret
1928 705 2068 744 expulsos
2077 707 2151 753 RM-

1202 733 1273 763 verb
1286 737 1437 765 Antonius
1449 747 1512 766 non
1524 739 1547 766 is
1558 748 1612 768 crit
1623 759 1631 771 ,
1652 739 1686 769 ad
1696 750 1785 780 quem
1797 745 1882 773 omni
1897 754 1981 775 motu
1991 747 2154 776 concursus

1201 773 1373 805 fiatciviizm
1384 778 1593 816 perditorum?
1615 783 1656 809 Ut
1667 791 1759 811 nemo
1771 781 1902 818 fitalius,
1916 785 1969 816 nifi
1980 789 2000 817 ii
2011 808 2019 821 ,
2029 790 2081 828 qui
2093 788 2153 818 una

1201 817 1268 847 sunt
1279 838 1287 850 ,
1306 818 1337 847 ὃς
1352 821 1394 852 ii,
1409 822 1460 859 qui
1474 819 1521 850 hic
1532 824 1558 850 ei
1571 831 1652 851 nunc
1664 824 1760 861 aperte
1775 823 1889 855 favent:
1913 838 2058 867 parumne
2067 838 2155 859 erunt

1200 859 1290 888 multi
1303 861 1485 900 ?pi·aesei·tim
1498 861 1568 893 cum
1579 863 1730 894 bonorum
1741 864 1868 904 praesidia
1879 868 2014 899 cess'erint
2025 890 2032 903 ,
2044 871 2089 900 illi
2101 881 2152 910 pa—

1200 902 1253 930 rati
1265 899 1365 931 siritad
1374 910 1475 931 numm
1484 902 1577 933 futuri
1590 908 1599 932 ?
1621 907 1684 945 Ego
1695 916 1740 936 vei
1748 907 1767 936 ὸ
1777 917 1881 937 metuo
1891 929 1899 941 ‚
1919 909 1939 938 si
1952 911 2007 940 hoc
2017 920 2153 951 tempore

1199 941 1407 983 consiliolapfi
1420 946 1552 979 erimus,
1576 956 1613 976 ne
1631 948 1676 976 illi
1695 947 1779 978 brevi
1799 958 1933 989 tempore
1951 955 2043 981 nimis
2062 955 2153 983 multi

1199 983 1289 1013 nobis
1300 983 1355 1014 effe
1367 985 1533 1016 videantur.
1554 990 1620 1017 Nec
1630 999 1684 1030 ego
1693 999 1794 1029 pacem
1805 991 1880 1021 nolo
1891 1012 1899 1025 ,
1912 992 1960 1023 sed
1968 996 2039 1032 pacis
2047 996 2155 1023 nomine

1198 1025 1313 1055 bellurn
1341 1027 1515 1057 involutum
1543 1028 1718 1060 reformido.
1748 1034 1844 1070 Quare
1865 1031 1884 1062 fi
1902 1042 1971 1073 pace
1988 1034 2045 1064 frui
2065 1037 2153 1065 volu-

1198 1076 1285 1096 mus:
1305 1067 1419 1097 bellum
1438 1070 1603 1109 gerendum
1622 1071 1673 1101 est.
1696 1071 1715 1101 si
1734 1073 1847 1103 bellum
1867 1077 2061 1106 omittemus:
2082 1086 2152 1116 pace

1196 1109 1518 1150 nuiirquaml'ruemur.
1559 1112 1610 1142 Est
1619 1122 1716 1144 autem
1729 1114 1817 1144 vestri
1827 1115 1942 1147 consilii
1953 1137 1961 1151 ‚
1972 1127 2065 1158 patres
2076 1129 2150 1148 con-

1196 1150 1292 1190 scripu
1305 1171 1314 1184 ,
1335 1153 1366 1181 in
1385 1151 1537 1192 posterum
1552 1154 1641 1194 quain
1657 1155 1830 1196 longissime
1844 1159 2012 1197 providere.
2035 1159 2152 1190 Idcirco

1196 1193 1228 1221 in
1240 1193 1294 1222 hac
1303 1193 1436 1224 custodia
1447 1215 1462 1227 ‚.
1477 1204 1617 1235 tanquam
1637 1197 1664 1225 in
1678 1197 1786 1235 specula
1800 1218 1807 1230 ‚
1826 1200 1963 1230 collocati
1974 1202 2074 1231 sumus
2090 1221 2099 1236 ‚
2120 1211 2154 1232 ut

1175 1240 1177 1254 ⁴
1194 1243 1321 1263 vacuum
1342 1244 1424 1265 metu
1444 1238 1590 1275 populum
1604 1240 1734 1268 Roman.
1746 1240 1844 1270 nostra
1863 1242 1985 1281 vigilia,
2002 1244 2063 1273 4&
2081 1253 2153 1284 pro-

1196 1275 1349 1315 spicientia
1359 1277 1561 1309 redderemus.
1574 1282 1675 1320 Turpe
1686 1280 1727 1310 est
1736 1282 1857 1312 summo
1866 1282 1992 1314 consilio
2002 1285 2083 1315 orbis
2094 1292 2154 1315 ter·

1198 1327 1236 1347 rae
1246 1337 1255 1350 ‚
1275 1319 1429 1358 persertim
1444 1321 1516 1350 inre
1531 1330 1590 1351 tam
1600 1322 1750 1362 perspicua
1761 1344 1769 1356 ‚
1789 1324 1949 1355 consilium
1961 1326 2151 1368 intelligendi

1196 1358 1330 1390 defuisse.
1355 1363 1414 1391 Eos
1425 1363 1562 1393 consules
1573 1365 1719 1394 habemus
1731 1385 1740 1398 ,
1758 1375 1823 1395 cam
1834 1368 1937 1406 populi
1947 1370 2081 1398 Romani
2093 1369 2152 1398 ala-

1194 1403 1328 1432 critatem
1340 1422 1348 1435 ,
1362 1413 1433 1433 eum
1443 1405 1623 1435 consensum
1636 1407 1742 1440 Italiae,
1755 1417 1805 1437 eos
1814 1407 1914 1442 duces,
1927 1418 1978 1438 eos
1987 1412 2158 1443 exe1·citt18‚›

1194 1451 1226 1472 ut
1240 1444 1355 1473 nullam
1369 1447 1567 1475 calamitatem
1579 1448 1651 1487 resp.
1665 1458 1794 1488 accipere
1803 1448 1892 1489 poflit
1901 1449 1960 1480 sine
1970 1451 2056 1490 culpa
2067 1451 2151 1481 sena-

1192 1493 1247 1514 tus.
1272 1486 1419 1526 Equidem
1432 1497 1496 1516 non
1506 1487 1594 1518 deero
1604 1509 1612 1522 ,
1628 1491 1762 1519 monebo
1774 1511 1783 1524 ,
1794 1490 1960 1530 praedicabo
1972 1511 1980 1525 ‚
1991 1492 2153 1522 denuntia·

1195 1525 1234 1555 bo
1245 1545 1254 1559 ‚
1271 1527 1303 1556 &
1315 1527 1439 1558 testabor
1448 1529 1644 1568 semper-deos
1655 1550 1663 1563 ,
1682 1532 1882 1572 hominesque
1891 1552 1900 1566 ‚
1920 1533 1992 1573 quid
2001 1534 2147 1564 sentiam:

1192 1577 1248 1597 nec
1258 1567 1447 1608 solumfidcm
1456 1580 1548 1599 meam
1557 1590 1565 1604 ‚
1579 1571 1659 1611 quod
1670 1571 1788 1603 fortass’e
1798 1574 1916 1603 videtur
1926 1575 1993 1604 satis
2002 1573 2058 1604 elie
2069 1595 2077 1608 ,
2096 1575 2148 1605 scd

1191 1610 1224 1638 in
1234 1611 1369 1650 principe
1380 1613 1440 1641 civi
1451 1621 1512 1641 non
1526 1612 1567 1642 est
1576 1614 1643 1643 satis
1654 1634 1662 1646 ,
1684 1624 1785 1644 curam
1797 1633 1805 1647 ,
1819 1613 1999 1650 confilium„
2020 1618 2151 1657 vigilan-

1192 1652 1324 1692 tiamque
1333 1652 1486 1691 praestabo.
1510 1656 1586 1684 Dixi
1596 1655 1632 1684 dc
1640 1656 1789 1694 periculo:
1802 1657 1927 1690 docebo,
1940 1668 1978 1687 ne
1986 1668 2149 1699 coagmen-

1192 1694 1245 1722 tari
1262 1694 1386 1733 quidem
1405 1693 1488 1734 poll'e
1505 1705 1619 1735 pacem.
1643 1696 1679 1726 de
1689 1697 1783 1727 tribus
1794 1708 1876 1727 enim
1889 1718 1897 1731 ,
1918 1701 2146 1740 ςυεερῐοροῇιί,

1190 1734 1249 1764 hoc
1258 1744 1428 1765 exrremuni
1442 1735 1493 1767 est.
1534 1739 1607 1779 Qae
1621 1738 1718 1778 potest
1735 1737 1792 1769 esse
1809 1749 1866 1779 pax
1878 1742 1921 1770 M.
1934 1744 2070 1772 Antonio
2086 1743 2148 1782 pri-

1191 1776 1279 1806 murn
1291 1787 1361 1807 cuin
1373 1778 1472 1808 senatu
1485 1781 1566 1819 ?quo
1577 1789 1627 1810 ore
1636 1781 1688 1809 ilie
1699 1790 1753 1810 vos
1782 1783 1881 1814 eterit,
1893 1783 2003 1822 quibus
2015 1783 2148 1813 vicissim

1191 1827 1246 1847 vos
1268 1819 1360 1849 illum·
1376 1820 1472 1849 oculis
1490 1822 1621 1851 intueri?
1639 1823 1707 1862 quis
1716 1820 1850 1852 vein-'Sim
1863 1823 1951 1852 illum
1964 1843 1972 1857 ,
1992 1834 2082 1865 quem
2094 1826 2148 1855 ille

1189 1859 1323 1889 vestrum
1334 1870 1400 1891 non
1409 1861 1527 1891 oderit?
1548 1864 1610 1904 Age
1624 1883 1632 1896 ‚
1652 1873 1705 1892 vos
1720 1864 1771 1892 ille
1787 1864 1883 1893 solum
1895 1884 1903 1898 ,
1927 1865 1959 1895 &
1969 1875 2024 1895 vos
2032 1867 2148 1896 illurn?

1189 1900 1284 1940 quid‘?
1302 1903 1345 1935 ii,
1366 1904 1417 1942 qui
1429 1905 1579 1933 Mutinam
1591 1904 1828 1937 circumsedent,
1846 1908 1898 1944 qui
1908 1908 1941 1936 in
1952 1908 2049 1938 Gallia
2060 1908 2141 1938 dele-

1168 1946 1170 1962 *
1189 1941 1253 1972 &tus
1264 1942 1373 1972 habent
1385 1963 1393 1976 ,
1406 1945 1500 1984 quiin
1511 1944 1624 1975 nostras
1633 1944 1767 1975 for-mnas
1778 1948 1945 1977 imminent
1954 1951 2062 1981 ‚amici
2074 1959 2148 1979 um-

1187 1993 1278 2023 quam
1290 1984 1378 2014 nobis
1388 1994 1474 2014 erunt
1486 2006 1494 2018 ‚
1507 1995 1556 2016 aut
1567 1986 1717 2015 nos‘illis?
1736 1997 1773 2017 an
1785 1989 1901 2028 equites
1911 1991 2068 2020 Romanos
2078 2001 2147 2021 arn-

1168 2044 1169 2047 =
1184 2024 1352 2064 plesietur?
1363 2026 1479 2056 occulta
1488 2030 1572 2057 enim
1581 2027 1640 2057 suit
1651 2037 1755 2058 eorum
1768 2031 1906 2060 voluntas
1916 2050 1924 2062 -.
1937 2031 2147 2073 iudiciumque

1185 2066 1221 2096 de
1233 2068 1276 2096 M.
1287 2069 1441 2097 Antonio:
1466 2070 1517 2109 qui
1527 2068 1759 2109 frequentissimi
1774 2072 1805 2100 in
1819 2071 2145 2112 gradibusConcordiie

1186 2107 1346 2138 steterunt:
1365 2111 1417 2149 qui
1435 2118 1489 2139 vos
1508 2110 1542 2140 ad
1563 2111 1727 2141 libertatem
1747 2113 1974 2153 recuperandam
1993 2118 2144 2145 excitave-

1185 2159 1272 2179 runt:
1293 2160 1374 2180 arma
1385 2170 1393 2184 ,
1410 2151 1472 2192 saga
1482 2171 1490 2185 ‚
1512 2151 1626 2181 bellum
1640 2151 1858 2193 flagitaverunt:
1881 2165 1931 2185 me
1941 2156 1998 2186 una
2008 2166 2076 2186 cum
2087 2166 2145 2197 po—

1184 2191 1258 2231 pulo
1269 2194 1413 2222 Romano
1422 2194 1454 2222 in
1464 2194 1645 2223 concionem
1657 2204 1849 2225 vocaverunt.
1869 2197 1899 2226 hi
1910 2200 2083 2229 Antonium
2096 2198 2144 2228 di-

1184 2233 1278 2273 ligent
1289 2236 1310 2262 ἓ·
1320 2244 1389 2263 cum
1406 2235 1452 2263 his
1465 2244 1567 2274 pacem
1579 2235 1703 2266 servabit
1714 2240 1885 2267 Antonius?
1911 2241 1991 2269 Nam
2002 2239 2074 2280 quid
2087 2251 2144 2280 ego

1184 2274 1220 2304 de
1231 2276 1374 2305 universo
1387 2277 1501 2315 populo
1512 2279 1643 2306 Roman.
1654 2277 1753 2307 dicam
1767 2282 1778 2307 ἓ
1797 2281 1848 2320 qui
1859 2280 1952 2319 pleno
1962 2301 1969 2314 ,
1989 2291 2021 2311 ac
2033 2281 2141 2312 referto

1185 2315 1268 2350 foro,
1280 2316 1327 2346 bis
1339 2327 1388 2348 me
1399 2327 1457 2347 una
1467 2328 1680 2359 mente221que
1691 2329 1764 2350 voce
1774 2323 1806 2350 in
1816 2323 1998 2352 concionem
2009 2325 2139 2357 vocavit,

1184 2357 1403 2399 declaravitque
1420 2362 1588 2389 maximam
1609 2361 1755 2391 libertatis
1771 2364 1976 2403 recuperandae
1995 2364 2143 2404 cupidita-

1186 2408 1257 2429 tem.
1281 2403 1384 2440 Itaque
1401 2401 1483 2441 quod
1501 2410 1562 2431 erat
1578 2402 1708 2442 optabile
1725 2403 1809 2434 antea
1821 2424 1829 2437 ,
1848 2406 2033 2444 utpopulum
2045 2408 2138 2435 Rom.

1183 2442 1330 2471 comitem
1342 2443 1517 2472 haberemus
1527 2463 1534 2476 ,
1547 2453 1629 2473 nunc
1640 2444 1897 2474 habemus'dmem.
1914 2449 1987 2486 Qae
1998 2446 2039 2477 est
2051 2449 2141 2488 igitur

1184 2483 1248 2522 spes
1267 2503 1277 2516 ‚
1300 2486 1352 2524 qui
1371 2486 1779 2519 Mutinamciicumstd‘ent,
1804 2497 2015 2526 imperatorem
2035 2490 2141 2529 popuii

1185 2526 1279 2554 Rom.
1300 2528 1526 2566 exercitumque
1543 2535 1736 2566 oppugnant,
1761 2530 1797 2556 iis
1814 2537 1916 2567 pacem
1937 2539 2006 2558 cum
2024 2531 2141 2570 populo

1183 2568 1316 2596 Roman.
1329 2565 1384 2596 effe
1393 2566 1475 2607 posse
1487 2571 1509 2596 ?'
1522 2569 1570 2596 An
1580 2577 1650 2596 cum
1662 2571 1837 2608 municipiis
1846 2579 1904 2608 pax
1914 2572 1968 2600 erit
1979 2590 1986 2604 a
2005 2581 2136 2612 quorum

1182 2616 1260 2637 tanta
1279 2607 1374 2638 studia
1390 2609 1609 2649 cognoscuntur
1623 2610 1656 2637 in
1671 2609 1946 2641 decretisfaciendis
1957 2631 1966 2645 ,
1987 2613 2139 2643 militibus

1183 2648 1308 2682 dandis,
1330 2650 1656 2688 pecuniispolliccndis
1673 2670 1680 2683 ‚
1695 2654 1749 2680 5'ut
1769 2654 1801 2680 in
1820 2650 1941 2693 singulis
1955 2654 2073 2694 oppidis
2083 2665 2138 2685 cu·-

1180 2692 1255 2719 riam
1273 2691 1521 2730 populiRomani
1539 2700 1602 2720 non
1623 2690 1812 2722 desideretis?
1835 2694 1988 2725 Laudandi
2010 2696 2080 2726 sunt
2095 2706 2134 2726 ex
2154 2697 2185 2728 9r

1180 2732 1269 2771 hujus
1290 2732 1406 2762 ordinis
1424 2733 1569 2762 sententia
1584 2734 1717 2762 Firmani
1734 2753 1742 2766 ,
1766 2736 1818 2774 qui
1837 2738 1986 2776 principes
2003 2747 2139 2776 pecunia:

1178 2773 1355 2812 pollicendae
1366 2773 1495 2804 fuerunt.
1519 2774 1762 2813 respondendum
1783 2776 1949 2808 honorifici:
1967 2778 2010 2809 est
2019 2781 2139 2810 Mami-

1177 2816 1273 2848 cinis·‚
1292 2818 1345 2856 qui
1360 2816 1530 2857 ignominia
1542 2815 1692 2846 notandos
1705 2817 1883 2849 censuerunt
1893 2829 1945 2850 eos
1955 2839 1963 2854 ‚
1983 2822 2036 2861 qui
2048 2822 2136 2852 mili-

2061 2864 2136 2895 tiam

1534 2919 1537 2920 a
1773 2920 2122 2935 Ἣ

1217 2945 1242 2972 3.
1262 2942 1279 2963 ο
1290 2939 1322 2963 dii
1333 2942 1342 2962 1
1351 2938 1402 2971 quis
1413 2939 1628 2971 k-ujmpotcnriam,
1638 2940 1705 2974 dvm]
1722 2940 1801 2968 Abcit-
1812 2943 1918 2978 uti-ique
1928 2944 2060 2976 Palatino,
2069 2942 2139 2970 illud

1180 2974 1234 2998 §dn
1243 2978 1253 3000 .'
1271 2973 1393 3008 idemque
1408 2976 1516 3000 tcl'tatui·
1527 2974 1559 3000 de
1571 2975 1619 3001 suis
1631 2975 1752 3003 omnibu-s·
1764 2979 1912 3005 sci-rarius·

1214 3016 1242 3041 4.
1264 3013 1295 3034 Pis
1307 3010 1500 3043 prospicientia]
1523 3011 1563 3037 Iti
1576 3011 1721 3039 Lambinus
1734 3031 1742 3044 ‚
1762 3022 1846 3049 neque
1855 3014 1934 3041 alter
1946 3015 2041 3050 Langii
2056 3014 2136 3041 codd*

1178 3043 1262 3079 sicque
1273 3045 1424 3071 Terentius:
1439 3048 1502 3071 Hei-,z
1510 3048 1622 3072 l.r.1‘.¹'am5
1631 3049 1736 3080 mitte‚<2y
1745 3051 1807 3083 quud
1814 3051 1916 3076 adhunc
1925 3061 1971 3076 rem
1981 3055 2137 3084 attinetffler-

1175 3082 1317 3113 roprospicc.
1337 3080 1453 3114 Vulgata
1466 3083 1628 3114 prmiii’tntia.

1215 3124 1240 3148 5,
1261 3119 1328 3141 Utin
1339 3117 1436 3149 fingiilis
1454 3118 1539 3150 opsiAis
1558 3122 1649 3144 curiam
1664 3123 1743 3152 populi
1750 3124 1814 3148 Rom.
1832 3131 1878 3147 non
1895 3122 2047 3155 diffidere-rin]
2069 3122 2135 3148 Fer-

1177 3151 1236 3176 rarii
1250 3151 1306 3177 mil‘.
1325 3161 1416 3177 omues
1428 3153 1492 3179 item
1502 3154 1559 3181 Pal.
1572 3154 1621 3181 sec.
1633 3158 1723 3182 curiam
1740 3161 1771 3183 Ῥ.
1783 3161 1812 3185 R.
1823 3167 1867 3185 nna
1877 3158 1992 3193 defidant.
2013 3157 2083 3192 quod
2094 3157 2136 3183 cs-

1175 3187 1191 3214 s
1187 3195 1212 3215 et
1215 3207 1223 3222 ,
1234 3190 1329 3222 populus
1337 3191 1467 3217 mumma-s.

1571 3228 1711 3264 Gs-ss3
2015 3229 2134 3255 ’³⁰³⁶’

2172 1124 2189 1156 x21

2168 1742 2195 1775 g:
