2295 3400
123 119 258 187 ‘35²
550 75 638 162 .M.¹
721 109 1085 158 TULL11

161 201 264 232 delata.
287 198 317 231 si
329 217 337 232 2
349 204 383 228 ut
392 203 424 227 tu
435 194 528 228 dicis,
541 193 643 234 gratia
656 190 828 222 concilianda
839 189 924 229 caufiz
937 209 946 223 ,
967 193 978 209 ¹
993 188 1118 235 quadra-

161 240 380 285 gintaistorum
390 235 509 268 accessio
519 236 654 266 millium
663 233 736 275 quid
748 233 845 263 valet?
869 231 888 262 si
899 251 914 265 ‚‚
928 241 960 264 ut
974 240 1031 261 nos
1043 231 1119 260 dici-

163 293 233 314 mus
244 303 252 317 ,
273 291 306 313 ut
322 292 355 310 ro
372 290 438 309 cxi.
452 278 549 308 millia
566 274 732 306 nummum
745 273 897 304 sexdecim
909 272 1058 310 judicibus
1068 271 1119 302 da-

162 335 284 358 rentur,
306 332 369 353 non
392 319 587 350 Archimedes
608 316 718 347 melius
740 318 840 356 potuit
864 315 1036 345 describere.
1079 316 1119 358 At

164 370 248 397 enim
254 361 454 404 judiciafac‘ta
465 361 603 402 permulta
614 360 629 389 s
628 368 682 389 unt
692 379 700 392 ,
722 358 737 388 a
747 358 887 388 Cluentio
898 355 1050 396 judicium
1061 354 1118 385 elle

163 415 348 446 corruptum.
372 408 475 434 Immo
490 402 562 433 verb
581 411 648 431 ante
660 403 717 430 hoc
729 409 845 438 tempus
856 399 988 428 omnino
999 397 1051 428 ista
1059 398 1120 437 ipsa

161 459 208 480 res
228 448 282 478 suo
301 448 429 477 nomini·
446 447 478 475 in
500 444 645 480 iudicium
665 451 834 482 numquam
864 439 907 471 est
933 448 1045 470 vocata.
1078 442 1122 469 Ita

166 490 299 520 multum
311 490 416 528 agitata
425 507 434 520 ‚
454 481 555 516 ita'diu
567 484 670 521 1361313
680 484 731 513 ista
741 493 784 512 res
796 481 838 512 est
849 502 857 515 ‚
872 491 903 512 ut
912 481 1060 513 hodierno
1071 480 1120 526 die

163 530 299 572 primum
313 530 396 560 causa
406 529 457 559 illa
466 527 588 558 defensa
597 525 639 560 sit,
651 525 800 555 hodierno
810 524 858 554 die
868 522 1005 564 primum
1017 530 1121 552 veritas

164 583 260 602 vocem
269 580 365 602 contra
375 570 526 602 invidiam,
540 570 585 598 his
591 567 745 608 judicibus
755 566 837 599 freta,
850 565 967 605 miserit.
990 568 1122 594 Verum-

164 623 267 645 tamen
287 614 381 643 multa
400 612 453 642 ista
474 611 583 648 iudicia
598 620 664 650 quae
685 609 774 639 sunt?
802 611 816 626 ²
828 610 892 648 Ego
911 609 995 636 enim
1015 616 1064 650 me
1085 605 1120 635 ad

165 658 272 686 omnia
289 654 489 686 confirmavi,
510 653 542 683 &
560 651 598 682 fic
611 653 729 692 paravi,
749 659 781 680 ut
792 649 949 682 docerem,
969 659 1035 689 quae
1048 646 1123 677 tacita

163 697 385 738 posteajudicia
394 696 430 725 de
441 695 496 725 1110
507 694 620 731 judicio
637 693 823 724 dicerentur,
848 692 956 730 partim
974 691 1067 732 ruinas.
1087 687 1123 717 si—

167 739 290 769 miliora
299 747 350 768 aut
361 736 530 777 tempestati
540 757 548 769 ‚
564 734 654 776 quam
662 734 778 774 Judic'io
792 733 825 762 &
834 733 1040 771 disceptationi
1051 730 1124 759 tuis-

164 781 196 811 se
214 791 219 810 :
240 783 348 820 partim
369 780 448 809 nihil
464 787 567 808 contra
580 779 706 807 Avitum
717 776 829 805 valere:
849 783 956 813 partim
967 775 1056 802 etiam
1067 781 1120 811 pro

164 823 224 852 hoc
235 821 293 852 effe
305 824 430 862 :partim
440 818 498 850 esse
507 818 667 857 ejusmodi,
679 827 711 847 ut
722 826 818 856 neque
828 815 970 855 appellata
980 823 1124 854 umquam

164 864 280 904 judicia
294 862 360 896 sint,
372 872 468 903 neque
483 860 660 891 existimata.
693 857 752 888 Hic
762 868 828 898 ego,
841 858 944 896 magn,
958 864 989 884 ut
999 855 1125 885 consue-

168 906 308 935 tudinem
320 905 433 935 servem
446 924 454 937 ,
476 903 566 944 quam
578 922 586 936 ‚
605 900 688 942 quod
705 909 759 929 vos
774 909 838 928 non
851 898 944 927 vestra
953 898 1011 926 hoc
1022 897 1124 935 sponte

168 945 294 980 faciatis,
304 956 403 987 petam
417 945 433 975 3
446 946 546 978 vobis,
558 953 589 973 ut
601 953 649 972 me
662 963 669 975 ,
687 942 760 971 dum
772 940 807 970 de
817 941 864 969 his
874 938 996 980 singulis
1005 938 1125 985 disputo

111 999 126 1032 3
140 1000 152 1031 3
167 988 290 1029 judiciis
302 1009 309 1021 ‚
324 987 433 1018 attente
445 986 578 1016 audiatis.
608 983 834 1014 Condemnatus
844 981 886 1011 est
897 984 929 1011 C.
938 982 1060 1022 Jmnus,
1072 990 1124 1020 qui

171 1031 199 1060 ei
217 1029 520 1072 quastionipraefuerat.
544 1026 617 1056 adde
628 1028 718 1055 etiam
729 1023 806 1054 illud
817 1044 826 1056 ,
848 1022 989 1063 siplacet:
1006 1031 1072 1051 turri
1084 1020 1125 1069 eli:

168 1072 387 1102 condemnatus
398 1090 407 1104 ‚
424 1069 496 1099 cum
518 1067 590 1098 esset
601 1067 695 1107 judex
712 1065 894 1107 quaestionis.
936 1066 1011 1094 Non
1029 1063 1124 1093 modo

167 1114 278 1146 causae,
297 1113 345 1143 sed
364 1122 401 1142 ne
415 1112 473 1152 legi
488 1109 612 1151 quidem
622 1108 786 1150 quidquam
798 1117 849 1147 per
863 1105 1019 1136 tribunum
1029 1105 1126 1145 plebis

167 1155 332 1185 laxamenti
350 1153 454 1184 datum
476 1152 527 1181 est.
559 1154 629 1192 Qo
643 1159 779 1189 tempore
789 1149 877 1178 illurn
889 1148 905 1177 3
915 1147 1080 1188 quaestione
1090 1146 1124 1176 ad

167 1197 291 1226 nullum
309 1195 389 1225 aliud
406 1196 480 1234 reip.
501 1203 613 1223 munus
631 1192 736 1222 abduci
751 1190 876 1223 licebat,
898 1199 934 1219 60
945 1198 1079 1227 tempore
1091 1187 1125 1217 ad

166 1237 365 1278 quaestionem
376 1237 436 1276 ipse
445 1236 580 1275 abreptus
589 1233 639 1264 est.
664 1237 800 1274 Atqu-”im
812 1230 1011 1272 quaestionem
1023 1233 1032 1258 ?
1049 1230 1126 1259 Vul-

167 1289 215 1309 tus
225 1281 310 1308 enim
319 1278 418 1311 vestri,
430 1277 556 1316 judices,
571 1286 620 1305 me
630 1277 770 1307 invitant,
783 1283 826 1306 ut,
837 1283 902 1313 quae
912 1271 1062 1302 reticenda
1071 1281 1126 1311 pu-

166 1329 270 1354 raram=
281 1320 371 1350 libeat
379 1321 442 1359 jam
454 1317 546 1348 libere
557 1317 668 1347 dicere.
682 1316 764 1357 Qid
775 1316 784 1341 ?
794 1316 846 1347 illa
856 1313 977 1344 tandem
986 1313 1123 1358 quaestio,

166 1371 218 1392 aut
226 1362 399 1401 disceptatio
412 1381 423 1394 ,
438 1359 645 1399 autjudicium
658 1358 736 1388 fuit?
759 1361 770 1385 3
783 1356 894 1396 putabo
915 1354 1013 1385 fuisse.
1036 1355 1123 1388 dicat,

167 1405 219 1444 qui
230 1404 295 1433 vult
305 1403 394 1433 hodie
404 1403 439 1432 de
450 1402 505 1431 illo
520 1400 617 1442 populo
636 1401 774 1429 concitato
784 1418 792 1431 ,
816 1399 864 1428 cui
875 1406 942 1427 tum
950 1407 1020 1426 mos
1028 1396 1124 1437 gestus

167 1444 227 1475 cst:
248 1454 304 1486 qua
315 1444 392 1474 dere
406 1445 508 1481 [unius
517 1443 633 1473 causam
643 1442 765 1472 dixerit.
779 1448 992 1481 quemcunque
1002 1440 1124 1479 rogaris,

168 1488 228 1516 hoc
237 1480 438 1526 respondebit,
449 1484 531 1526 quod
542 1486 702 1524 pecuniam
712 1482 855 1523 acceperit
864 1501 872 1514 ,
884 1479 968 1525 quod
977 1482 1125 1510 innocen-

167 1536 232 1558 tem
239 1529 479 1558 circumvenerit.
503 1527 553 1557 Est
564 1527 626 1555 haec
636 1527 755 1565 opinio.
780 1527 828 1557 At,
841 1521 861 1551 si
872 1524 910 1552 ita
921 1520 991 1551 eflet
1003 1532 1007 1550 :
1019 1523 1072 1551 hac
1082 1522 1125 1551 le-

166 1580 203 1611 ge
212 1570 379 1600 accusatum
390 1567 448 1598 effe
459 1570 668 1608 oportuit‚qua
676 1566 825 1596 accusatur
834 1565 952 1594 Avitus.
974 1566 1012 1592 At
1023 1563 1082 1603 ipse
1093 1573 1125 1592 ea

166 1614 232 1653 lege
241 1611 398 1652 quaerebat.
412 1614 522 1641 Paucos
533 1610 596 1640 dies
608 1605 798 1647 exspe&asset
806 1607 960 1647 Qintius.
976 1608 1015 1634 At
1026 1614 1123 1651 neque

167 1662 299 1693 privatus
308 1653 451 1685 accusare,
464 1662 517 1682 066
528 1651 711 1690 ,fi'datajam
721 1648 842 1681 invidia,
855 1646 982 1677 volebat.
1007 1646 1125 1675 Videtis

167 1696 258 1735 igitur
271 1704 335 1724 non
345 1696 375 1724 in
386 1695 479 1733 causa,
492 1693 583 1723 sedin
593 1699 756 1732 tempore,ac
763 1688 895 1732 potestate
906 1688 1125 1737 spemxomnem

166 1736 342 1766 accusatoris
352 1734 446 1765 fuiffe.
474 1735 603 1765 Multam
615 1735 732 1773 petivit.
765 1731 923 1774 Qalege?
941 1729 1022 1773 quod
1035 1731 1067 1759 in
1082 1729 1125 1758 16-

168 1787 238 1819 gem
252 1787 315 1806 non
326 1775 442 1813 jurasset
456 1787 460 1805 :
480 1786 543 1816 quae
555 1785 600 1805 res
610 1776 728 1804 nemini
740 1782 884 1813 umquam
896 1772 993 1801 fraudi
1003 1773 1060 1800 tuit
1074 1781 1079 1799 :
1092 1770 1124 1800 &

167 1818 251 1860 quod
262 1821 294 1849 C.
305 1822 421 1850 Verres,
433 1827 538 1857 praetor
548 1817 788 1849 urbanus2homo
801 1813 928 1846 saneim,
941 1813 974 1842 &
984 1812 1124 1852 diligens,

168 1860 415 1890 subsortitionem
428 1860 491 1895 ejus
501 1861 534 1888 in
545 1868 580 1888 eo
590 1858 693 1888 codice
703 1867 768 1886 non
778 1856 896 1886 haberet
904 1874 913 1888 ,
937 1855 988 1894 qui
1000 1856 1124 1883 1011110-

167 1902 282 1932 terlitus
297 1900 507 1941 proferebatur.
534 1902 589 1930 His
600 1899 636 1929 de
646 1897 735 1928 causis
746 1901 777 1927 C.
787 1899 896 1939 Junius
907 1895 1125 1926 condemnatus

167 1942 211 1972 est
220 1963 228 1976 2
238 1943 354 1982 judices
365 1963 372 1976 ,
386 1941 542 1972 levissimis
553 1961 562 1974 ,
574 1941 607 1970 &
617 1938 829 1970 infirmissimis
843 1949 848 1967 :
871 1947 941 1983 quas
953 1938 1084 1966 omnino
1093 1938 1126 1965 in

165 1984 317 2025 judicium
327 1983 423 2014 afferri
433 1993 497 2013 non
508 1984 649 2022 oportuit.
669 1983 765 2021 itaque
776 1980 926 2020 opprellus
937 1977 978 2008 est
987 1988 1049 2007 non
1058 1988 1127 2007 cau—

113 2034 125 2066 3
136 2035 157 2067 4
170 2027 208 2060 sa,
222 2025 271 2056 sed
281 2035 426 2065 tempore.
452 2027 520 2055 Hoc
534 2034 589 2054 vos
600 2024 743 2054 Cluentio
752 2023 900 2061 judiciuin
908 2021 1017 2060 putatis
1025 2018 1124 2049 obeffe

169 2068 325 2108 oportere?
336 2071 435 2109 Qam
447 2067 487 2096 ob
495 2067 612 2096 causam
624 2068 634 2094 ?
648 2067 677 2095 Si
687 2074 725 2094 ex
735 2065 799 2103 lege
808 2062 982 2093 subsortitus
992 2071 1057 2091 non
1068 2069 1127 2091 erat

188 2111 288 2142 unius,
297 2109 374 2139 autsi
386 2111 419 2138 in
430 2109 527 2150 legem
537 2107 699 2147 aliquando
709 2115 773 2135 non
781 2106 926 2143 juraverat
937 2113 942 2131 :
965 2103 1128 2132 1616116011-

162 2111 228 2181 'iius
239 2150 432 2180 damnatione
441 2149 555 2190 aliquid
566 2149 602 2179 de
612 2145 965 2186 Cluentiojudicabatur?
980 2146 1066 2177 Non,
1077 2146 1125 2173 in-

168 2194 252 2234 quit:
276 2192 325 2222 sed
343 2193 395 2221 ilie
413 2190 528 2221 idcirco
548 2192 595 2220 his
605 2189 720 2230 legibus
730 2187 947 2217 condemnatus
957 2185 1018 2219 est,
1041 2184 1126 2226 quod

169 2243 275 2264 contra
284 2233 373 2262 aliam
383 2234 480 2274 legem
489 2232 691 2263 commiserat.
715 2231 775 2269 Q
785 2230 842 2258 hoc
850 2226 1042 2260 confitentur,
1056 2227 1125 2266 pos-

167 2276 255 2309 sunt,
276 2275 375 2304 4illud
394 2275 476 2304 idern
493 2274 643 2313 judicium
654 2281 718 2301 non
727 2268 815 2299 fuiffe
827 2288 836 2302 ‚
854 2268 1021 2298 defendere.
1044 2271 1124 2308 Ergo

168 2316 282 2347 idcirco
292 2336 300 2350 ,
311 2317 429 2356 inquit3
446 2314 556 2354 infestus
567 2324 631 2345 tum
642 2312 850 2354 praetorJunio
862 2309 920 2340 fuit
930 2329 938 2343 ‚
954 2308 1036 2356 quod
1046 2309 1122 2339 illud

165 2358 317 2399 judicium
335 2366 509 2397 corruptum
523 2367 576 2396 per
592 2365 663 2385 eum
679 2354 842 2394 putabatur.
867 2354 954 2397 Num
966 2359 1056 2397 igitur
1065 2352 1123 2398 1106

168 2409 304 2439 tempore
313 2400 396 2429 causa
405 2407 515 2428 mutata
524 2397 586 2427 est?
601 2407 676 2427 num
687 2397 743 2426 alia
753 2404 798 2424 res
808 2413 816 2427 ‚
831 2393 888 2423 alia
897 2393 1063 2436 ratio-illius
1069 2402 1079 2431 J
1087 2402 1121 2427 11-

169 2441 241 2471 dicii
253 2461 262 2474 ,
280 2441 337 2470 alia
345 2449 445 2470 natura
456 2441 547 2470 totius
556 2440 669 2478 negotii
680 2447 762 2467 nunc
772 2435 814 2466 est
822 2454 830 2468 ‚
846 2444 878 2465 ac
888 2435 1039 2465 tumiuit?
1058 2443 1122 2480 non

169 2484 297 2522 opinor,
317 2483 402 2511 exiis
410 2481 497 2511 rebus
510 2502 518 2514 ,
539 2491 603 2521 qua:
612 2479 698 2520 gcstae
709 2479 777 2509 sunt
788 2497 796 2511 ‚
814 2486 879 2506 rem
889 2476 981 2505 ullam
995 2474 1122 2514 potuifle

169 2526 290 2554 mutari.
321 2523 402 2565 Qid
419 2533 489 2565 ergo
508 2522 550 2552 est
560 2522 650 2552 causae
662 2541 671 2555 ,
689 2519 772 2561 quod
787 2528 868 2549 nunc
883 2517 981 2547 nostra
990 2515 1121 2547 defensio

168 2565 302 2595 audiatur
312 2573 394 2595 tanto
404 2563 521 2594 filentio
531 2584 540 2598 ,
564 2574 635 2594 tunc
643 2564 737 2605 Junio
749 2559 930 2591 defendendi
942 2560 985 2606 sui
995 2557 1122 2606 potestas

168 2615 266 2646 erepta
285 2605 337 2636 sit?
356 2609 434 2646 Qia
451 2615 518 2636 tum
528 2606 556 2635 in
566 2606 650 2644 caufit
660 2604 739 2634 nihil
749 2611 809 2633 erat
820 2622 830 2636 ,
848 2610 952 2642 praeter
963 2600 1120 2633 mvidiam,

169 2647 535 2688 errorem‚.suspicionem,
545 2649 709 2678 conciones
719 2644 918 2687 quotidianas,
928 2642 1076 2675 seditiose,
1089 2652 1121 2688 ac

168 2689 351 2730 populariter
367 2691 536 2720 concitatas.
568 2688 717 2720 accusabat
736 2687 872 2719 tribunus
889 2684 984 2727 plebis
998 2683 1122 2714 idemin

1165 107 1720 160 C1CERONISJ

1163 186 1363 217 concionibus
1373 205 1382 221 ‚
1402 186 1486 218 idem
1498 187 1534 218 ad
1556 187 1710 219 subsellia:
1730 186 1766 219 ad
1780 186 1933 230 judicium
1946 197 2014 219 non
2020 189 2125 221 mod&

1163 228 1200 258 de
1210 230 1359 259 concione
1370 249 1379 262 ,
1399 229 1449 260 sed
1458 231 1550 260 etiam
1557 240 1628 260 cum
1639 231 1700 270 ipsa
1713 232 1861 260 concione
1874 230 2019 261 veniebat.
2045 233 2118 264 Gra-

1163 269 1218 300 dus
1229 270 1276 300 illi
1285 271 1401 300 Aurelii
1410 280 1475 301 tum
1486 274 1560 302 novi
1572 292 1581 304 ‚
1597 271 1676 313 quasi
1685 282 1739 312 pro
1750 273 1861 302 theatro
1871 271 2039 312 illifl'udicio
2047 272 2120 311 aedi—¹

1166 310 1243 342 ficati
1261 312 1438 342 videbantur
1450 323 1455 342 z
1472 323 1548 354 quos
1559 314 1610 343 ubi
1622 314 1769 344 accusator
1777 315 1932 344 concitatis
1942 314 2122 345 hominibus

1163 354 1347 393 complerat,
1369 365 1433 384 non
1445 354 1539 385 modo
1549 355 1655 384 dicendi
1665 353 1700 384 ab
1710 366 1751 384 reo
1763 376 1771 388 ‚
1791 356 1839 385 sed
1857 366 1895 386 ne
1905 354 2042 396 surgendi
2053 357 2120 395 qui-

1164 395 1234 425 dem
1245 395 1370 435 potestas
1379 405 1449 426 crat.
1484 399 1589 436 Nuper
1598 397 1674 436 apud
1690 401 1703 424 5
1714 400 1745 427 C.
1759 398 1937 427 Orchinium
1947 417 1955 430 ,
1972 395 2119 437 collegam'

1166 447 1283 470 meum,
1298 438 1382 467 locus
1389 438 1425 467 ab
1432 437 1586 477 judicibus
1598 437 1704 468 Fausto
1715 439 1802 468 Sullae
1813 438 1847 468 de
1857 440 1992 478 pecuniis
2000 435 2121 468 residuis

1166 489 1230 508 non
1249 478 1291 508 est
1299 478 1479 509 constitutus
1491 490 1497 508 :
1518 489 1583 509 non
1591 490 1652 520 quo
1665 481 1711 509 1111
1721 489 1769 510 aut
1778 481 1917 521 exlegem
1925 479 1983 510 effe
1994 480 2120 514 Sullam,

1166 530 1214 550 aut
1227 521 1341 551 causam
1352 522 1486 559 pecuniae
1496 521 1624 560 publicae
1632 541 1641 555 ‚
1653 530 1838 552 contemtam
1848 542 1856 556 ‚
1878 531 1963 563 atque
1974 520 2120 561 abjectam

1166 570 1318 601 putarent:
1343 561 1391 591 sed
1401 560 1483 602 quod
1495 582 1504 595 ,
1526 563 1676 593 accusante
1696 562 1818 594 tribuno
1832 564 1949 603 plebis,
1969 563 2123 598 candirzone,

1167 613 1243 644 aqua
1265 602 1419 643 disceptari
1438 602 1518 643 poss'e
1538 615 1602 634 non
1624 614 1812 644 putaverunt.
1844 605 1926 647 (Qid
1940 608 1949 633 ?
1966 604 2120 635 conferam

1166 645 1320 675 Sullamne
1329 655 1400 675 cum
1409 646 1504 686 Junio
1514 649 1523 675 ?
1533 656 1570 676 an
1580 647 1660 676 hunc
1670 647 1826 676 tribunum
1837 648 1883 687 ple
1889 649 1932 677 bis
1941 645 2009 676 cum
2022 648 2122 687 Qin·

1167 688 1210 715 tio
1222 689 1233 715 ?
1252 696 1289 716 311
1299 686 1372 716 vero
1384 696 1500 727 tempus
1512 698 1582 718 cum
1594 698 1729 728 tempore
1740 690 1750 716 ?
1761 689 1840 719 Sulla
1851 689 1992 719 maximis
2001 689 2122 727 opibus,

1167 737 1301 768 cognatis
1313 748 1321 760 ,
1333 727 1472 758 affinibus
1484 749 1492 762 ‚
1505 728 1672 760 necessariis
1684 750 1693 762 ‚
1709 730 1869 760 clientibus
1880 731 2018 770 plurimis
2031 740 2036 758 z
2058 731 2123 761 haec

1168 779 1267 799 autern
1278 770 1353 808 apud
1361 771 1491 811 Junium
1501 781 1599 810 parva,
1612 772 1643 802 &
1654 770 1821 805 infirma,&
1832 771 1919 812 ipsius
1930 772 2029 802 labore
2040 782 2121 813 (1οκ-

1147 832 1149 839 ,
1168 809 1331 852 fita‚atque
1341 812 1477 842 60116613.
1511 815 1569 842 Hic
1580 814 1716 843 tribunus
1728 814 1841 853 plebiS,
1861 813 2032 847 modestus,
2053 823 2124 853 pru-

1168 852 1257 886 dens,
1271 862 1334 882 non
1345 853 1440 883 modo
1452 864 1516 883 non
1527 854 1692 888 seditiosus,
1708 855 1756 884 sed
1769 857 1857 885 etiam
1867 854 2009 885 seditiosis
2019 855 2124 885 adver·

1169 895 1258 924 sarius
1271 905 1277 923 2
1298 895 1348 924 ille
1357 904 1457 925 autem
1468 896 1588 925 acerbus
1599 916 1608 930 ,
1619 897 1801 927 criminosus
1809 917 1817 930 ,
1827 898 1978 937 popularis
1986 898 2082 927 homo
2092 898 2125 928 ac

1170 936 1367 966 turbulentus.
1391 939 1527 976 Tempus
1540 938 1598 967 hoc
1607 939 1804 979 tranquillum
1817 959 1825 972 ,
1836 949 1867 968 ac
1874 948 2009 979 pacatum
2021 949 2026 968 2
2047 937 2127 968 illud.

1169 977 1316 1008 omnibus
1330 978 1443 1007 invidia
1453 978 1657 1019 tempestatibus
1669 982 1865 1010 concitatum.
1900 984 1974 1020 Qae
1991 979 2063 1010 cum
2084 981 2126 1010 ita

1169 1017 1279 1053 essent,
1304 1017 1321 1039 ⁶
1330 1022 1363 1049 iti
1382 1020 1488 1050 Fausto
1505 1030 1606 1051 tamen
1624 1022 1671 1051 illi
1686 1022 1801 1061 judices
1812 1021 1976 1052 statuerunt
1988 1043 1997 1055 ,
2021 1024 2126 1061 iniqua

1168 1061 1346 1091 conditione
1354 1071 1438 1091 reum
1448 1063 1563 1093 causam
1574 1062 1669 1093 dicere
1682 1084 1692 1096 ,
1702 1062 1774 1093 cum
1786 1063 1949 1094 adversario
1959 1065 2022 1103 ejus
2031 1063 2065 1093 ad
2077 1066 2123 1102 jus

1168 1102 1362 1133 accusationis
1380 1103 1499 1135 summa
1518 1106 1563 1134 vis
1579 1104 1730 1144 potestatis
1744 1105 1903 1135 accederet.
1948 1108 2046 1147 Qarn
2057 1106 2125 1145 qui·
2148 1117 2160 1150 3
2170 1117 2192 1148 5

1169 1144 1239 1174 dem
1248 1147 1396 1174 rationem
1410 1154 1465 1175 vos
1477 1165 1485 1179 ‚
1495 1146 1506 1185 j
1510 1146 1611 1176 udices
1621 1166 1629 1179 ‚
1640 1146 1799 1187 diligenter
1806 1156 1859 1186 pro
1868 1145 1962 1176 vestra
1972 1148 2123 1186 sapientia,

1170 1186 1203 1216 δε
1212 1187 1396 1217 humanitate
1409 1189 1536 1228 cogitare
1547 1208 1555 1220 ‚
1570 1188 1601 1217 &
1610 1190 1730 1227 penitus
1737 1188 1897 1228 perspicere
1908 1188 2021 1217 debetis
2029 1207 2037 1221 ,
2050 1188 2124 1228 quid

1169 1228 1241 1257 mali
1250 1247 1258 1261 ,
1278 1236 1424 1268 quantum
1443 1230 1567 1268 periculi
1587 1231 1749 1269 unicuique
1767 1227 1908 1259 nostruin
1920 1229 2028 1259 inferre
2038 1228 2127 1269 poffit

1170 1271 1216 1299 vis
1230 1269 1385 1299 tribunitia
1396 1289 1405 1303 ‚
1422 1269 1552 1300 conflata
1564 1271 1726 1310 praesertim
1737 1270 1851 1300 invidia
1860 1291 1868 1304 ,
1880 1271 1912 1301 &
1925 1271 2125 1301 concionibus

1168 1310 1305 1341 seditiose
1317 1313 1484 1341 concitatis.
1505 1313 1625 1353 optimas
1634 1313 1731 1343 hercle
1742 1311 1907 1354 temporibus
1919 1332 1927 1345 ,
1947 1321 2012 1342 tuin
2024 1332 2033 1346 ,
2052 1312 2125 1343 cum

1169 1353 1311 1382 homines
1322 1353 1339 1382 s
1335 1363 1350 1382 e
1359 1353 1590 1392 nonjaetatione
1599 1356 1746 1394 populari,
1758 1354 1807 1384 sed
1818 1354 1970 1394 dignitate,
1981 1364 2066 1395 atque
2077 1356 2126 1384 in-

1169 1396 1307 1424 nocentia
1315 1394 1470 1424 tuebantur
1480 1415 1488 1429 ,
1501 1403 1602 1426 tamen
1612 1406 1667 1425 nec
1678 1399 1709 1426 C.
1723 1396 1868 1435 Popillius
1879 1416 1887 1429 ,
1901 1406 1956 1425 nec
1967 1399 2005 1438 Q
2016 1396 2126 1431 Metel-

1168 1436 1212 1465 lus
1223 1456 1231 1469 ,
1249 1434 1399 1466 clariffimi
1412 1455 1420 1470 ‚
1431 1446 1518 1477 atque
1528 1436 1703 1477 amplissimi
1713 1447 1770 1467 viri
1781 1457 1789 1471 ,
1805 1440 1870 1467 vim
1880 1437 2066 1467 tribunitiam
2077 1437 2127 1467 su-

1168 1476 1277 1507 stinere
1295 1486 1458 1517 potuerunt
1474 1489 1479 1507 :
1499 1489 1537 1509 ne
1557 1479 1630 1508 dum
1645 1480 1690 1508 his
1709 1479 1897 1519 temporibus
1907 1499 1915 1512 ‚
1935 1480 1973 1507 hu
1987 1478 2121 1512 moribm,

1168 1520 1214 1548 his
1228 1518 1456 1560 magistratibus,
1471 1518 1531 1549 fine
1541 1520 1634 1550 vestra
1645 1521 1785 1560 sapientia
1796 1541 1804 1554 ‚
1815 1526 1830 1549 7
1840 1520 2066 1560 acjudiciorum
2078 1531 2124 1551 re-

1168 1561 1288 1593 mediis,
1299 1561 1371 1590 salvi
1381 1559 1438 1590 esse
1446 1561 1603 1600 possimus·
1627 1564 1702 1592 Non
1711 1562 1769 1592 fuit
1778 1565 1868 1603 igitur
1877 1562 2124 1601 iliudjudicium,

1164 1602 1274 1642 judieii
1283 1600 1391 1635 simile,
1402 1603 1532 1641 judices,
1544 1603 1692 1633 nonfuit:
1709 1606 1743 1634 in
1753 1614 1813 1644 quo
1823 1614 1889 1633 non
1900 1604 2010 1633 modus
2020 1603 2062 1633 est
2073 1603 2128 1634 ad-

1167 1644 1280 1673 hibitus
1295 1663 1303 1677 ‚
1323 1654 1387 1674 non
1397 1653 1464 1674 mos
1475 1665 1484 1678 ,
1505 1644 1749 1686 consuetudoque
1759 1646 1870 1675 servata
1880 1666 1887 1678 ,
1902 1655 1966 1674 non
1979 1646 2061 1675 causa
2071 1645 2124 1675 de-

1168 1684 1259 1715 fensa.
1283 1687 1328 1714 vis
1338 1686 1389 1715 illa
1398 1685 1457 1716 fuit
1466 1706 1474 1719 ,
1489 1686 1522 1716 &
1533 1696 1564 1715 ut
1578 1686 1652 1726 saepe
1661 1688 1724 1726 jain
1733 1687 1816 1720 dixi,
1833 1688 1916 1715 ruina
1926 1687 2052 1727 quadam
2062 1707 2070 1720 ‚
2082 1696 2129 1717 at-

1169 1737 1225 1767 que
1234 1726 1401 1767 tempestas,
1413 1727 1446 1756 ὅ(
1455 1728 1575 1768 quidvis
1585 1728 1696 1767 potius,
1709 1728 2021 1769 quamjudicium,aut
2031 1728 2126 1758 disce-

1169 1770 1261 1808 ptatio
1273 1788 1281 1802 ,
1302 1777 1350 1798 aut
1361 1768 1494 1809 quaestio.
1527 1769 1616 1810 Qod
1628 1769 1649 1798 si
1659 1772 1726 1810 quis
1736 1769 1778 1799 est
1788 1790 1797 1802 ,
1820 1772 1872 1809 qui
1887 1769 1962 1799 illud
1976 1769 2130 1807 judicium

1168 1809 1255 1840 fuisse
1267 1810 1440 1843 arbitretur,
1461 1811 1493 1840 &
1503 1821 1555 1851 qui
1566 1814 1612 1840 his
1621 1810 1854 1850 rebusjudicatis
1869 1810 2009 1841 standum
2021 1819 2122 1851 putet:

1168 1854 1193 1881 is
1204 1860 1304 1881 tamen
1315 1852 1390 1881 hanc
1399 1852 1515 1882 causam
1526 1852 1560 1881 ab
1571 1853 1622 1882 1113
1633 1852 1720 1882 debet
1731 1853 1891 1893 sejungere.
1915 1853 1950 1883 ab
1968 1853 2022 1882 illo
2040 1855 2126 1885 enim.

1170 1892 1228 1922 sive
1238 1891 1320 1933 quod
1330 1895 1363 1922 in
1374 1893 1472 1934 legem
1481 1892 1673 1933 nonjurasset
1683 1914 1692 1927 ,
1713 1892 1769 1924 five
1780 1894 1862 1935 quod
1875 1895 1986 1935 exlege
2004 1894 2124 1925 subsor-

1169 1934 1380 1974 titusjudicem
1396 1944 1459 1964 non
1472 1933 1543 1965 efl'et
1552 1956 1561 1969 ‚
1580 1937 1675 1966 multa
1685 1938 1774 1975 petita
1784 1934 1840 1965 esse
1850 1935 1966 1966 dicitur.
1990 1935 2126 1966 Cluentii

1166 1985 1269 2006 autem
1282 1978 1355 2005 ratio
1365 1986 1435 2006 cum
1446 1976 1506 2005 illis
1516 1977 1644 2017 legibus,
1656 1977 1766 2016 quibus
1777 1977 1814 2007 ab
1824 1979 1920 2020 Junio
1933 1978 2027 2007 multa
2034 1980 2124 2017 petita

1166 2017 1209 2047 cst
1219 2036 1227 2050 ,
1248 2018 1331 2047 nulla
1340 2017 1438 2056 potest
1446 2027 1483 2047 ex
1491 2027 1569 2057 parte
1579 2017 1635 2048 effe
1645 2018 1817 2058 cunjunsta.
1850 2022 1889 2049 At
1909 2020 1998 2049 etiam
2010 2019 2129 2049 Bulbus

1167 2058 1209 2088 est
1221 2058 1447 2089 condemnatus.
1471 2059 1729 2099 Adde,.majcstatu
1739 2071 1750 2088 .·
1762 2069 1793 2090 ut
1803 2061 1963 2102 intelligas,
1973 2061 2032 2090 hoc
2038 2060 2123 2100 judi-

1168 2102 1253 2130 cium
1261 2099 1333 2129 c'um
1343 2100 1398 2129 illo
1409 2110 1473 2130 11011
1481 2099 1537 2130 effe
1549 2102 1761 2140 conjunctum.
1779 2105 1818 2131 At
1828 2101 1870 2131 cst
1879 2103 1937 2131 hoc
1947 2101 1993 2131 illi
2003 2103 2123 2132 crimen

1167 2141 1332 2180 objectum.
1360 2144 1464 2172 Fateor
1476 2153 1481 2170 z
1500 2142 1648 2172 sedetiam
1661 2144 1812 2184 legionem
1824 2141 1881 2172 ess'e
1891 2143 1927 2172 ab
1938 2143 2133 2182 eofhdicita-i-

1165 2190 1226 2212 tam
1244 2184 1276 2212 in
1290 2184 1412 2223 Illyrico
1423 2186 1454 2212 C.
1466 2184 1606 2213 Cosconii
1616 2185 1720 2214 litteris
1731 2204 1741 2217 ,
1761 2185 1794 2214 &
1805 2185 1972 2214 multorum
1984 2183 2122 2215 testimo·-

1166 2226 1226 2254 niis
1238 2225 1362 2264 planum
1380 2224 1493 2255 facium
1514 2224 1562 2255 est.
1587 2226 1668 2265 quod
1677 2228 1792 2256 crimen
1802 2234 1862 2256 erat
1870 2228 2024 2266 proprium
2037 2227 2121 2257 illius

1165 2266 1339 2306 quaestionis
1349 2286 1359 2299 ‚
1382 2266 1414 2295 &
1435 2276 1498 2306 quae
1516 2276 1560 2297 res
1572 2267 1634 2307 lege
1648 2266 1810 2307 majestatis
1821 2267 1984 2298 tenebatur.
2014 2270 2054 2298 At
2062 2269 2123 2299 hoc

1165 2306 1266 2338 obfuit
1282 2309 1309 2337 ei
1327 2309 1475 2337 maxime.
1504 2308 1573 2348 Jam
1587 2308 1640 2337 ista
1649 2308 1791 2338 divinatio
1803 2308 1863 2343 estg
1880 2308 1968 2350 quasi
1980 2311 2022 2339 uti
2032 2310 2119 2340 licet:

1165 2348 1243 2382 vide,
1256 2359 1294 2378 ne
1305 2358 1371 2378 mea
1379 2347 1551 2387 comestura
1563 2350 1659 2379 multo
1673 2348 1707 2380 sit
1720 2353 1828 2380 verior.
1859 2353 1922 2392 Ego
1932 2352 2014 2380 enim
2026 2349 2062 2381 fic
2073 2360 2119 2382 ar-

1167 2390 1261 2420 bitror
1270 2408 1281 2423 ,
1299 2390 1430 2419 Bulbum
1442 2410 1449 2423 ,
1462 2389 1543 2430 quod
1552 2392 1648 2421 homo
1658 2401 1786 2432 nequam
1799 2413 1807 2426 ,
1818 2401 1913 2432 turpis
1923 2413 1932 2425 ,
1944 2392 2120 2432 improbus,

1166 2431 1270 2461 multis
1281 2429 1400 2472 flagitiis
1409 2434 1630 2462 contaminatus
1641 2435 1673 2462 in
1684 2434 1831 2470 judicium
1842 2432 1875 2464 sit
1884 2433 2026 2463 adduftus
2037 2455 2046 2468 ,
2069 2434 2114 2464 id-

1164 2471 1244 2503 circo
1256 2472 1377 2511 fattln‘cs
1397 2471 1453 2502 essL¹
1464 2473 1648 2504 damnatum.
1672 2483 1704 2504 tu
1717 2476 1794 2505 mihi
1805 2485 1842 2504 ex
1854 2483 1914 2505 tota
1923 2476 2004 2506 caula
2013 2476 2114 2509 Bulbi,

1161 2514 1242 2555 quod
1253 2514 1307 2544 tibi
1319 2516 1521 2545 commodum
1531 2515 1572 2545 est
1583 2536 1591 2549 ,
1602 2517 1687 2557 eligis
1698 2537 1707 2549 ,
1726 2517 1797 2546 utid
1809 2514 1865 2546 effi}
1875 2517 2123 2556 secutosjudices,

1162 2558 1250 2586 dicas.
1295 2559 1478 2596 Qapropter
1496 2559 1553 2587 hoc
1573 2558 1661 2587 Bulbi
1676 2558 1829 2598 judicium
1847 2568 1911 2588 non
1929 2558 1996 2598 plus
2010 2557 2109 2589 obesse

2138 2565 2187 2608 36.

1162 2599 1330 2629 huiccausae
1339 2599 1446 2632 debet,
1467 2598 1558 2639 quam
1569 2600 1635 2632 1113,
1653 2610 1718 2640 quae
1737 2609 1975 2630 commemorata
1991 2601 2059 2630 sunt
2078 2600 2115 2631 ab
2212 2629 2214 2631 ,
2252 2641 2254 2648 Ι

1162 2641 1336 2674 accusatore,
1347 2641 1543 2680 duojudicia,
1558 2643 1587 2671 P.
1598 2642 1720 2681 Popillii
1732 2661 1739 2674 ,
1753 2642 1785 2671 &
1796 2645 1833 2672 T.
1847 2643 1946 2672 Guttae
1959 2652 1964 2670 :
1976 2640 2035 2683 'qui
2045 2645 2130 2673 caus

1161 2683 1223 2713 sam
1233 2681 1268 2712 dc
1277 2683 1393 2713 ambitu
1403 2682 1544 2713 dixerunt
1555 2693 1560 2711 ε
1581 2685 1633 2724 qui
1643 2683 1768 2714 accusati
1776 2684 1844 2714 sunt
1853 2683 1890 2714 ab
1901 2685 1937 2714 iis
1947 2703 1956 2718 ‚
1971 2686 2023 2725 qui
2034 2693 2117 2756 eran?

2064 2736 2095 2767 ip
2108 2736 2120 2756 1

207 2815 217 2833 1
225 2827 230 2832 .
249 2807 415 2840 Qadraginta
423 2809 516 2839 istorum
525 2809 615 2840 artaffio
623 2808 745 2843 millium]
762 2806 906 2837 Lambinais
917 2804 1063 2842 transponit
1075 2814 1122 2831 vo-

167 2850 224 2868 cem
244 2844 365 2869 ultimam
377 2862 386 2875 ‚
404 2842 447 2869 sed
458 2850 548 2870 contra
558 2843 616 2870 mss.
634 2853 684 2880 ego
694 2844 800 2871 mallem
811 2842 916 2870 auferre
927 2850 1050 2878 tanquam
1061 2843 1076 2868 ἐι
1087 2842 1121 2868 11-

169 2877 262 2904 brai-iis
273 2886 370 2905 ortam.

206 2923 240 2975 zi,
255 2917 301 2947 Ego
310 2924 342 2939 me
352 2915 469 2941 adomnia
478 2916 642 2950 confirmavi]
662 2916 806 2943 Lambinus
825 2915 933 2950 conjicit
943 2934 952 2948 ,
970 2915 1122 2948 confirmavi.

170 2949 212 2976 cui
241 2959 292 2975 ono
304 2951 314 2976 ?
916 2954 917 2958 ¹

207 2993 232 3020 3.
243 2986 530 3020 Pictab0fi1ffl.]Lainb.
540 2987 638 3024 aliique
644 2995 736 3021 putato.
747 2989 844 3015 Brutus
856 2986 1122 3024 reposuitffeputaiote,

170 3027 200 3047 ut
209 3020 240 3046 ad
252 3020 350 3051 iudices
362 3020 501 3047 referatur.
512 3022 553 3048 sed
563 3031 654 3050 contra
665 3025 729 3050 olim
740 3023 826 3055 cusos,
837 3032 928 3051 contra
938 3023 1006 3050 Pali.
1017 3022 1081 3058 sept.

205 3064 232 3089 4.
253 3057 375 3090 Judicium
392 3058 451 3082 illud
466 3068 510 3082 non
522 3059 617 3092 βάψῃ]
640 3060 757 3086 Criticus
769 3061 886 3095 quietior
904 3059 1038 3086 examinet
1049 3066 1121 3094 quae-

172 3091 196 3117 so
208 3091 360 3128 scripturam
373 3112 380 3125 ‚
401 3103 451 3119 non
463 3093 547 3120 solum
560 3094 739 3122 Palatium-um
759 3095 856 3131 septeni
869 3115 877 3128 ,
891 3095 935 3122 sed
945 3097 972 3121 S.
982 3093 1098 3121 Vi&oris
1112 3113 1120 3125 ‚

165 3127 211 3156 sed
232 3135 350 3158 veterum
367 3128 526 3159 editionum.
547 3130 617 3161 iniis
628 3131 699 3160 enini
712 3132 814 3161 61106115
827 3151 837 3167 ,
855 3131 930 3161 nulla
939 3130 1038 3167 uspiam
1047 3139 1123 3168 repe—

185 3177 193 3187 c
264 3186 267 3188 v
716 3180 719 3181 c

1167 2804 1236 2830 ritui·
1247 2806 1363 2841 negarim
1378 2805 1447 2840 quod
1459 2804 1517 2831 sane
1529 2804 1670 2831 fortuitum
1682 2804 1732 2831 esse
1743 2814 1793 2830 non
1804 2804 1898 2839 petest.
1910 2804 1952 2830 Tu
1963 2804 2120 2836 Pichena,tu

1153 2843 1325 2872 Conui-ena„
1337 2841 1472 2868 subvenite
1483 2841 1547 2868 milii
1559 2847 1662 2868 tantum
1674 2850 1725 2868 non
1738 2840 1867 2868 fatiscenti
1878 2839 1924 2872 sub
1933 2849 2025 2874 onere,
2036 2841 2064 2867 8<
2075 2846 2125 2883 tat-h

1164 2885 1223 2903 mcii
1231 2878 1362 2903 currenti.

1200 2922 1226 2947 5.
1246 2916 1273 2939 C.
1284 2913 1443 2946 Orchinium]
1456 2913 1512 2939 Pal.
1523 2919 1587 2939 tert.
1597 2921 1626 2938 :ic
1636 2918 1724 2948 quart.
1734 2914 1880 2938 Orchivium.
2119 2943 2123 2948 ,

1200 2950 1229 2976 6,
1247 2953 1275 2975 In
1285 2952 1367 2982 Fausto
1385 2957 1462 2975 tamen
1470 2951 1505 2975 illi
1515 2948 1775 2982 jndicesstatuerunt.]
1797 2949 1860 2974 Non
1871 2947 2035 2975 liabenturiii
2047 2947 2116 2976 Pau.

1163 2984 1207 3012 sex
1220 3004 1228 3017 ‚
1239 2994 1285 3012 aut
1295 2988 1321 3011 S.
1337 2984 1449 3011 'i'iffloi-is
1463 3004 1470 3017 ‚
1490 2986 1523 3010 illl
1532 2985 1638 3018 judices.
1658 2984 1686 3010 ὃ(
1706 2991 1829 3019 poterant
1846 2982 1903 3011 lane
1921 2983 2004 3011 abess'e
2021 2984 2119 3020 absque

1163 3020 1298 3049 sentennae
1307 3021 1413 3047 damno.

1198 3066 1226 3091 7.
1245 3058 1440 3091 tchudjciorum
1449 3056 1578 3090 remediis]
1590 3055 1648 3082 Pal.
1659 3054 1708 3081 sec.
1719 3064 1748 3081 erc
1751 3057 1801 3089 fine
1803 3056 1881 3089 judic.
1900 3054 1970 3091 quod
1982 3056 2010 3082 &³
2019 3055 2118 3092 recepit

1163 3093 1308 3121 Lambinus
1321 3102 1328 3123 3
1351 3091 1420 3118 forte
1431 3091 1501 3128 quod
1511 3090 1719 3128 deprehendisset
1737 3092 1800 3118 iterii
1812 3091 1844 3117 ad
1855 3101 1929 3118 oram
1939 3094 1966 3119 S.
1977 3091 2092 3121 Vi&oris
2103 3109 2121 3123 ’2

1164 3128 1562 3167 tanquamlestioueiualteiam
1573 3147 1583 3164 ,
1593 3135 1623 3158 ut
1632 3128 1753 3171 enotavit
1761 3127 1933 3164 Gulielmius.
1947 3162 1949 3164 ³
1997 3171 2010 3191 1
2033 3163 2102 3191 Comi

2013 3173 2023 3190 ‘v
2100 3175 2114 3186 ν
