2316 3395
232 155 320 188 100
634 137 704 186 M.
788 135 1145 184 Tun‘Lxx

161 227 205 269 43
225 224 258 256 ni
269 242 278 257 ‚
291 231 385 253 nemo
392 229 507 263 poterat
516 231 630 265 negare.
658 220 823 252 Accedebat
835 239 842 252 ,
856 228 887 248 ut
897 219 960 248 haec
970 226 1001 248 tu
1011 216 1184 247 adolescens

227 275 281 306 pro
290 275 351 306 rep.
362 266 445 305 queri
457 265 572 295 summa
582 274 653 293 cum
665 263 805 302 dignitate
817 259 1019 290 existimarerc
1031 270 1036 288 2
1060 268 1116 300 ego
1128 259 1184 288 ho-

229 317 283 341 mo
301 307 452 337 censorius
469 316 525 336 vix
546 307 610 336 satis
621 303 744 334 honeste
756 302 875 332 viderer
884 301 1059 332 seditiosum
1069 302 1183 332 civem,

229 349 265 379 δε
275 350 307 379 in
319 350 455 378 hominis
464 348 625 378 consularis
634 346 798 375 calamitate
807 344 971 377 crudelem,
987 341 1068 383 poss’e
1079 340 1184 372 defen-

227 390 307 420 dere.
339 393 428 420 Erant
437 391 545 429 optimi
557 390 636 418 cives
642 386 757 426 judices
769 405 776 419 ,
800 385 953 415 bonorum
970 388 1106 414 virorum
1121 382 1186 423 ple-

230 442 306 462 num
316 429 417 461 forum
429 450 437 464 ‚
457 433 508 459 vix
520 439 551 459 ut
564 430 641 458 milii
653 429 750 458 tenuis
761 426 896 468 quaedam
908 428 997 456 venia
1005 426 1121 456 daretur
1131 434 1185 455 cx-

227 474 388 503 cusationis
399 492 407 505 ‚
419 471 500 512 quod
511 479 611 500 tamen
621 480 692 500 eum
702 468 895 499 defenderem
907 490 915 501 ,
931 472 941 487 ¹
953 470 1003 509 qui
1014 468 1092 497 mihi
1102 476 1182 507 quae-

229 514 290 544 stoi·
307 512 414 543 fuiss'et.
447 511 505 542 Hic
525 521 580 554 ego
598 511 671 552 quid
686 511 784 541 dicam
795 520 843 540 me
855 520 948 541 artem
957 510 1088 550 aliquam
1099 508 1184 539 adhi-

226 555 345 586 buiss'e?
363 554 435 595 quid
445 552 569 583 fecerim
580 573 589 587 ,
602 553 736 583 narrabo.
755 551 774 581 si
785 552 926 592 placuerit
935 572 943 585 ‚
955 561 1009 581 vos
1021 560 1120 580 meam
1131 549 1184 579 de-

227 596 395 627 fensionem
409 598 440 625 in
451 596 551 635 aliquo
561 597 630 625 artis
641 595 707 625 loco
719 603 879 633 reponetis.
903 596 1052 623 Omnium
1064 592 1184 622 seditio-

228 649 303 670 num
313 648 418 679 genera
428 657 436 671 ,
446 639 520 667 vitia
529 657 538 670 ‚
550 637 679 676 pericula
688 637 795 677 collegi
806 656 814 669 ‚
831 646 956 676 eamque
968 637 1134 664 orationem
1146 642 1185 662 ex

225 682 315 711 omni
326 681 396 718 reip
408 678 515 708 nostrae
527 688 697 718 temporum
707 679 844 708 varietate
857 673 1184 717 1·epctii·‘=„conclusique

225 722 265 750 iti
277 741 284 752 ,
300 730 331 750 ut
342 721 473 750 dicerem
485 740 494 754 ‚
515 719 565 750 etsi
575 730 683 750 omnes
693 717 828 749 molestae
838 717 1101 758 seniperfiu'iriones
1112 715 1185 747 frus-

227 763 292 792 sent
302 783 310 796 ,
333 762 420 799 just-is
432 772 531 792 tamen
541 760 627 791 fuisse
638 761 799 792 nonnullas
810 780 818 794 ‚
841 760 873 790 Sc
891 760 983 800 prop-I:
1001 756 1181 789 necessarias.

224 807 312 834 Tum
322 804 372 834 illa
383 825 392 836 ,
413 814 479 844 quae
498 802 592 834 inodo
613 801 727 833 Crass'us
746 802 1024 833 commemorabat,
1043 801 1089 840 egi
1102 811 1110 833 3
1131 809 1184 829 ne-

222 856 282 887 que
300 856 383 887 reges
400 855 439 875 ex
457 847 510 876 hac
527 846 646 875 civitate
656 846 736 885 exigi
748 864 756 878 ‚
778 854 874 884 neque
885 843 1022 873 tribunos
1032 842 1071 881 pl.
1083 842 1183 874 creari,

225 898 325 929 neque
335 887 498 928 plebiscitis
508 888 595 917 toties
605 887 792 916 consularem
803 885 977 925 potestatem
989 885 1088 914 minui
1099 903 1106 916 ,
1130 892 1184 911 ne-

222 939 280 972 que
296 929 521 971 provocationem
531 949 539 962 ‚
559 937 712 968 patronam
722 928 806 957 illam
817 929 946 957 civitatis
957 947 966 959 ‚
986 936 1018 955 ac
1027 925 1183 955 vindicem

223 971 367 1001 libertatis
377 991 386 1005 ,
406 971 519 1010 populo
529 973 622 1000 Rom.
635 969 696 999 dari
707 967 766 999 fine
777 969 931 998 nobilium
940 965 1120 997 dissensione
1129 975 1184 1005 po-

227 1010 312 1043 tuisse
327 1023 333 1042 :
352 1023 394 1045 ac,
408 1011 427 1041 si
438 1013 499 1042 illae
509 1012 668 1042 seditiones
678 1011 760 1041 ialuri
773 1011 842 1040 huic
851 1011 963 1040 civitati
974 1007 1110 1040 fuissent,
1119 1017 1183 1037 non

224 1053 375 1085 continuo
387 1074 395 1088 ,
417 1052 437 1083 fi
447 1056 514 1095 quis
525 1062 625 1083 motus
634 1053 737 1093 populi
749 1050 843 1082 faetus
854 1050 924 1082 esset
934 1071 942 1084 ,
966 1051 996 1081 id
1015 1053 1048 1080 C.
1061 1048 1182 1079 Norba-

223 1105 270 1126 no
281 1116 290 1129 ,
312 1099 326 1115 ²
336 1098 369 1125 in
389 1095 502 1125 nefario
520 1096 649 1124 crimine
659 1114 667 1128 ,
689 1104 773 1134 atquc
784 1096 814 1124 in
826 1092 927 1123 fraude
936 1091 1051 1132 capitali
1060 1089 1118 1121 effe
1128 1100 1183 1130 po-

225 1136 373 1168 nendum.
402 1135 493 1178 Qod
504 1135 524 1165 si
536 1145 679 1177 umquam
689 1135 802 1176 populo
813 1137 904 1165 Rom.
918 1131 1091 1164 concessum
1101 1131 1182 1164 effer,

225 1188 258 1209 ut
273 1179 340 1218 jure
360 1186 514 1208 concitatus
532 1177 701 1211 videretur,
723 1177 750 1207 id
773 1176 853 1217 quod
874 1175 1019 1206 docebam
1039 1175 1113 1214 saepe
1124 1172 1181 1203 esse

223 1219 398 1253 concefl'um
411 1240 421 1254 ,
439 1220 557 1250 nullam
566 1219 617 1249 illa
625 1218 905 1258 cauffimjustiorem
916 1215 1012 1247 fuisse.
1042 1219 1128 1247 Tum
1150 1225 1185 1244 o—

225 1272 333 1292 mnem
353 1264 522 1292 orationem
542 1260 658 1291 traduxi
672 1281 680 1293 ,
709 1260 742 1290 δε
763 1261 900 1290 converri
920 1261 952 1288 in
972 1256 1183 1298 increpandam

225 1305 376 1344 Caepiom's
386 1302 486 1345 fugam
498 1323 506 1337 ‚
528 1305 561 1333 in
572 1302 789 1342 deplorandum
802 1304 957 1331 interitum
967 1309 1122 1330 exercitus.
1148 1297 1184 1328 sic

225 1345 261 1376 δε
271 1356 379 1376 eorum
390 1345 539 1378 dolorem,
552 1346 604 1385 qui
614 1344 754 1385 lugebant
761 1344 839 1375 suos,
852 1344 985 1373 oratione
996 1341 1181 1372 refricabam,

226 1387 392 1418 &animos
400 1389 537 1427 equitum
548 1388 759 1417 Romanorum
772 1405 780 1417 ‚
801 1384 878 1424 apud
898 1394 972 1425 quos
990 1393 1054 1413 tum
1068 1382 1185 1422 judices

224 1429 310 1460 causa
320 1429 466 1469 agebatur,
478 1429 513 1458 ad
524 1430 722 1468 QCaepionis
733 1427 851 1459 odium,
863 1426 878 1456 a
888 1436 950 1466 quo
959 1433 1041 1455 erant
1051 1422 1105 1464 ipsi
1114 1433 1183 1463 pro-

222 1480 288 1511 pter
301 1470 417 1510 judicia
433 1469 608 1503 abalienati,
633 1473 645 1497 3
657 1469 837 1500 renovabam
848 1488 856 1502 ‚
886 1476 971 1508 atque
997 1466 1182 1496 revocabam.

158 1515 205 1550 49
228 1512 319 1554 Qod
338 1512 391 1542 ubi
408 1510 482 1542 lensi
501 1513 618 1541 meoein
629 1508 942 1551 poffeffionejud'icii,
960 1518 992 1538 ac
1002 1505 1183 1537 defensionis

225 1564 302 1586 meae
322 1552 486 1584 constitiss'e
497 1573 505 1587 ‚
523 1551 605 1594 quod
618 1553 650 1583 δι
659 1552 763 1593 populi
773 1551 1013 1581 benivolentiam
1024 1549 1100 1579 mihi
1109 1559 1184 1579 con-

224 1596 358 1627 ciliaram
368 1615 377 1629 ,
407 1596 492 1635 cujus
499 1595 549 1634 jus
559 1596 649 1625 etiam
659 1604 730 1624 cum
740 1593 895 1624 seditionis
905 1592 974 1630 conj
979 1590 1122 1621 unctione
1132 1590 1183 1619 de-

221 1637 378 1668 fenderam
389 1657 398 1670 ,
420 1637 454 1667 δε
466 1636 608 1676 judicum
626 1638 747 1666 animos
758 1644 837 1665 tutos
848 1634 1068 1664 velcalami'tate
1079 1633 1183 1662 civita-

223 1681 273 1713 tis,
284 1679 333 1709 vel
342 1678 438 1712 luftu,
457 1687 490 1708 ac
500 1677 645 1708 desiderio
655 1679 910 1717 propinquorum,
920 1675 968 1705 vel
979 1675 1051 1704 odio
1062 1675 1182 1714 proprio

222 1722 256 1750 in
277 1723 452 1761 Caepionem
470 1719 505 1750 ad
524 1720 640 1750 causam
661 1718 794 1749 nostram
806 1726 1009 1748 converteram
1022 1727 1027 1745 :
1050 1725 1121 1746 tunc
1132 1715 1183 1745 ad-

224 1763 347 1792 miscere
357 1763 428 1792 huic
436 1763 538 1802 generi
548 1763 690 1791 orationis
700 1761 873 1791 vehementi
885 1780 893 1792 ‚
916 1768 1000 1799 atque
1020 1759 1111 1788 atroci
1130 1767 1182 1797 ge-

223 1814 280 1834 nus
289 1804 366 1834 illud
375 1804 500 1834 alterum
511 1823 519 1837 ,
531 1803 566 1833 de
576 1813 638 1844 quo
649 1802 716 1833 ante
727 1802 872 1842 disputavi
883 1821 891 1835 ‚
912 1801 1039 1830 lenitatis
1051 1799 1083 1829 &
1096 1809 1181 1828 mari-

226 1845 390 1876 ‚sut—tudinis
410 1847 507 1885 coepis.
527 1855 577 1875 me
587 1855 640 1884 pro
651 1854 721 1874 meo
731 1844 841 1876 sodali,
860 1844 912 1884 qui
924 1842 1001 1872 mihi
1012 1844 1043 1871 in
1061 1839 1180 1869 liberam

225 1889 291 1918 loco
301 1897 387 1917 more
398 1889 548 1927 majorum
561 1886 617 1916 ell'e
628 1886 767 1919 deberet,
792 1885 825 1915 &
843 1895 897 1924 pro
918 1893 984 1914 mea
1002 1885 1088 1913 omni
1102 1881 1180 1911 fama

221 1929 317 1969 prope
328 1948 336 1962 ‚
354 1928 541 1969 fortunisque
559 1928 715 1958 decernere
726 1940 734 1961 3
760 1926 838 1957 nihil
848 1927 925 1956 mihi
934 1925 969 1956 ad
981 1924 1179 1954 existimatio-

222 1981 295 2000 nem
315 1973 429 2010 turpius
439 1990 446 2003 ‚
476 1969 555 2000 nihil
575 1970 610 1999 ad
629 1968 768 1999 dolorem
785 1967 917 1998 acerbius
935 1966 1065 1997 accidere
1083 1963 1177 2005 posse,

222 2014 315 2052 quiim
327 2011 347 2041 si
357 2015 382 2042 is
392 2032 400 2045 ,
421 2014 472 2052 qui
483 2012 555 2051 saepe
567 2009 753 2041 alieniffimis
763 2010 778 2040 a
789 2020 837 2039 me
849 2030 857 2043 ,
879 2008 928 2041 fied
941 2010 1017 2038 meis
1025 2017 1127 2038 tamen
1137 2008 1180 2036 ci-

224 2055 312 2084 vibus
323 2074 332 2087 ‚
345 2054 430 2084 saluti
441 2053 630 2083 existimarer
637 2051 724 2082 fuiss'e
735 2072 743 2086 ‚
760 2051 852 2083 sodali
864 2061 934 2081 meo
944 2050 1094 2081 auxilium
1103 2047 1179 2079 ferre

226 2105 291 2125 non
300 2093 470 2136 potuissem.
496 2095 636 2125 Petebam
655 2094 671 2124 a
685 2094 837 2134 judicibus
850 2114 858 2127 ,
877 2102 910 2123 ut
919 2092 994 2123 illud
1004 2093 1082 2122 aetati
1090 2101 1176 2124 meae,

223 2147 258 2167 iit
267 2137 445 2169 honoribus,
457 2145 489 2166 ut
499 2136 585 2166 rebus
595 2134 682 2176 gestis
694 2155 702 2169 ‚
716 2133 823 2174 sijusto
834 2155 842 2167 ‚
854 2134 874 2164 sl
884 2137 936 2174 pio
946 2134 1051 2163 dolore
1061 2143 1111 2163 me
1122 2131 1179 2162 esse

224 2177 368 2208 affeftum
378 2177 515 2207 viderent
525 2198 532 2210 ,
545 2177 744 2207 concederent
755 2188 759 2204 :
770 2177 930 2216 pracsertim
942 2174 961 2204 si
971 2177 1004 2204 in
1014 2175 1080 2205 aliis
1089 2172 1178 2204 causis

226 2218 440 2250 intellexissent
450 2239 460 2252 ,
474 2221 578 2249 omnia
597 2229 645 2248 me
657 2219 834 2258 semperpro
851 2218 1018 2247 amicorum
1028 2215 1179 2255 periculis,

225 2261 304 2291 nihil
320 2271 455 2302 unquam
471 2271 526 2301 pro
546 2261 660 2300 meipso
680 2260 880 2300 deprecatum.
903 2259 951 2288 Sic
969 2260 1001 2287 in
1022 2257 1073 2286 illa
1092 2257 1180 2285 omni

224 2301 398 2334 defensione
415 2311 502 2343 atque
513 2303 595 2332 causa
605 2322 614 2335 ‚
634 2301 715 2342 quod
727 2299 783 2331 effe
804 2302 836 2330 in
846 2309 904 2330 arte
922 2297 1051 2339 positum
1060 2297 1181 2328 videba-

229 2354 277 2375 tur
287 2365 295 2378 ,
307 2354 339 2374 ut
349 2345 384 2374 de
396 2340 458 2384 Iege
469 2345 593 2384 Apuleia
604 2344 734 2373 dicerem
744 2362 752 2375 ,
765 2351 797 2372 ut
808 2362 816 2374 ‚
828 2341 900 2382 quid
911 2339 1110 2370 essetmi'nuere
1119 2348 1182 2367 ma-

216 2385 346 2425 jestaetcm
358 2407 365 2419 ‚
386 2386 568 2426 explicarem
581 2405 588 2418 ,
605 2384 749 2425 perquam
761 2385 888 2413 breviter
897 2381 1054 2422 perstrinxi
1065 2401 1074 2415 ,
1095 2389 1181 2420 atque

224 2430 317 2469 attigi.
338 2432 352 2455 ἰ’
371 2430 428 2457 His
439 2427 552 2458 duabus
561 2426 692 2466 partibus
702 2427 846 2456 orationis
857 2445 864 2458 ,
876 2433 1000 2465 quarum
1011 2423 1098 2453 altera
1108 2431 1182 2452 con-

224 2471 401 2500 citationem
413 2469 501 2499 habet
512 2488 520 2502 ,
539 2469 626 2498 altera
635 2467 934 2498 commendationem
945 2485 954 2499 ‚
973 2475 1039 2505 quae
1050 2462 1180 2493 minimi‘.=

224 2513 378 2551 prm-‘septis
396 2521 506 2540 artium
518 2511 586 2540 sunt
595 2509 749 2549 perpolita:
760 2529 767 2542 ,
789 2510 891 2538 omnis
904 2506 968 2538 csta
979 2506 1090 2535 moilla
1100 2505 1182 2535 causa

225 2552 343 2582 metata
355 2573 362 2586 2
375 2562 406 2582 ut
416 2553 449 2582 δε
459 2553 619 2582 acerrimus
631 2554 663 2580 in
675 2552 823 2590 Caepionis
832 2549 946 2580 invidia
955 2546 1135 2579 renovanda,
1149 2546 1181 2576 δε

224 2595 257 2623 1η
277 2596 353 2623 meis
375 2593 510 2625 moribus
530 2603 594 2633 erga
607 2603 691 2622 meos
705 2590 883 2622 necessarios
895 2588 1076 2620 declarandis
1095 2598 1181 2617 man-

229 2633 406 2667 suetiisimus
416 2635 587 2664 viderer-Ita
596 2636 689 2675 magis
700 2631 812 2664 :iffcs‘tis
819 2631 1180 2671 animisjudicum‚quiirn

162 2681 205 2712 50
228 2676 325 2707 doC'tic
338 2688 345 2710 3
358 2686 405 2706 tiri
416 2697 424 2708 ‚
437 2677 545 2714 Sulpici
560 2696 567 2709 ,
582 2688 588 2704 t
600 2675 622 2706 st
632 2688 647 2705 ti
659 2676 748 2705 nobis
758 2685 822 2705 turn
835 2674 980 2704 accusatio
991 2672 1076 2702 viCta.
1123 2671 1182 2700 Hic

226 2719 375 2759 Sulpicius
385 2737 394 2752 ,
405 2718 482 2748 Veri.-
494 2718 614 2748 hercule
623 2737 633 2751 ,
647 2719 745 2758 inquit
753 2737 766 2750 -,
783 2718 899 2747 Antoni
911 2735 919 2750 >
931 2714 982 2746 ista
991 2722 1183 2745 commemo-

268 2844 288 2860 ι.
309 2836 420 2868 mrim-hi
429 2835 631 2867 ‹3‘r4‘21›rffii7i⁴t.]
644 2835 705 2860 Duo
719 2834 786 2860 Pall.
797 2835 824 2860 8<
837 2833 949 2861 totidem
960 2833 1090 2860 Gallicani
1104 2852 1113 2866 ‚
1123 2834 1185 2865 [rga-

228 2878 267 2895 :m
277 2872 403 2896 exhibent
417 2890 424 2902 ‚
436 2880 486 2896 uon
497 2873 590 2904 quidm·
602 2882 606 2885 ·
625 2870 694 2906 quod
707 2878 794 2897 tamen
806 2870 952 2897 constanter
966 2870 991 2895 in
1005 2869 1097 2895 ceteris
1110 2860 1191 2894 pah-i

226 2906 290 2931 alnis
302 2916 308 2932 :
330 2906 396 2932 adeo
407 2914 435 2932 ut
447 2914 533 2941 pateat
545 2915 595 2931 nori
607 2907 684 2932 unius
695 2907 743 2932 esse
762 2905 844 2933 lazculi
865 2906 959 2933 horum
978 2906 1140 2940 illorumque
1151 2904 1185 2931 li-

229 2943 337 2968 brorum
347 2943 493 2968 diuortium
504 2941 681 2967 concordi-im.

263 2985 291 3003 2.
312 2981 340 3003 ln
349 2979 438 3010 najiiria
448 2978 568 3010 crimine]
590 2979 614 3002 's
615 2985 688 3003 onim
702 2976 767 3003 istud
777 2978 844 3005 abest
856 2978 912 3004 Pal.
924 2977 973 3004 sec.
983 2985 1009 3004 :it
1020 2977 1119 3014 primus
1130 2975 1185 3007 cius

229 3011 288 3039 loco
300 3013 375 3040 babet
387 3033 395 3044 ,
405 3024 430 3038 m
436 3016 538 3045 per-,³3:1¹0
549 3033 557 3044 ‚
568 3013 702 3048 quomodo
712 3015 739 3038 C(
752 3015 862 3040 Mcmm.
876 3014 987 3040 membr.

238 3083 246 3088 ᾖ
267 3057 294 3083 3.
314 3051 464 3075 Rcmmbam
475 3056 544 3083 atquc
556 3050 718 3083 revocabam]
731 3049 799 3075 Illud
814 3069 820 3080 ,
832 3058 901 3083 atqua:
912 3051 1050 3081 revocabam
1062 3068 1070 3081 ,
1081 3058 1133 3075 nnn
1145 3048 1185 3074 vi-

230 3085 514 3121 5=:.1rini‘alat.prim.
527 3085 649 3111 seete-rt.
669 3093 713 3112 :uit
725 3086 837 3111 Momm.
857 3085 969 3112 membr.
989 3094 1075 3121 neque
1085 3084 1186 3112 defide-

232 3127 315 3146 intur.

266 3163 294 3189 4.
312 3157 480 3192 Inpriffiffisnc,
490 3156 559 3192 ὀμ]
571 3155 627 3184 Pal.
640 3155 688 3184 sec.
699 3157 764 3184 item
774 3156 1009 3192 Pith.poffiffionem.

1224 132 1754 179 thaRoN1s

1226 224 1270 245 ras
1281 225 1289 249 2
1302 223 1373 245 nam
1384 223 1439 255 ego
1447 213 1525 244 nihil
1536 222 1681 254 umquam
1691 212 1767 246 vidi,
1778 211 1860 260 quod
1871 220 1931 242 tam
1943 210 1958 242 ὲ
1972 209 2178 244 manibusela—

1248 265 1343 287 eretur
1354 276 1363 290 ‚
1381 256 1473 297 quam
1493 256 1570 285 mihi
1580 263 1645 284 tum
1665 254 1707 284 est
1716 256 1809 294 elapsa
1828 255 1879 284 illa
1886 255 1979 284 causa.
2003 256 2081 284 Cum
2091 257 2180 285 enimv

1225 297 1501 339 (quemadmodum
1512 296 1635 336 dixisti)
1647 297 1701 326 tibi
1712 306 1766 337 ego
1777 306 1841 326 non
1852 296 2013 333 judicium,
2027 296 2074 325 sed
2086 297 2178 325 incen-

1223 340 1304 369 dium
1311 338 1493 370 tradidiss'em
1505 357 1514 372 ‚
1525 338 1610 379 quod
1618 348 1705 368 tuum
1715 339 1898 378 principium
1908 358 1916 370 ,
1928 337 1971 366 dii
1980 339 2179 371 immortales,

1223 382 1281 412 fuit
1292 383 1363 422 ?qui
1374 383 1486 411 timor?
1502 389 1568 420 quae
1579 379 1725 409 dubitatio
1737 382 1746 408 ?
1761 389 1870 419 quanta
1880 377 2021 408 haesitatio
2034 399 2042 412 ‚
2055 378 2191 409 tritius-1

1224 433 1282 463 que
1292 423 1454 453 verborum
1476 425 1485 451 ?
1508 424 1551 451 Ut
1564 421 1640 450 illud
1651 420 1759 454 initio,
1779 420 1859 461 quod
1871 421 1925 450 tibi
1938 430 2034 450 unum
2043 420 2077 450 ad
2089 423 2178 461 igno-

1224 464 1368 495 scendum
1379 465 1522 494 homines
1532 462 1659 496 dabant,
1675 461 1815 495 tenuist13
1832 471 1860 491 te
1878 460 1893 480 ⁶
1912 471 1965 501 pro
1976 462 2103 491 homine
2112 472 2189 502 per··‹

1223 503 1559 546 neceffari0‚quaestore
1569 513 1635 535 tuo,
1660 503 1774 533 dicere:
1795 512 1885 543 quam
1898 503 1952 531 tibi
1963 502 2179 542 primum-mu-

1225 546 1295 578 nisti
1314 546 1349 577 ad
1368 555 1396 576 te
1414 544 1597 576 audiendum
1616 547 1697 574 viam
1717 548 1727 574 ‚²
1746 547 1821 574 Ecce
1840 553 1939 574 autem
1954 565 1962 576 ‚
1982 543 2052 574 cum
2063 545 2180 576 tenihil

1224 588 1306 620 aliud
1315 586 1470 629 profeciss'e
1479 587 1630 617 arbitrarer
1640 606 1648 619 ,
1668 584 1722 615 nisi
1733 595 1766 615 ut
1775 587 1914 615 homines
1925 585 1997 618 tibi,
2009 589 2108 615 civem
2119 588 2191 616 imi--

1225 630 1353 670 probum
1364 628 1538 660 defendenti
1548 649 1556 661 ,
1568 627 1783 669 ignoscendum
1790 634 1900 668 propter
1908 627 2126 665 nectffitudinem
2135 638 2180 658 ar-

1225 674 1401 703 bitrarentur
1412 691 1420 705 ,
1440 671 1552 710 serpere
1562 668 1677 699 occulte
1687 667 1803 708 coepisti
1815 688 1824 701 ,
1845 668 1998 698 nihildum
2009 670 2075 699 aliis
2086 670 2181 709 suspi-

1224 714 1360 744 cantibus
1372 733 1380 746 ‚
1403 723 1452 742 me
1462 710 1533 742 vero
1551 712 1609 749 jam
1621 711 1845 750 pertimescente
1857 730 1865 743 ‚
1885 710 2012 740 utillum
2022 721 2086 740 non
2097 714 2128 741 N
2131 721 2182 741 or·-

1226 756 1297 786 bani
1310 754 1501 787 seditionem,
1514 753 1562 784 sed
1575 753 1657 782 illam
1668 752 1773 791 populi
1782 753 1917 781 Romani
1928 752 2181 786 iracundiamme-

1225 807 1283 838 que
1293 806 1358 827 eam
1370 795 1511 835 injustam
1522 815 1532 828 ,
1550 794 1598 824 sed
1610 796 1748 823 meritam
1759 803 1792 823 ac
1801 793 1933 822 debitam
1942 792 2029 823 fuiss'e
2038 793 2182 824 desende-

1225 848 1280 869 res.
1304 837 1412 868 deinde
1422 839 1475 877 qui
1486 837 1568 866 locus
1577 835 1626 865 abs
1638 844 1665 865 te
1675 833 1885 875 praetermiss'us
1895 834 1937 864 est
1948 836 2180 875 incantaionem?

1226 889 1257 910 ut
1268 889 1298 910 tu
1311 880 1360 909 illa
1369 881 1474 908 omnia
1483 877 1555 908 odio
1566 898 1574 910 ,
1585 877 1701 907 invidia
1710 896 1720 910 ,
1731 876 1933 906 misericordia
1942 876 2106 907 miscuisti?
2115 880 2181 907 Ne.-

1225 931 1282 963 que
1294 922 1356 951 haec
1367 919 1468 951 solum
1488 921 1521 949 in
1530 917 1702 949 defensione
1712 938 1720 951 ‚
1742 917 1790 948 sed
1801 920 1892 948 etiarn
1912 921 1943 948 in
1953 921 2061 949 Scauro
2073 938 2081 952 ,
2101 927 2180 949 cete-

1225 964 1321 1004 risque
1337 964 1412 992 meis
1423 961 1545 992 testibus
1557 981 1565 994 ,
1584 970 1715 1001 quorum
1736 959 1907 990 testimonia
1917 969 1980 989 non
2000 960 2178 995 refellendo,

1227 1005 1275 1035 sed
1295 1004 1330 1035 ad
1348 1003 1480 1034 eundem
1498 1005 1649 1042 impetum
1666 1001 1772 1041 populi
1789 1001 1994 1042 confugiendo
2010 1021 2018 1035 ‚
2039 1001 2180 1032 refutasti.

1228 1049 1303 1088 Qae
1311 1045 1382 1076 cum
1392 1045 1441 1076 abs
1457 1054 1485 1075 te
1495 1042 1591 1074 modo
1601 1053 1912 1073 commemorarentur
1922 1063 1930 1077 ‚
1947 1043 2088 1084 equidem
2100 1045 2181 1074 nulia

1224 1097 1365 1128 praecepta
1373 1084 1686 1117 desiderabamJistam
1696 1087 1780 1115 enim
1790 1085 1883 1124 ipsam
1893 1085 2182 1116 demonstrationem

1226 1128 1438 1160 defensionum
1449 1137 1567 1159 tuarum
1577 1127 1627 1157 abs
1646 1127 1747 1166 teipso
1757 1136 2028 1156 commemoratam
2038 1147 2046 1160 ,
2068 1127 2184 1158 destri-

1227 1182 1299 1202 nam
1309 1169 1365 1201 ess'e
1376 1181 1440 1200 non
1451 1169 1636 1199 mediocrem
1645 1178 1727 1208 puto.
1750 1170 1841 1208 Atqui
1852 1187 1861 1201 ,
1879 1166 1900 1196 fi
1911 1170 1949 1197 ita
1957 1168 2051 1207 placet
2061 1189 2072 1202 ‚
2082 1170 2182 1209 inquit

1228 1214 1392 1245 Antonius,
1403 1211 1553 1242 trademus
1564 1212 1664 1242 etiam,
1675 1219 1739 1249 quae
1749 1219 1804 1238 nos
1814 1210 1895 1249 sequi
1906 1211 1938 1238 in
1949 1209 2087 1243 dicendo,
2099 1221 2181 1251 quae-

1227 1265 1284 1296 que
1295 1253 1430 1284 maxime
1440 1252 1566 1292 spthare
1576 1251 1719 1282 solemus.
1741 1251 1837 1280 docuit
1851 1252 1942 1280 enim
1951 1252 2082 1290 jamnos
2091 1253 2180 1294 longa

1227 1298 1287 1326 vita
1296 1316 1306 1330 ‚
1329 1296 1454 1336 ususque
1464 1304 1565 1324 rerum
1576 1295 1796 1326 maximarum,
1816 1301 1849 1322 ut
1865 1292 1976 1332 quibus
1985 1293 2073 1323 rebus
2082 1296 2179 1324 animi

1228 1339 1392 1368 hominum
1403 1343 1788 1369 moverentui·,teneremu5·
1801 1333 1953 1375 Equidem
1959 1334 2180 1374 primumcon-
2197 1341 2214 1372 5
2224 1341 2238 1367 1

1228 1379 1349 1410 siderare
1358 1379 1440 1409 soleo
1450 1398 1457 1412 ‚
1468 1377 1637 1418 postuletne
1647 1376 1728 1406 causa
1737 1395 1746 1410 ‚
1758 1385 1829 1406 nam
1840 1386 1936 1417 neque
1944 1379 2042 1416 parvis
2052 1379 2084 1407 in
2092 1377 2180 1408 rebus

1227 1420 1402 1451 adhibendae
1413 1420 1480 1451 sunt
1490 1420 1534 1449 ha:
1545 1418 1651 1447 dicendi
1657 1418 1737 1457 faces
1748 1438 1756 1450 ,
1776 1427 1872 1458 neque
1880 1421 1921 1448 ita
1927 1420 2066 1449 animatis
2075 1419 2180 1449 homi—

1228 1463 1318 1493 nibus
1331 1483 1338 1495 .
1358 1471 1392 1492 ut
1402 1462 1479 1491 nihil
1488 1461 1522 1491 ad
1534 1470 1639 1490 eorum
1657 1461 1785 1489 menteis
1796 1461 1930 1489 oratione
1941 1458 2101 1491 fleaendas
2109 1471 2181 1501 pro-

1227 1503 1311 1535 ficere
1320 1502 1465 1544 poffimus
1475 1523 1484 1536 ,
1505 1512 1542 1532 ne
1550 1511 1598 1532 aut
1608 1499 1740 1530 irrisione
1756 1521 1765 1534 ,
1784 1509 1834 1531 aut
1851 1501 1925 1531 odio
1933 1501 2017 1543 digni
2025 1512 2179 1542 putemur,

1226 1545 1260 1576 sit
1277 1556 1326 1576 aut
1344 1545 1498 1587 tragoedias
1513 1552 1631 1585 agamus
1651 1544 1684 1572 in
1701 1544 1788 1584 nugis
1800 1563 1809 1575 ‚
1828 1551 1877 1572 aut
1887 1544 2055 1574 convellere
2063 1545 2180 1576 adoria-

1228 1598 1295 1618 mur
1304 1597 1336 1617 ea
1346 1607 1355 1621 ,
1373 1597 1438 1628 qua:
1449 1595 1513 1616 non
1524 1583 1632 1625 poffint
1642 1585 1843 1614 commoveri.
1866 1586 1949 1615 Nam
1958 1587 2103 1626 quoniam
2115 1588 2179 1617 haec

1225 1629 1286 1660 fere
1299 1628 1433 1659 maxime
1443 1628 1552 1658 suntin
1560 1626 1699 1666 judicum
1707 1627 1818 1656 animis
1829 1646 1841 1659 .
1860 1635 1910 1656 aut
1920 1647 1928 1660 ,
1940 1629 2122 1668 quicumque
2132 1629 2179 1659 illi

1226 1680 1323 1704 erunt,
1334 1670 1411 1710 apud
1421 1679 1494 1710 quos
1505 1669 1774 1711 agemus‚oratione
1783 1668 1950 1702 molienda,
1959 1670 2177 1704 arnor-‚odium
2204 1667 2206 1669 ’

1225 1712 1375 1743 iracundia
1384 1732 1393 1746 ,
1413 1711 1528 1741 invidia
1544 1730 1553 1744 ,
1575 1710 1779 1740 misericordia
1788 1729 1797 1743 ,
1817 1710 1880 1749 spes
1899 1730 1908 1744 ,
1929 1710 2049 1745 laetitia,
2071 1713 2175 1745 timor,

1225 1753 1363 1785 molestia
1375 1764 1380 1783 t
1392 1754 1535 1783 sentimus
1545 1761 1666 1781 amorem
1675 1751 1830 1782 conciliari
1839 1771 1855 1785 ,v
1869 1749 1890 1781 sl
1899 1752 1929 1782 id
1941 1752 2056 1783 videare
2066 1773 2074 1787 ‚
2094 1753 2177 1794 quod

1225 1796 1258 1826 sit
1269 1796 1341 1826 utile
1352 1794 1418 1836 ipsis
1429 1815 1437 1829 ,
1455 1794 1530 1834 apud
1541 1803 1616 1834 quos
1626 1803 1690 1834 agas
1701 1813 1709 1827 ,
1730 1792 1890 1824 defendere
1911 1805 1916 1823 τ
1933 1792 2014 1825 fiaut
2021 1805 2075 1834 pro
2086 1795 2177 1825 bonis

1224 1840 1295 1868 viris
1307 1858 1315 1871 ‚
1327 1847 1374 1867 aut
1384 1836 1462 1867 certe
1473 1846 1526 1876 pro
1537 1838 1572 1865 iis
1584 1856 1592 1869 ‚
1603 1837 1655 1876 qui
1665 1835 1726 1865 illis
1736 1835 1810 1865 boni
1822 1855 1838 1868 ‚.
1851 1843 1936 1876 atque
1947 1837 2035 1866 utiles
2044 1835 2101 1867 sint
2112 1857 2124 1870 ‚
2134 1837 2176 1868 la-

1225 1880 1336 1910 borare.
1360 1888 1489 1918 namque
1499 1879 1562 1907 haec
1573 1887 1617 1907 res
1627 1887 1763 1907 amorem
1773 1878 1866 1916 magis
1876 1878 2017 1908 conciliat
2025 1898 2033 1911 ,
2054 1878 2105 1908 illa
2114 1881 2174 1909 vir-

1223 1923 1294 1952 tutis
1303 1919 1435 1951 defensio
1446 1921 1594 1950 caritatem
1606 1929 1611 1946 ε
1621 1919 1746 1959 plusque
1755 1917 1884 1959 proficit,
1895 1918 1916 1948 fi
1924 1922 2103 1959 proponitur
2111 1920 2177 1960 spes

1222 1963 1358 1993 utilitatis
1367 1962 1492 2001 futur-z,
1511 1961 1602 2002 quam
1614 1961 1748 2002 preteriti
1758 1959 1897 1991 beneficii
1907 1964 2174 1992 commemoratio.

1223 2004 1409 2036 Enitendum
1419 2003 1462 2034 est
1471 2023 1480 2037 ‚
1500 2012 1533 2033 ut
1541 2001 1677 2033 ostendas
1687 2023 1695 2036 ‚
1707 2004 1740 2032 in
1751 2013 1782 2033 ea
1792 2013 1821 2033 re
1832 2024 1840 2037 ‚
1851 2012 1943 2043 quam
1953 2002 2094 2034 defendas
2106 2024 2114 2037 ‚
2126 2013 2176 2034 aut

1222 2047 1397 2088 dignitatem
1407 2043 1499 2076 iness'e
1508 2065 1516 2078 ‚
1537 2055 1585 2075 aut
1594 2044 1756 2075 utilitatem
1775 2055 1781 2074 :
1802 2054 1934 2084 cumque
1943 2064 1952 2076 ‚
1973 2047 2020 2075 cui
2031 2046 2175 2075 concilies

1222 2090 1302 2119 hunc
1311 2098 1447 2120 amorem
1456 2108 1465 2121 ,
1479 2086 1623 2128 significes
1633 2087 1712 2116 nihil
1720 2086 1756 2116 ad
1768 2087 1926 2116 utilitatem
1939 2087 1958 2115 s
1954 2096 2020 2116 uam
2032 2085 2174 2120 retulisse,

1222 2142 1253 2161 ac
1263 2131 1341 2160 nihil
1359 2131 1490 2160 omnino
1499 2127 1598 2158 fecisse
1611 2128 1693 2157 causa
1702 2128 1759 2157 sua.
1782 2130 1975 2157 bivium-un
1993 2130 2082 2158 enim
2089 2138 2176 2158 com-

1223 2172 1323 2202 modis
1340 2172 1505 2200 hominum
1523 2170 1656 2209 ipsorum
1677 2179 1684 2202 3
1708 2168 1812 2198 studiis
1826 2179 1926 2199 autem
1943 2179 2053 2200 eorum.
2070 2171 2176 2200 ceteris

1222 2211 1439 2243 commodandi
1456 2210 1581 2240 favetur.
1621 2209 1855 2252 Videndumque
1872 2212 1931 2241 hoc
1947 2211 2015 2241 loco
2033 2210 2076 2242 est
2095 2232 2103 2245 ,
2126 2221 2175 2245 ne,

1222 2264 1299 2295 quos
1318 2254 1357 2283 ob
1372 2252 1526 2283 benefafta
1543 2252 1628 2292 diligi
1638 2251 1796 2286 volemus,
1817 2253 2052 2284 eorumlaudem
2063 2273 2072 2286 ,
2091 2262 2176 2294 atque

1223 2296 1349 2336 gloriam
1361 2314 1369 2327 ‚
1391 2296 1438 2324 cui
1451 2293 1585 2323 maxime
1597 2292 1726 2322 invideri
1738 2294 1811 2324 solet
1821 2314 1828 2327 ,
1850 2296 1943 2324 nimis
1962 2293 2064 2325 efferre
2075 2295 2176 2325 videa-

1226 2346 1302 2367 mur.
1326 2339 1423 2376 Atque
1445 2335 1549 2366 iisdem
1561 2336 1606 2364 his
1626 2335 1750 2364 exiocis
1769 2336 1801 2364 &
1815 2336 1922 2366 odium
1934 2338 1966 2366 in
1984 2337 2058 2366 alios
2068 2336 2192 2367 struere.

1225 2379 1372 2409 discemus
1382 2398 1390 2411 ,
1403 2377 1435 2406 δε
1445 2376 1460 2407 {i
1471 2377 1569 2410 nobis,
1581 2387 1611 2406 ac
1622 2375 1741 2408 nostris,
1753 2376 1914 2407 demovere
1927 2388 1932 2407 :
1944 2378 2105 2419 eademque
2115 2379 2178 2409 haec

1226 2429 1332 2462 genera
1342 2418 1488 2449 [iaetantia
1500 2419 1566 2461 sunt
1576 2421 1607 2447 in
1618 2418 1763 2446 iracundia
1772 2419 1820 2449 vel
1830 2419 1985 2450 excitanda
1994 2440 2002 2454 ‚
2014 2422 2062 2450 vel
2073 2420 2178 2450 sedan-

1228 2462 1272 2492 da.
1295 2471 1366 2491 nam
1378 2459 1396 2490 si
1409 2480 1417 2494 ,
1427 2460 1508 2501 quod
1519 2462 1583 2500 iplis
1596 2461 1667 2500 ,qui
1676 2459 1800 2490 audiunt
1810 2481 1820 2494 >
1828 2462 2031 2501 perniciosum
2044 2483 2052 2495 ‚
2072 2470 2122 2492 aut
2131 2464 2180 2491 in-

1226 2503 1299 2533 utile
1310 2502 1343 2532 sit
1353 2522 1360 2536 ,
1373 2502 1402 2532 id
1411 2502 1524 2532 facium
1534 2512 1636 2542 augeas
1649 2512 1653 2529 :
1665 2502 1770 2532 odium
1782 2512 1902 2533 creatur.
1925 2502 1968 2533 sm
1977 2503 2081 2544 „quod
2087 2512 2137 2534 aut
2145 2505 2180 2534 in

1229 2546 1326 2575 bonos
1336 2546 1416 2573 viros
1427 2564 1435 2577 ,
1446 2554 1494 2574 aut
1504 2546 1536 2574 in
1546 2554 1597 2573 eos
1610 2565 1618 2576 ,
1632 2545 1662 2573 in
1672 2554 1746 2584 quos
1755 2545 1879 2585 quisque
1889 2546 2020 2575 minime
2032 2545 2178 2579 debuerit,

1227 2595 1276 2616 aut
1296 2588 1328 2615 in
1338 2586 1472 2625 rempub.
1489 2595 1553 2615 tum
1564 2587 1708 2615 excitatur
1718 2583 1812 2616 finon
1833 2596 1892 2616 tam
1903 2587 2041 2616 acerbum
2059 2586 2179 2620 odium,

1228 2637 1328 2658 tamen
1338 2627 1518 2657 autinvidiae
1529 2647 1536 2660 ,
1555 2637 1605 2657 aut
1614 2627 1677 2656 odii
1697 2635 1760 2657 n‘on
1780 2627 1929 2658 dissimilis
1940 2626 2074 2658 offensio.
2098 2631 2177 2658 Item

1227 2670 1311 2698 rimor
1320 2671 1463 2698 incutitur
1473 2678 1520 2698 aut
1538 2669 1721 2708 exipsorum
1733 2670 1884 2708 periculis,
1896 2679 1945 2700 aut
1953 2680 1992 2700 ex
2003 2667 2189 2700 communi-'

1228 2712 1292 2742 bus.
1315 2712 1440 2741 interior
1450 2710 1489 2741 est
1501 2711 1552 2742 illc
1564 2712 1703 2753 proprius
1723 2721 1728 2741 ;
1751 2711 1800 2742 sed
1810 2713 1859 2743 hic
1877 2721 1995 2753 quoque
2004 2713 2182 2742 communis

2068 2753 2104 2783 ad
2116 2762 2186 2782 ean-

1263 2840 1288 2864 5.
1301 2833 1340 2857 llis
1350 2832 1443 2857 duabus
1450 2833 1562 2864 pau-tibus
1570 2832 1703 2865 orationis]
1711 2831 1789 2868 Qad
1794 2833 1849 2867 riga
1858 2832 1904 2858 illa
1914 2832 2182 2864 Germano-Gallica,

1225 2868 1265 2894 His
1277 2868 1368 2893 daubus·
1378 2870 1530 2894 orationib-ur.
1551 2867 1622 2903 quod
1633 2868 1770 2893 excutient
1780 2868 1874 2903 quibus
1885 2869 1970 2894 otium
1982 2868 2099 2904 aliquod.

1260 2903 1288 2929 6.
1307 2907 1356 2928 'Pro
1366 2907 1452 2928 homme
1458 2904 1622 2936 firmisse-[Diria
1633 2923 1641 2935 ‚
1659 2906 1765 2938 questore
1773 2910 1810 2928 tuo
1819 2904 1918 2937 dicere]
1939 2904 2032 2930 Dic‘t'io
2043 2905 2116 2928 dicere
2127 2912 2179 2931 non

1225 2939 1259 2965 cst
1269 2940 1297 2965 'in
1310 2939 1375 2964 1¹:211.
1387 2948 1427 2974 pr.
1440 2939 1488 2964 sec.
1507 2947 1551 2966 aut
1562 2940 1674 2965 Merum.
1687 2938 1800 2965 membr.
1821 2939 1848 2964 &
1859 2939 1928 2965 belle
1938 2940 2003 2966 meis
2014 2938 2121 2974 quidem
2132 2949 2179 2966 au-

1225 2975 1296 3001 ribus
1310 2994 1317 3006 ,
1328 2974 1547 3010 rubintclligitur.

1259 3019 1286 3044 7.
1307 3013 1377 3043 Istam
1388 3013 1446 3035 enim
1456 3011 1528 3043 ipsimi
1538 3008 1749 3042 demerim-titionem
1760 3028 1768 3040 ,
1778 3010 1830 3039 dvc.
1841 3017 2039 3035 commemoratam
2048 3011 2180 3036 doen-inam

1223 3048 1263 3079 eff?
1276 3066 1284 3078 ,
1293 3047 1360 3080 [lya]
1375 3047 1425 3071 l'ro
1435 3046 1474 3072 liis
1485 3046 1606 3071 omuibus
1617 3045 1652 3071 est
1663 3045 1746 3071 solum
1756 3046 1783 3071 ln
1795 3045 1851 3072 Pal.
1862 3054 1902 3081 pr.
1913 3046 1941 3071 δε
1953 3046 2023 3071 l’ith.
2035 3040 2179 3072 Memmia-

1225 3091 1310 3118 uoque
1323 3081 1433 3108 membr.
1444 3082 1516 3114 ipsium
1527 3088 1575 3106 ram
1585 3082 1713 3107 dominam
1723 3082 1762 3114 effii
1774 3100 1782 3112 ,
1794 3082 1845 3112 εἴγε.
1866 3090 1950 3116 neque
1968 3082 2045 3108 :iliter
2064 3081 2113 3108 sec.
2132 3081 2180 3108 nist

1225 3117 1294 3153 quod
1306 3118 1338 3149 is,
1348 3126 1409 3148 mm,
1420 3117 1478 3142 loeo
1487 3124 1564 3143 tamen
1575 3126 1584 3148 ;
1597 3117 1673 3144 restat
1684 3124 1770 3145 taimn
1783 3117 1925 3153 vulgatain
1937 3118 2045 3153 reliquis
2056 3118 2125 3145 Pau.
2135 3117 2180 3144 ida

1226 3162 1308 3190 eoque
1320 3163 1371 3182 non
1381 3152 1456 3182 ausus
1465 3152 1521 3181 sum
1530 3152 1653 3188 abjicere.

2099 3198 2110 3217 ι
2118 3210 2124 3217 .
2134 3190 2188 3216 Ini-
