2297 3389
479 151 738 197 ORArro
775 163 891 196 PRo
929 148 1109 197 DoMo
1147 150 1298 203 SUA,
1337 164 1410 195 AD
1445 150 1855 199 PonFrcEs.

188 226 337 261 riffimum
345 227 448 260 virum
459 248 467 263 ,
488 229 611 260 summo
628 239 734 271 genere
746 237 850 260 natum
862 250 870 264 ,
891 230 1021 261 summis
1038 232 1143 270 populi

186 270 340 302 beneficiis
358 271 443 301 usum
455 290 464 304 ,
483 270 661 310 pontificem
672 292 680 305 ,
702 272 735 302 &
746 273 931 302 consularem
942 292 950 306 ,
963 272 995 301 &
1005 269 1142 313 singulari

187 312 322 344 bonitate
334 332 343 346 ,
355 312 387 342 δε
397 311 543 342 modestia
553 313 713 352 praeditum
727 314 829 355 (quem
840 314 906 344 satis
918 315 1020 343 mirari
1030 315 1141 353 quibus

186 355 285 384 oculis
295 353 439 393 adspicere
449 353 556 384 audeas
567 375 577 388 ‚
598 365 661 385 non
673 358 765 396 queo)
773 356 912 386 audiente
920 355 1034 395 populo
1044 357 1140 385 Rom.

186 394 203 425 ἦ
210 395 378 435 pedisequis
395 395 565 426 conculcari
574 396 708 436 iuberes:
732 397 805 428 cum
818 397 1029 427 indemnatum
1041 405 1142 426 extur-

141 455 144 457 ·
183 437 265 467 bares
276 456 284 469 ,
297 436 463 477 privilegiis
473 440 638 477 tyrannicis
649 440 782 480 irrogatis
795 450 800 468 ε
824 444 895 469 curn
913 439 1081 487 principem
1092 447 1142 467 or-

183 478 229 508 bis
240 486 321 507 terrae
331 479 430 508 virum
442 498 450 512 ‚
472 479 621 509 inclusum
633 480 719 510 domi
738 483 907 511 contineres
919 491 924 509 :
948 490 1019 510 cum
1035 479 1139 509 forum

178 521 298 549 armatis
316 522 439 550 catervis
449 520 637 560 perditorum
650 523 814 552 hominum
834 520 1009 562 poffideres:
1032 521 1138 551 Liber-

178 562 243 590 tatis
258 559 448 591 simulacrum
463 564 496 591 in
516 573 548 592 ea
559 563 654 594 domo
674 565 839 594 collocabas
852 584 859 597 ,
877 574 941 604 quae
954 563 1065 592 domus
1081 573 1139 593 erat

175 602 237 641 ipsa
244 602 363 641 judicio
375 605 418 632 tui
429 603 622 634 crudelissimi
632 605 824 639 dominatus,
846 606 1064 636 &miserrimae
1082 614 1138 643 po-

177 643 241 683 puli
251 646 345 674 Rom.
372 645 543 675 servitutis?
566 650 685 678 Eumne
700 646 888 687 potiffirnum
898 647 1030 675 Libertas
1042 646 1136 675 domo

177 686 227 715 sua
238 685 341 716 debuit
349 687 459 726 pellere
469 707 476 720 ‚
489 690 540 728 qui
552 688 610 718 nist
618 688 720 719 fuifl'et
729 709 738 722 ,
750 692 783 718 in
796 689 948 718 servorum
959 686 1134 725 potestatem

115 728 160 762 43
179 728 283 757 civitas
298 736 357 758 tota
376 728 523 759 veniss'et?
545 733 584 760 At
603 730 682 760 unde
700 732 823 760 inventa
843 728 886 758 cst
903 727 958 758 ista
978 727 1131 757 Libertas?

175 768 295 809 q-uaesivi
306 771 390 799 enim
401 770 569 812 diligenter,
581 775 740 812 Tanagraea
748 769 885 810 quaedam
894 770 1037 803 meretrix
1047 768 1133 799 fuiss'e

172 812 290 841 dicitur.
314 813 339 851 ej
345 822 377 841 us
387 822 451 842 non
462 813 550 853 longe
560 812 576 842 ὲ
587 814 730 853 Tanagris
741 810 932 841 simulacrum
952 810 968 840 ὲ
981 820 1131 841 marmore

172 852 202 882 in
232 853 337 893 epulcro
348 851 475 893 positum
487 853 554 882 fuit.
579 856 648 882 Hoc
661 853 784 894 quidam
794 854 890 882 homo
907 852 1021 882 nobilis
1036 871 1044 886 ,
1066 863 1131 882 non

169 895 286 925 alienus
296 895 330 924 ab
349 897 406 924 hoc
423 895 563 935 religioso
573 894 731 925 Libertatis
748 895 913 928 sacerdote,
935 894 971 924 ad
988 903 1129 924 ornatum

172 936 319 966 aedilitatis
329 936 386 966 suae
395 935 571 974 deportavit.
589 938 702 966 etenim
714 938 855 977 cogitarat
864 938 983 965 omneis
995 936 1130 975 superio-

169 986 216 1009 res
225 979 360 1007 muneris
370 976 526 1016 splendore
536 977 678 1017 superare.
701 981 803 1018 Itaque
814 979 920 1008 omnia
933 976 1011 1018 sagma
1022 997 1030 1011 ,
1044 977 1128 1007 tabu-

168 1019 230 1053 las,
246 1027 496 1048 ornamentorum
505 1019 586 1059 quod
597 1019 741 1059 superfuit
761 1023 793 1049 in
814 1018 893 1049 fanis
913 1023 922 1038 ¹
937 1020 968 1049 &
979 1029 1125 1049 commu-

168 1060 259 1091 nibus
268 1061 353 1093 locis,
364 1068 425 1090 tota
437 1059 454 1090 ὲ
464 1062 577 1091 Graecia
587 1081 596 1095 ,
607 1071 694 1102 atque
703 1061 811 1092 insulis
821 1061 966 1091 omnibus
979 1080 987 1094 ,
1000 1062 1126 1091 honoris

167 1102 273 1142 populi
282 1104 374 1132 Rom«
385 1102 468 1132 causa
478 1122 487 1135 ,
507 1102 574 1132 sane
587 1102 742 1143 frugaliter
751 1103 881 1133 domum
896 1103 977 1132 suam
988 1102 1125 1142 deporta-

163 1145 220 1174 vit.
243 1146 272 1173 Is
279 1143 470 1184 posteaquam
480 1145 642 1178 intellexit,
651 1144 733 1185 pofl'e
745 1145 773 1175 se
784 1165 792 1179 ,
804 1145 963 1175 interversa
973 1144 1123 1179 aedilitate,

163 1184 181 1217 ὲ
190 1187 225 1216 L.
236 1186 343 1216 Pisone
352 1186 474 1216 consule
485 1195 643 1224 praetorem
656 1188 839 1219 renuntiari,
854 1185 873 1216 si
885 1185 980 1216 mode>
995 1190 1009 1205 “-
1020 1186 1123 1216 eadem

162 1229 260 1269 prima
269 1227 366 1258 littera
374 1227 760 1267 competitoremhabuiffet
776 1229 926 1269 aliquem:
949 1227 1122 1258 aedi‘litatem

164 1269 284 1300 duobus
294 1271 328 1299 in
338 1270 412 1299 locis
423 1289 432 1303 ‚
455 1271 565 1309 partim
580 1273 612 1300 in
621 1281 683 1300 arca
694 1291 702 1304 ,
720 1272 828 1310 partim
840 1273 873 1300 in
883 1271 978 1299 hortis
990 1270 1048 1300 suis
1059 1270 1122 1299 col—

162 1312 291 1341 locavit:
315 1310 432 1351 signum
451 1312 488 1342 de
507 1311 592 1342 busto
610 1315 774 1342 meretricis
800 1312 932 1342 ablatum
952 1310 1000 1341 isti
1019 1311 1119 1345 dedit,

162 1353 246 1394 quod
258 1351 329 1382 effet
342 1352 458 1394 signum
474 1356 566 1395 magis
578 1354 705 1384 istorum
716 1374 725 1387 ,
747 1353 839 1395 quam
857 1354 984 1394 public-„e
1003 1353 1122 1383 liberta-

161 1397 212 1426 tis.
236 1397 320 1425 Hanc
329 1395 416 1424 deam
433 1395 589 1435 quisquam
600 1397 712 1426 violare
729 1395 851 1429 audeat,
872 1395 1025 1436 imaginem
1035 1405 1122 1424 mere-

161 1437 256 1470 tricis,
276 1445 490 1467 ornamentum
501 1438 646 1476 sepulcri,
667 1438 682 1468 a
692 1437 758 1467 fure
768 1437 912 1468 sublatam
924 1457 933 1470 ,
952 1437 968 1466 a
978 1437 1119 1477 sacrilego

161 1479 339 1509 collocatam
351 1483 361 1509 ἓ
382 1480 445 1509 haec
455 1488 505 1508 me
516 1479 611 1509 domo
622 1490 689 1510 mea
697 1480 787 1520 pellet
799 1482 808 1508 ?
824 1480 888 1509 haec
899 1480 992 1509 ultrix
1001 1477 1120 1509 afflietae

161 1521 290 1551 civitatis
300 1521 371 1559 reip.
385 1521 488 1560 spoliis
501 1521 654 1552 ornabitur
666 1524 677 1550 ?
699 1523 761 1552 haec
775 1523 831 1551 erit
841 1523 874 1551 in
887 1531 923 1550 eo
935 1530 1120 1550 monumen-

161 1570 195 1592 to
212 1561 293 1603 quod
315 1560 444 1601 positum
463 1562 506 1593 est
524 1582 532 1596 ,
564 1573 598 1593 ut
615 1562 687 1594 esset
705 1564 842 1592 indicium
860 1560 984 1603 oppreffi
1001 1563 1120 1592 senatus

163 1606 182 1632 3.
193 1605 228 1634 ad
242 1606 423 1634 memoriam
443 1605 653 1644 sempiternam
673 1605 886 1646 turpitudinis?
909 1607 935 1635 O
954 1605 1118 1646 QCatule‚

158 1645 326 1686 (patrem-ne
342 1647 491 1686 appellem
503 1666 511 1680 2
531 1657 566 1677 an
587 1646 708 1678 tilium?
729 1649 876 1679 recentior
889 1648 1039 1679 memoria
1063 1646 1120 1677 filii

159 1687 222 1722 est,
244 1688 357 1719 &cum
366 1688 454 1718 rebus
464 1691 540 1719 meis
559 1689 647 1730 gestis
664 1690 874 1730 conjunAEtior:
886 1691 896 1731 )
917 1699 1074 1721 tantumne
1087 1699 1115 1720 te

2053 151 2153 216 469

1187 237 1284 269 garet:
1299 229 1401 269 primb
1412 231 1440 261 se
1450 231 1620 262 luminibus
1631 233 1694 273 ejus
1708 231 1765 262 effe
1774 229 1999 262 obstruetumm
2011 231 2148 262 minaba-

1188 278 1243 299 tur.
1267 270 1443 302 Arrii-mahat
1453 273 1643 308 Postumius,
1663 276 1693 314 βε
1707 275 1796 308 vivo,
1817 274 1902 303 illam
1913 273 2042 303 domum
2058 272 2146 304 istius

1185 320 1353 352 numquam
1372 313 1512 345 futuram.
1536 319 1649 345 Acutus
1659 316 1830 346 adolescens
1841 325 1878 345 ex
1896 313 1985 356 ipsius
2004 316 2144 345 sermone

1185 353 1353 387 intellexit,
1375 356 1447 395 quid
1462 355 1527 386 fieri
1547 367 1716 397 oporteret:
1739 358 1900 388 hominem
1919 367 2040 397 veneno
2057 366 2143 397 aper-

1183 392 1293 438 tiffime
1314 395 1446 427 sustulit:
1468 402 1544 428 emit
1555 400 1685 429 domum
1704 403 1722 426 4
1741 399 1941 430 licitatoribus
1958 398 2138 439 defatigatis,

1180 443 1273 473 prope
1285 436 1416 467 dimidio
1436 439 1550 474 carius,
1568 441 1658 481 quam
1676 440 1848 471 aestimabat.
1871 441 2025 483 Qorsum
2043 442 2137 482 igitur

1179 477 1242 522 haze
1255 479 1352 507 oratio
1370 484 1517 517 pertinet?
1540 482 1651 512 domus
1662 493 1727 513 mea
1738 483 1788 513 illa
1805 486 1896 523 prope
1907 491 1967 513 tota
1975 493 2065 513 vacua
2075 481 2117 512 est
2129 491 2137 511 :

1179 526 1233 546 vix
1242 527 1306 556 pars
1318 519 1430 549 aedium
1449 532 1591 552 mearum
1600 524 1718 554 decima
1727 525 1763 555 ad
1774 525 1870 554 Catuli
1881 528 2030 564 porticum
2041 524 2138 554 acces-

1182 557 1223 588 sit.
1246 560 1330 589 causa
1339 559 1398 589 suit
1407 563 1570 593 ambulatio
1583 585 1591 597 ,
1608 565 1639 594 &
1649 575 1886 596 monumentum
1898 586 1906 599 ,
1922 566 1954 596 ὃς
1965 565 2017 596 ista
2035 569 2137 596 Tana-

1178 610 1264 640 graea,
1276 600 1409 640 oppressa
1418 603 1563 638 libertate,
1575 606 1716 637 Libertas.
1740 609 1772 637 in
1783 608 1893 638 Palatio
1906 628 1914 640 ,
1930 608 2136 648 pulcherrimo

1175 642 1351 681 prospectu,
1370 647 1519 682 porticum
1529 656 1600 675 cum
1617 649 1812 678 conclavibus
1830 652 2063 689 pavimentatam
2077 658 2138 678 tre-

1177 693 1298 713 centum
1321 686 1433 724 pedum
1451 689 1643 726 concupierat
1661 708 1669 722 ,
1701 689 1915 729 ampliffimum
1933 690 2109 731 peristylum
2122 701 2135 725 3

1176 733 1271 755 cetera
1287 726 1455 765 ejusmodi,
1477 727 1565 758 facile
1577 738 1608 758 ut
1619 733 1760 760 omnium
1770 732 1878 762 domos
1893 733 1925 762 ὃς
1939 734 2059 763 laxitate
2071 752 2078 766 ,
2097 732 2134 763 &

1175 766 1319 807 dignitate
1329 769 1485 807 superaret.
1510 773 1548 800 Et
1558 770 1655 801 homo
1666 772 1819 812 religiosus
1830 794 1839 806 ,
1859 774 1929 804 curn
1941 774 2029 805 aedeis
2050 784 2134 804 meas

1173 808 1256 838 idem
1267 819 1380 839 emeret
1400 811 1432 840 &
1442 811 1601 842 venderet:
1625 821 1727 843 tamen
1742 814 1802 842 illis
1817 818 1904 845 tantis
1926 817 2055 846 tenebris
2064 825 2133 847 non

1173 849 1215 879 est
1224 851 1310 880 ausus
1321 851 1408 882 suum
1419 863 1514 882 nomen
1525 855 1655 884 emtioni
1669 855 1716 884 illi
1734 855 1905 886 adscribere.
1928 858 2026 897 posuit
2048 857 2133 887 scili-

1172 900 1218 921 cet
1230 895 1243 919 5
1258 895 1417 923 Scatonem
1426 895 1529 928 illum,
1542 896 1702 926 hominem
1712 897 1762 926 sua
1770 898 1881 927 virtute
1891 908 2039 939 egentem,
2051 908 2083 929 ut
2093 900 2135 934 15,

1171 935 1224 973 qui
1235 935 1268 963 in
1278 933 1398 968 Mar-fis,
1419 936 1472 966 ubi
1482 945 1567 967 natus
1578 936 1638 971 est,
1658 937 1772 968 testum
1786 958 1794 972 ,
1814 949 1875 979 quo
1890 940 1994 970 imbris
2012 940 2127 971 vitandi

1170 976 1252 1005 causa
1260 976 1447 1019 succederet,
1459 979 1580 1008 nullum
1592 980 1709 1010 haberet
1722 1000 1730 1013 ‚
1742 980 1832 1010 aedeis
1842 982 1875 1009 in
1884 982 1992 1012 Palatio
2001 982 2133 1012 nobilis-

1168 1014 1255 1046 simas
1265 1017 1370 1047 emisse
1380 1019 1408 1048 se
1419 1019 1721 1051 diceretlnferiorem
1733 1022 1843 1052 aedium
1854 1031 1966 1062 partem
1978 1022 2132 1065 affignavic

1168 1068 1233 1104 non
1244 1059 1302 1088 suae
1315 1063 1399 1100 genti
1409 1063 1541 1092 Fonteiae
1552 1083 1560 1095 ‚
1575 1063 1624 1093 sed
1636 1064 1761 1097 Clodiae,
1777 1074 1868 1105 quam
1883 1065 2013 1105 reliquit.
2036 1075 2130 1105 quem

1167 1110 1202 1130 in
1213 1110 1379 1131 numerum
1395 1113 1432 1132 ex
1451 1105 1557 1134 multis
1568 1105 1683 1135 Clodiis
1696 1116 1789 1135 nemo
1808 1116 1925 1136 nomen
1945 1106 2048 1141 dedit,
2070 1105 2126 1136 nist

1167 1151 1216 1172 aut
1234 1142 1360 1184 egestate
1373 1164 1381 1177 ,
1401 1154 1450 1175 aut
1460 1146 1567 1176 scelere
1578 1147 1723 1186 perditus.
1751 1150 1837 1178 Hanc
1856 1158 1932 1182 vos,
1952 1147 2123 1188 pontifices,
2145 1162 2192 1194 45

1165 1192 1227 1214 tam
1245 1187 1357 1215 variam
1369 1206 1377 1219 ‚
1398 1195 1458 1217 tarn
1475 1197 1588 1218 novam
1607 1187 1623 1208 ⁶
1639 1191 1672 1219 in
1690 1191 1778 1219 omni
1797 1199 1903 1231 genere
1920 1191 2124 1225 voluntatem,

1165 1226 1388 1265 impudentiam
1400 1249 1409 1262 ‚
1429 1229 1600 1264 audaciam,
1619 1231 1813 1270 cupiditatem
1831 1251 1840 1265 ,
1869 1232 2130 1272 comprobabitis?

1165 1268 1307 1307 Pontifex,
1318 1271 1419 1310 inquit
1430 1291 1443 1304 ,Α
1454 1270 1550 1302 affuit.
1576 1275 1651 1302 Non
1661 1282 1688 1302 te
1698 1273 1791 1314 pudet
1802 1293 1809 1306 ‚
1829 1272 1901 1303 curn
1912 1273 1989 1314 apud
1998 1273 2129 1314 pontifi-

1165 1320 1214 1339 ces
1224 1320 1269 1339 res
1283 1320 1382 1356 agatur
1392 1331 1400 1345 ,
1415 1312 1594 1352 pontificem
1605 1314 1702 1345 dicere
1712 1335 1720 1349 ,
1741 1325 1804 1345 non
1815 1316 1979 1357 collegium
1997 1315 2128 1356 pontifi-—

1164 1362 1234 1381 cum
1244 1351 1374 1382 affuifle:
1396 1355 1560 1394 praesertim
1569 1355 1640 1386 cum
1661 1357 1798 1387 tribunus
1807 1357 1924 1397 plebis,
1945 1358 1994 1388 vel
2006 1358 2127 1389 denun-

1165 1402 1236 1424 trare
1245 1397 1388 1433 potueris,
1399 1397 1446 1426 vel
1459 1399 1547 1427 etiam
1558 1408 1662 1439 cogere
1678 1401 1688 1428 ?
1710 1398 1782 1429 Esto
1794 1410 1800 1428 :
1822 1399 1987 1441 collegium
1999 1410 2063 1430 non
2073 1400 2127 1431 ad,

1162 1434 1296 1465 hibuisti.
1320 1437 1415 1476 quid?
1437 1438 1474 1468 de
1485 1440 1615 1481 collegio
1637 1443 1705 1481 quis
1715 1440 1836 1471 tandem
1855 1439 1961 1472 affuit?
1982 1442 2124 1482 posuerat

1162 1479 1246 1507 enim
1257 1477 1465 1509 auRorstaoem
1477 1491 1510 1511 in
1520 1492 1593 1515 uno,
1605 1493 1670 1523 quae
1680 1482 1722 1513 est
1731 1485 1763 1512 in
1776 1484 1823 1513 his
1832 1483 1977 1513 omnibus
1991 1494 1996 1512 2
2020 1483 2068 1514 sed
2081 1493 2128 1514 ta-

1164 1529 1237 1564 men
1254 1521 1385 1565 auget&
1402 1529 1486 1566 asar,
1507 1523 1539 1552 δε
1558 1524 1639 1553 honos
1656 1525 1842 1566 dignitatem.
1867 1535 1943 1566 opus
1961 1533 2022 1555 erat
2031 1526 2125 1556 etiam

1158 1561 1299 1600 fimum.-
1320 1572 1411 1603 quam
1425 1565 1476 1594 etii
1492 1575 1600 1596 omnes
1618 1569 1771 1598 consecuti
1793 1568 1860 1597 sunt
1872 1588 1881 1601 ‚
1900 1572 2027 1597 7tamen
2044 1567 2124 1598 certe

1161 1604 1320 1643 peritiores
1337 1614 1503 1636 verus-ms
1521 1606 1601 1638 facit·
1625 1611 1700 1650 Qis
1721 1619 1791 1650 ergo
1802 1608 1909 1639 affuit?
1933 1611 2049 1643 Frater,
2073 1611 2124 1639 in-

1163 1647 1248 1686 quit,
1267 1648 1371 1677 uxoris
1385 1656 1469 1679 meae.
1492 1651 1522 1680 Si
1532 1649 1744 1681 auCtoritatem
1762 1653 1946 1692 quaerimus,
1966 1649 2017 1681 etsi
2035 1651 2066 1681 id
2079 1650 2125 1682 est

1165 1690 1277 1723 aetatis,
1299 1698 1330 1721 ut
1352 1690 1493 1722 nondum
1512 1692 1692 1723 consecutus
1709 1693 1758 1723 sit:
1782 1702 1884 1723 tamen
1901 1702 2008 1734 quanta
2027 1692 2069 1723 est
2088 1694 2123 1723 in

157 1728 271 1761 fefellit
281 1750 291 1763 ,
302 1728 374 1760 cum
385 1731 463 1760 mihi
473 1730 590 1762 summa
602 1753 614 1765 ,
622 1733 654 1762 δε
664 1733 802 1773 quotidie
813 1733 872 1771 maj
876 1743 926 1763 ora
943 1733 1066 1772 praemia
1084 1733 1117 1762 in
1126 1728 1155 1760 ‘l‘
1162 1731 1349 1763 adolescente
1361 1733 1520 1764 auctoritas
1533 1755 1541 1769 ,
1553 1746 1586 1765 ea
1598 1755 1606 1769 ‚
1618 1744 1738 1776 propter
1747 1744 1857 1766 tantam
1868 1734 2123 1775 conjunfflonem

155 1772 263 1812 repub.
282 1770 348 1801 fore
358 1772 498 1812 putabas?
519 1774 644 1815 negabas
654 1774 697 1804 fas
706 1774 764 1804 esse
777 1795 787 1808 ,
805 1776 871 1804 dnos
881 1775 999 1815 consules
1009 1772 1066 1804 effe
1086 1776 1119 1804 in

158 1814 214 1844 hac
222 1814 341 1844 civitate
350 1816 495 1845 inimicos
504 1816 621 1856 reipub.
645 1818 718 1846 Duo
729 1817 797 1847 sunt
810 1819 945 1850 inventi,
964 1818 1017 1857 qui
1036 1817 1120 1846 sena-

159 1863 228 1886 tum
249 1854 371 1885 tribuno
389 1855 503 1887 furenti
515 1857 718 1888 constrifitum
733 1858 880 1888 traderent
895 1869 901 1887 2
924 1862 977 1899 qui
990 1868 1046 1898 pro
1067 1868 1116 1888 me

158 1905 255 1938 patres
263 1897 444 1937 conscriptos
454 1898 602 1938 deprecari
614 1920 623 1934 ,
635 1900 667 1930 &
677 1901 791 1940 populo
805 1901 950 1940 supplices
961 1899 1019 1930 effe
1031 1920 1039 1933 ,
1052 1900 1118 1930 edi—

159 1938 220 1969 &is
231 1959 239 1973 ,
255 1947 341 1979 atque
357 1940 503 1979 imperio,
522 1950 674 1971 vetarent:
696 1942 805 1982 quibus
815 1941 1050 1981 inipethntibus
1061 1941 1118 1971 do-

162 1990 233 2011 mus
243 1990 308 2010 mea
318 1979 538 2015 disturbaretur,
551 1981 726 2022 diriperetur
738 1993 743 2012 :
764 1985 816 2023 qui
827 1983 957 2023 denique
967 1982 1116 2013 ambustas

158 2022 349 2053 fortunarum
367 2031 502 2053 mearum
520 2024 660 2064 reliquias
677 2025 741 2054 suas
750 2026 783 2054 in
802 2024 913 2054 domos
932 2025 1115 2064 comportari

155 2064 307 2105 juberent⁴
331 2066 432 2093 Venio
442 2074 523 2095 nunc
533 2065 567 2095 ad
576 2075 700 2105 patrem.
724 2068 774 2096 Tu
785 2069 821 2105 Q.
834 2067 947 2099 Catule,
959 2068 1002 2096 M.
1015 2066 1116 2096 Fulvii

159 2106 301 2140 domum,
313 2103 386 2135 cum
396 2104 528 2137 isfratris
539 2110 583 2137 tui
594 2108 674 2138 socer
682 2106 794 2141 fuisset,
810 2110 1042 2138 monimentum
1052 2116 1116 2138 tua—

157 2157 228 2178 xum
238 2147 448 2177 manubiarum
458 2147 516 2178 effe
527 2148 668 2183 voluisti,
682 2159 715 2180 ut
725 2150 789 2189 ejus
799 2170 808 2183 ,
823 2151 874 2190 qui
882 2150 1049 2190 perniciosa
1057 2151 1117 2179 rei-

155 2190 284 2230 publicae
293 2187 416 2220 confilia
427 2188 565 2229 cepisset,
589 2193 691 2221 omnis
703 2192 838 2221 memoria
846 2191 982 2222 funditus
993 2202 1031 2222 ex
1044 2201 1116 2221 ocu-

154 2233 193 2261 lis
203 2233 380 2264 hominum,
391 2241 423 2261 ac
431 2232 585 2262 mentibus
596 2234 759 2263 tolleretur.
784 2236 853 2264 Hoc
865 2232 885 2263 fi
895 2236 962 2274 quis
973 2233 1027 2263 tibi
1043 2233 1115 2263 aedi-

153 2272 351 2304 ficantiillam
364 2275 513 2312 porticum
524 2274 653 2308 diceret,
671 2274 735 2305 fore
750 2284 869 2315 tempus
881 2295 889 2309 ,
904 2274 974 2305 cum
986 2277 1010 2305 is
1022 2275 1115 2305 tribu-

154 2325 213 2346 nus
222 2314 335 2356 plebis,
359 2316 410 2355 qui
423 2315 631 2346 auctoritatem
642 2317 759 2346 senatus
769 2337 778 2350 ,
795 2317 949 2356 judicium
962 2318 1114 2347 bonorum

152 2360 295 2387 omnium
307 2355 492 2397 neglexisset,
505 2365 591 2387 tuum
603 2368 855 2392 monumentum,
865 2358 1040 2389 consulibus
1050 2369 1114 2388 non

152 2398 248 2429 modo
267 2397 501 2438 inspectantibus
516 2418 524 2432 ,
554 2398 662 2430 verum
682 2399 895 2440 adjuvantibus
917 2399 1094 2431 disturbaret
1103 2420 1111 2434 ,

150 2448 306 2473 everteret,
318 2439 409 2480 idque
421 2450 492 2471 curn
502 2442 566 2481 ejus
575 2444 652 2472 civis
661 2461 668 2475 ,
683 2444 736 2482 qui
751 2442 969 2482 rempublicam
979 2452 1016 2472 ex
1026 2443 1111 2473 sena-

151 2490 200 2512 tus
218 2481 391 2512 auetoritate
411 2484 516 2513 consul
535 2482 713 2513 defendiss'et
732 2503 741 2518 ,
770 2483 866 2514 domo
896 2485 1093 2524 coniungeret
1105 2495 1110 2514 ;

152 2533 258 2553 nonne
271 2524 465 2564 responderes
474 2545 492 2558 ‚.
508 2525 539 2555 id
550 2545 559 2560 ‚
579 2524 636 2554 nisi
645 2526 744 2555 eversa
751 2527 867 2556 civitate
877 2546 885 2559 ,
896 2526 1028 2556 accidere
1044 2537 1110 2557 non

85 2562 259 2606 44-posse?
290 2568 329 2595 At
349 2565 448 2596 videte
466 2568 603 2597 hominis
621 2567 846 2597 intolerabilem
865 2568 1016 2598 audaciam
1035 2579 1106 2598 cum

148 2606 281 2648 projekh
295 2607 438 2648 quadam,
458 2610 491 2640 &
507 2608 646 2639 effrenata
663 2609 834 2649 cupiditate.
866 2612 1108 2640 Monumentum

147 2648 202 2680 iste
217 2658 404 2690 numquam,
424 2659 474 2680 aut
490 2652 670 2691 religionem
690 2651 784 2681 ullam
798 2653 998 2693 excogitavit:
1024 2653 1109 2682 habi-

150 2699 209 2722 tare
220 2691 298 2726 laxe,
310 2691 343 2720 δε
353 2691 512 2733 magnifice
525 2694 640 2723 voluit:
663 2693 792 2734 duasque
807 2693 840 2723 &
856 2703 975 2734 magnas
985 2714 994 2727 ,
1007 2694 1039 2724 δε
1050 2704 1108 2724 no·
1126 2712 1128 2721 .

145 2732 237 2763 bileis
253 2734 364 2764 domos
384 2734 576 2776 conjungere.
600 2735 709 2765 eodem
727 2733 843 2774 Ρυῃᾶο
861 2738 1006 2775 temporis
1016 2756 1025 2770 ,
1044 2746 1107 2777 quo

146 2784 235 2805 meus
249 2773 388 2806 discess'us
397 2773 446 2805 isti
459 2777 576 2807 causam
584 2776 673 2807 caedis
687 2778 797 2816 eripuit
805 2796 814 2810 ,
825 2777 840 2806 a
851 2779 967 2817 QSeio
978 2788 1106 2808 conten-

145 2815 202 2851 dit,
214 2826 246 2849 ut
255 2820 295 2857 Q.
305 2816 477 2850 Postumius
486 2817 542 2849 fibi
551 2818 682 2851 domum
693 2818 846 2850 venderet.
861 2820 936 2850 cum
946 2820 997 2850 ille
1009 2820 1041 2852 id
1051 2830 1105 2852 ne-

1162 1773 1316 1804 affinitatis
1327 1795 1336 1808 ,
1354 1777 1457 1805 minor
1471 1776 1513 1806 est
1522 1779 1670 1817 putanda„
1681 1776 1723 1807 fin
1734 1787 1834 1807 autem
1846 1777 1969 1808 seientia
1979 1776 2021 1807 est
2038 1787 2123 1818 quae-

1163 1815 1229 1846 sita:
1253 1819 1319 1857 quis
1328 1826 1387 1847 erat
1395 1817 1499 1848 minus
1509 1821 1620 1859 peritus
1632 1839 1640 1853 ‚
1657 1820 1748 1860 quam
1759 1821 1797 1852 is,
1810 1821 1861 1860 qui
1871 1820 1973 1859 paucis
1982 1819 2044 1848 illis
2054 1818 2121 1848 die-

1163 1857 1219 1887 bus
1231 1859 1264 1887 in
1279 1859 1446 1900 collegium
1463 1870 1582 1891 venerat
1597 1865 1608 1890 ?
1630 1872 1682 1902 qui
1703 1863 1793 1891 etiam
1808 1861 1863 1891 tibi
1882 1869 1942 1891 erat
1959 1863 2052 1903 magis
2062 1860 2121 1891 ob—

1160 1898 1279 1929 strictus
1304 1901 1452 1931 beneficio
1470 1905 1598 1937 recenti,
1619 1913 1691 1933 cum
1711 1904 1759 1937 se,
1786 1902 1907 1933 fratrem
1927 1906 2031 1932 uxoris
2049 1911 2119 1936 tuae,

1159 1941 1239 1971 fratri
1252 1951 1304 1971 tuo
1318 1953 1461 1983 germano
1476 1945 1639 1975 antelatum
1658 1944 1787 1975 videbat.
1811 1943 1870 1974 Etsi
1886 1946 1920 1974 in
1937 1954 1973 1974 eo
1983 1944 2121 1984 providi-

1161 1982 1197 2012 sti
1207 2002 1216 2016 ,
1237 1993 1276 2012 ne
1285 1982 1374 2014 frater
1383 1994 1411 2014 te
1422 1986 1554 2015 accusare
1572 1985 1678 2026 pofl‘et.
1702 1989 1788 2016 Hanc
1802 1995 1834 2016 tu
1852 1986 1943 2027 igitur
1952 1985 2119 2016 dedicatio-

1159 2034 1231 2053 nem
1242 2026 1381 2064 appellas,
1391 2026 1427 2055 ad
1437 2036 1527 2066 quam
1538 2038 1601 2058 non
1612 2029 1788 2068 collegium,
1803 2037 1867 2057 non
1880 2027 2047 2057 honoribus
2059 2036 2119 2067 po-

1158 2066 1223 2105 puli
1233 2068 1368 2096 Romani
1378 2077 1517 2098 ornatum
1528 2068 1719 2109 pontificem,
1731 2079 1796 2099 non
1805 2069 1934 2110 denique
1944 2069 2119 2099 adolescen-

1160 2117 1219 2137 tem
1230 2118 1415 2149 quemquam
1426 2129 1434 2142 ‚
1456 2120 1524 2140 cum
1536 2111 1656 2141 haberes
1667 2114 1699 2141 in
1709 2112 1838 2152 collegio
1856 2109 2115 2146 familiarissimos>

1157 2149 1297 2179 adhibere
1305 2150 1427 2189 potuisti
1443 2155 1455 2181 ἓ
1477 2151 1574 2183 Affuit
1586 2155 1611 2182 is
1621 2175 1630 2187 ‚
1650 2152 1671 2183 fi
1684 2153 1778 2183 modo
1788 2152 1874 2183 affuit
1883 2163 1998 2194 ,quem
2007 2161 2040 2183 tu
2059 2154 2118 2182 im-

1155 2190 1251 2232 pulisti
1261 2202 1271 2218 .·
1294 2193 1376 2222 soror
1384 2196 1500 2233 rogavit
1509 2214 1517 2227 ,
1530 2204 1624 2225 mater
1633 2197 1738 2236 co'e'git.
1762 2195 1869 2225 Videte
1878 2197 1979 2236 igitur,
1990 2193 2119 2235 pontifi-

1158 2243 1218 2266 ces,
1229 2233 1302 2274 quid
1313 2233 1444 2265 statuatis
1454 2238 1487 2265 in
1502 2246 1568 2266 mea
1578 2238 1660 2267 causa
1669 2238 1705 2267 de
1719 2239 1864 2267 omnium
1874 2238 2014 2267 fortunis.
2038 2239 2115 2266 Ver-

1158 2275 1247 2309 bone,
1258 2274 1432 2315 pontifices,
1448 2280 1556 2317 putatis
1567 2298 1576 2312 2
1596 2277 1650 2308 siis
1661 2278 1777 2319 postem
1787 2281 1915 2309 tenuerit
1926 2299 1934 2313 ,
1953 2279 1986 2309 &
2001 2279 2116 2319 aliquid

1154 2317 1266 2347 dixerit
1277 2337 1286 2350 ‚
1298 2317 1428 2349 domum
1439 2321 1670 2361 uniuscujusque
1684 2322 1852 2351 consecrare
1862 2319 1942 2361 pofl'e
1954 2325 1964 2349 ?
1987 2323 2036 2350 An
2053 2320 2123 2351 lstae.

1158 2359 1372 2394 dedicationes,
1385 2361 1417 2390 δε
1428 2362 1624 2402 templorum,
1637 2364 1668 2393 ὃς
1678 2363 1874 2393 delubrorum
1884 2364 2044 2404 religiones
2056 2382 2063 2395 ‚
2075 2361 2118 2392 ad.

1132 2410 1134 2445 j
1154 2402 1306 2431 honorem
1314 2401 1440 2433 deorum
1449 2406 1669 2435 immortalium
1681 2426 1689 2439 ‚
1709 2403 1770 2434 sine
1780 2406 1840 2435 ulla
1856 2406 1973 2435 civium
1992 2404 2114 2433 calami-

1132 2447 1134 2464 ἱ
1156 2450 1217 2472 tare
1235 2444 1424 2484 &majoribus
1435 2445 1543 2476 nostris
1553 2447 1721 2477 constituta:
1731 2447 1819 2477 sunt?
1842 2447 1893 2477 Est
1906 2450 2047 2476 inventus
2057 2446 2113 2475 tri-

1153 2484 1253 2515 bunus
1270 2486 1386 2525 plebis,
1405 2490 1457 2528 qui
1476 2489 1683 2519 consularibus
1702 2491 1797 2529 copiis
1815 2488 1977 2519 iiiltrucfftus
1989 2508 2001 2521 ,
2018 2488 2109 2517 omni

1152 2530 1269 2567 impetu
1286 2527 1396 2558 furoris
1412 2540 1443 2559 in
1461 2540 1532 2560 eum
1556 2533 1655 2561 civem
1673 2533 1806 2560 irruerit:
1828 2540 1926 2570 quern-
1938 2530 2108 2569 perculsum

1150 2570 1212 2609 ipsa
1221 2570 1385 2610 respublica
1396 2571 1454 2601 suis
1469 2573 1609 2602 manibus
1619 2573 1786 2602 cxrolleret.
1810 2572 1890 2610 Quid
1903 2571 2012 2618 ,siquis
2022 2569 2106 2601 fimi·
2123 2573 2176 2616 45²

1153 2612 1191 2640 lis
1200 2611 1285 2642 istius
1298 2620 1406 2652 (neque
1417 2615 1500 2643 enim
1513 2615 1574 2654 jam
1587 2614 1711 2643 deerunt
1720 2634 1727 2647 2
1746 2615 1797 2654 qui
1810 2615 1921 2643 imitas-2
1932 2613 2040 2653 velint)
2052 2613 2106 2643 ali-

1151 2663 1243 2694 quem
1255 2656 1316 2683 mei
1326 2653 1512 2688 drisimilem,
1525 2658 1572 2685 cui
1582 2656 1697 2695 respub.
1709 2665 1773 2685 non
1786 2664 1903 2685 tantum
1914 2655 2035 2688 debeat,
2055 2664 2108 2695 pet

1149 2698 1216 2724 vim
1228 2695 1389 2730 afflixerit,
1409 2696 1538 2726 domum
1558 2698 1622 2737 ejus
1635 2707 1686 2737 per
1700 2696 1878 2737 pontificem
1899 2697 2056 2727 dedicarit:
2075 2696 2109 2727 id

1151 2747 1207 2766 vos
1217 2737 1270 2768 ista
1279 2737 1453 2768 auctoritate
1461 2738 1646 2769 constituetis
1660 2748 1756 2769 ratum
1767 2738 1824 2768 esse
1833 2743 1989 2779 oportere?
2014 2741 2108 2769 Dice·-

1150 2781 1187 2809 tis
1198 2798 1206 2811 ‚
1224 2789 1316 2819 quem
1332 2783 1456 2820 reperiet
1465 2779 1643 2820 pontificem
1657 2784 1668 2809 ?
1693 2781 1771 2822 Qid
1785 2784 1796 2810 ἓ
1817 2781 1848 2810 &
1859 2781 1996 2810 tribunus
2009 2781 2109 2820 plebis

1148 2820 1231 2852 idem
1242 2820 1373 2853 effe-non
1384 2823 1481 2863 potest
1490 2822 1652 2863 pontifex?
1675 2824 1719 2852 M.
1730 2823 1845 2854 Drusus
1863 2823 1916 2854 ille
1929 2821 2108 2853 clarissimus

2046 2874 2106 2899 vir,

183 2937 207 2954 1.
226 2932 260 2955 Et
276 2931 518 2965 communibus-lucia]
539 2930 632 2958 Diffio
650 2932 703 2957 loch
715 2941 766 2958 non
778 2932 813 2959 est
824 2933 849 2957 in
862 2934 890 2958 S.
901 2932 973 2959 Vi&
992 2940 1038 2960 aut
1048 2934 1107 2961 Pal.

143 2978 227 3002 ιοηο,
237 2971 265 2996 &
275 2979 380 3007 poterat
391 2971 484 2999 abesse.
503 2976 632 2999 communia
642 2973 712 2999 enim
724 2970 763 3000 πὶ
773 2970 866 3001 καινοί.

177 3017 207 3035 2.
226 3012 401 3045 Eademprima
411 3014 483 3038 litera
491 3015 654 3045 competitorem
664 3032 671 3044 ,
685 3013 753 3047 &c.]
785 3013 909 3040 Pluribus
921 3013 1006 3040 modis
1018 3014 1104 3040 velifi-

141 3052 217 3072 catur
226 3045 259 3071 ad
270 3046 344 3080 hujus
356 3047 405 3074 loci
417 3048 630 3075 emendationem
642 3048 714 3076 And.
726 3051 833 3076 Scottus
845 3051 943 3083 noster,
955 3051 1000 3086 qui
1014 3050 1100 3078 videa-

142 3087 188 3108 tur
198 3079 246 3107 lib.
265 3090 288 3108 ι.
299 3083 404 3109 Nodor.
417 3093 474 3121 cap.
488 3084 530 3111 18.

177 3124 204 3152 3.
223 3117 277 3144 ead
283 3123 414 3144 memoriam
416 3121 584 3153 sempiternam
594 3121 779 3157 turpitudinia]
791 3122 877 3149 Iidem
892 3122 953 3149 libri
959 3123 1103 3157 sempiternae

137 3159 203 3186 aurp.
225 3151 310 3179 foi-fin
323 3154 405 3181 reste.

170 3196 199 3223 4,
219 3190 392 3217 usitatarum
407 3191 577 3227 defungaris]
602 3193 645 3221 Ita
661 3192 776 3229 conjecit
796 3195 902 3223 Anton.
920 3195 1098 3232 Augustinus.

1148 2932 1210 2959 libri
1222 2933 1292 2959 enim
1304 2934 1472 2965 litigatoribus.

1186 2979 1212 3003 5.
1232 2973 1349 2994 Scatonem
1370 2969 1458 3002 illum]
1483 2969 1570 3005 Vulgo
1579 2974 1706 2996 Statonem.
1726 2968 1769 2995 sed
1783 2968 1898 2995 alterurn
1918 2968 1998 2995 restat
2014 2967 2042 2994 in
2055 2967 2107 2994 Er-

1147 3005 1220 3032 fur-d.
1232 3007 1258 3031 in
1270 3007 1296 3030 S.
1309 3004 1380 3031 Vift.
1392 3006 1417 3030 ὃς
1430 3005 1488 3032 Pal.
1499 3016 1580 3032 nouo,
1818 3014 1823 3018 ¹

1181 3047 1208 3072 6.
1233 3050 1261 3072 In
1271 3049 1418 3077 omnigenere
1426 3047 1778 3080 voluntatcm‚impudentimn.]
1800 3047 1852 3072 Vix
1864 3047 1899 3074 est
1910 3053 1939 3072 ut
1951 3045 2042 3082 reponi
2053 3055 2106 3072 non

1144 3082 1238 3108 demat
1256 3085 1393 3108 volutatam.
1408 3084 1578 3116 impudentiam
1591 3103 1603 3116 ‚.
1618 3085 1687 3119 quod
1709 3083 1857 3110 Gulielmio
1875 3083 1903 3110 iu
1923 3091 2040 3109 mentem
2062 3091 2107 3108 νς-

1118 3140 1119 3150 ,
1144 3119 1244 3145 niebat.

1177 3167 1204 3192 7.
1225 3162 1309 3184 'Tamen
1321 3160 1381 3185 certe
1389 3162 1521 3192 peritiores,
1533 3160 1599 3194 decr]
1622 3159 1760 3186 Gemblac.
1772 3162 1846 3190 Am,
1864 3167 1890 3185 at
1900 3159 1970 3185 enim
1987 3159 2044 3184 Pal.
2058 3167 2109 3185 no-

1140 3204 1188 3223 nus
1199 3193 1290 3230 abiicit
1299 3194 1367 3224 illud
1378 3205 1456 3223 mmm
1468 3216 1477 3230 ‚
1489 3197 1516 3223 St
1526 3195 1610 3222 servat
1624 3197 1692 3223 certe.
1713 3195 1785 3232 quod
1797 3196 1881 3232 magis
1897 3195 2018 3231 probem.

1526 3233 1552 3262 N
1566 3242 1582 3260 η
1594 3242 1610 3259 n
1634 3241 1647 3269 3
1996 3238 2020 3257 3.
2040 3232 2108 3256 Date
