2295 3400
176 2578 198 2601 μ

611 106 679 153 M.

752 102 1119 150 TULL11
1184 104 1733 153 Cicanouts

579 239 683 306 M.
764 237 1270 304 TULLIUS
1357 238 1774 305 CicERo

198 436 749 553 LEGE
961 338 2154 567 ΑἝΒΑΒΙΑ,

442 580 1218 649 KALENDIS
1317 580 1933 663 JANUAR.

919 679 1150 726 CON

1200 679 1427 726 TRA

269 761 369 847 P.
467 757 1322 846 SERVILIUM
1433 754 2095 845 RULLUM‚

525 877 1051 936 TRIBUNUM
1103 878 1218 932 PL.
1271 878 1373 934 IN
1423 877 1811 933 SENATU.

468 995 878 1045 ORATIO

1002 993 1885 1058 DECIMAQUINTA.

933 1102 1143 1173 &Dcfimt
1156 1103 1428 1175 permulta.

286 1221 305 1239 ¹*
347 1231 413 1265 quae
424 1231 470 1253 res
477 1222 574 1264 apertt¹
585 1221 755 1263 petebatur,
772 1229 805 1251 ea
814 1229 896 1251 nunc
905 1217 1020 1249 occulte
1030 1217 1163 1248 cuniculis

204 1275 401 1308 oppugnatur.
424 1265 525 1295 dicent
543 1275 627 1295 enim
647 1265 811 1294 decemviri
823 1282 832 1295 ,
852 1262 882 1292 id
892 1261 973 1302 quod
985 1260 1017 1289 ὃς
1027 1260 1137 1290 dicitur
1147 1260 1162 1290 a

206 1309 332 1341 multis,
354 1307 386 1337 δε
402 1307 474 1346 saepe
486 1305 603 1337 dietum
614 1305 674 1339 est3
696 1304 762 1345 post
771 1303 891 1334 eosdem
906 1302 1060 1335 consules,
1085 1304 1161 1343 regis

205 1349 404 1382 Alexandrini
414 1348 591 1378 testamento
602 1367 610 1382 ,
631 1345 862 1388 regnumillud,
879 1344 984 1385 populi
999 1345 1092 1373 Rom.
1104 1341 1162 1373 effe

204 1391 331 1423 faetum-
362 1390 481 1420 Dabitis
498 1391 590 1431 igitur
606 1388 819 1419 Alexandriam
839 1384 911 1416 clam
929 1385 1096 1426 petentibus
1112 1387 1163 1419 iis,

204 1434 315 1476 quibus
333 1430 499 1474 apertiffime'
512 1430 714 1472 pugnantibus
732 1428 899 1460 restitistis?
922 1430 1002 1461 haec,
1021 1437 1072 1467 per
1091 1426 1163 1457 deos

204 1475 407 1507 immortaleis
418 1494 426 1507 ‚
445 1482 546 1504 unum
559 1472 616 1503 ess'e
626 1472 714 1502 vobis
724 1469 847 1502 confilia
859 1469 1013 1502 siccorum,
1025 1479 1063 1499 an
1073 1470 1163 1500 vino-

205 1519 362 1548 lentorum
374 1516 505 1546 somnia:
524 1515 557 1545 &
568 1513 671 1545 utrum
680 1515 806 1555 cogitata
815 1513 982 1553 sapientum
994 1531 1003 1545 ,
1019 1521 1056 1541 an
1067 1520 1165 1551 optata

205 1559 390 1591 furiosorum
410 1557 572 1587 videntur?
596 1556 702 1586 Videte
719 1565 802 1585 nunc
813 1574 821 1589 ,
839 1556 984 1595 proximo
1000 1555 1094 1593 capite
1106 1574 1114 1586 ,
1132 1562 1165 1583 ut

206 1604 345 1641 impurus
356 1599 458 1629 helluo
467 1599 564 1629 turbet
572 1597 800 1638 rempublicam,
811 1606 842 1627 ut
852 1596 867 1626 a
878 1595 1044 1636 majoribus
1055 1593 1164 1625 nostris

205 1640 399 1685 poss'essiones
409 1639 518 1670 relictas
528 1640 682 1680 disperdat,
695 1638 729 1669 &
738 1637 871 1678 diffipet:
895 1647 927 1668 ut
938 1635 971 1667 sit
983 1647 1048 1667 non
1060 1634 1165 1666 minus

206 1688 243 1716 in
251 1683 356 1724 populi
364 1685 458 1713 Rom.
469 1684 653 1722 patrimonio
667 1690 771 1721 nepos,
782 1680 872 1721 quam
882 1681 915 1709 in
923 1679 986 1710 suo.
1010 1678 1168 1710 Proscribit

207 1728 245 1758 in
255 1726 304 1756 sua
315 1725 379 1767 lege
387 1723 553 1765 veetigalia,
564 1733 629 1764 quae
641 1722 807 1753 decemviri
816 1721 958 1755 vendant,
972 1722 1030 1751 hoc
1039 1719 1165 1760 est‚pro-

207 1767 312 1800 scribit
328 1765 501 1797 ati-{tionem
519 1766 712 1805 publicorum
729 1765 890 1794 bonorum.
913 1772 997 1804 agros
1009 1764 1071 1792 emi
1087 1762 1164 1794 vult,

210 1811 264 1852 qui
275 1808 464 1839 dividantur:
475 1808 581 1848 quaerit
590 1808 759 1847 pecuniam.
772 1805 913 1836 videlicet
921 1804 1101 1845 excogitabit
1109 1803 1164 1833 ali-

209 1851 283 1894 quid
296 1871 304 1884 ,
322 1858 406 1891 atque
425 1847 535 1879 afferet.
567 1858 639 1878 nam
657 1847 857 1888 superioribus
872 1846 1018 1886 capitibus
1036 1845 1164 1886 dignitas

209 1894 317 1936 populi
334 1895 430 1922 Rom.
453 1890 618 1920 violabatur
637 1901 644 1919 ι
667 1900 781 1920 nomen
804 1890 925 1928 imperii
946 1890 978 1918 in
1000 1897 1167 1918 commune

211 1936 319 1966 odium
329 1933 411 1964 orbis
420 1942 501 1963 terrae
512 1932 673 1963 vocabatur
683 1942 689 1961 z
708 1931 795 1961 urbes
804 1939 920 1971 pacatae,
931 1932 990 1971 agri
1002 1930 1165 1962 sociorum,

208 1987 317 2019 regum
329 1975 416 2005 status
429 1978 438 1993 ¹
451 1974 631 2005 decemviris
641 1973 845 2004 donabantur:
864 1982 946 2002 nunc
955 1971 1093 2011 praescnS,
1105 1980 1168 2000 cer-

211 2029 257 2053 ta,
270 2018 396 2059 pecunia
404 2025 569 2050 numerata,
583 2017 733 2057 quaeritur.
757 2012 920 2054 Exspe&o‚
946 2013 1018 2054 quid
1029 2013 1166 2043 tribunus

209 2061 307 2103 plebis
315 2059 444 2100 vigilans
455 2078 464 2092 ,
485 2058 518 2088 δε
526 2068 629 2088 acutus
640 2067 715 2087 exco
738 2058 798 2087 itet.
834 2058 937 2085 Venear
946 2075 954 2089 ,
966 2057 1066 2096 inquit
1075 2054 1168 2100 ,silva

207 2102 338 2134 Scantia.
362 2098 474 2131 Utrum
489 2100 609 2130 tandem
620 2101 696 2130 hanc
717 2100 807 2129 ilvam
818 2099 850 2127 in
860 2096 972 2127 reliffis
980 2095 1168 2137 poss'essioni-

208 2145 286 2177 bus,
306 2153 344 2173 an
364 2144 396 2172 in
413 2142 573 2172 censorum
587 2141 701 2181 pascuis
712 2139 854 2170 invenisti
869 2141 880 2168 ?
897 2138 992 2179 siquid
1004 2138 1065 2172 est,
1085 2137 1167 2179 quod

210 2185 358 2226 indagaris
369 2204 377 2217 ‚
391 2185 543 2213 inveneris
551 2204 558 2217 ,
576 2193 614 2213 cx
624 2182 753 2212 tenebris
762 2183 871 2210 erueris
882 2200 891 2214 ‚
910 2190 1094 2221 quamquam
1106 2181 1167 2209 ini-

212 2237 308 2268 quum
319 2225 371 2260 est,
381 2234 481 2255 tamen
491 2226 582 2255 consu
588 2235 646 2258 me,
657 2225 802 2264 quoniam
811 2222 1013 2252 commodum
1023 2221 1076 2255 est,
1090 2231 1167 2262 quo-

211 2278 296 2300 mam
309 2267 432 2309 quidem
444 2276 475 2297 tu
488 2266 623 2297 attulisti.
647 2264 750 2296 silvam
761 2263 833 2294 vero
845 2273 876 2294 tu
885 2265 1032 2293 Scantiam
1043 2263 1164 2297 vendas,

213 2310 304 2341 nobis
313 2309 485 2340 consulibus
495 2328 503 2342 ,
521 2318 607 2349 atque
618 2308 676 2337 hoc
685 2307 785 2337 senatu
798 2309 808 2335 ?
830 2315 863 2335 tu
879 2305 977 2335 ullum
986 2304 1114 2345 veffigal
1123 2314 1165 2335 at—

210 2355 308 2393 tingas
320 2354 331 2380 ?
354 2360 386 2380 tu
397 2350 501 2390 populi
511 2351 643 2380 Romani
646 2347 772 2390 subsidia
782 2347 842 2376 belli
854 2351 864 2377 ἓ
885 2355 916 2377 tu
928 2347 1169 2387 ornamenrapacis

210 2396 318 2434 eripias
331 2395 342 2422 ?
358 2395 441 2423 Tum
454 2391 524 2421 vero
538 2393 596 2421 hoc
605 2401 654 2420 me
666 2392 840 2421 inertiorem
849 2387 1165 2427 consulcmjudicabo,

211 2445 304 2477 quam
315 2434 384 2464 illos
393 2431 570 2464 fortissimos
579 2435 660 2463 viros
671 2453 679 2466 ,
690 2434 741 2473 qui
750 2431 827 2472 apud
839 2432 966 2470 majores
975 2429 1092 2459 nostros
1102 2428 1169 2459 fuc—

212 2486 297 2508 runt:
318 2475 398 2517 quod
410 2496 417 2509 ‚
436 2485 501 2516 qua:
511 2474 665 2516 ve&igalia
675 2494 683 2508 ‚
706 2474 766 2503 illis
776 2472 950 2503 consulibus
960 2492 969 2506 ,
980 2472 1094 2511 populo
1105 2473 1169 2502 Ro-

215 2525 398 2558 manoparta
408 2517 475 2548 sunt
485 2537 494 2550 ,
518 2527 551 2547 ea
562 2537 570 2550 ,
592 2527 642 2546 me
656 2515 778 2546 consule
789 2534 797 2549 ,
810 2524 847 2544 ne
856 2514 967 2543 retineri
976 2513 1100 2554 quidem
1109 2523 1165 2552 po—

216 2559 302 2590 tuiss‘c
316 2559 537 2599 judicabuntur.
581 2557 695 2588 Vendit
713 2557 804 2588 Italiae
814 2554 1005 2596 poss‘ess‘iones
1015 2565 1053 2585 ex
1062 2555 1168 2584 ordine

216 2604 346 2632 omneis.
370 2601 436 2631 sane
457 2599 500 2631 est
516 2602 548 2630 in
561 2610 599 2630 eo
612 2599 750 2641 diligens.
773 2599 889 2628 nullam
897 2599 981 2627 enirn
991 2597 1171 2636 praetcrmit-

215 2646 252 2674 tit
263 2663 271 2676 ‚
291 2647 305 2662 ²
316 2642 496 2682 persequitur
512 2644 545 2672 in
554 2642 662 2672 tabulis
675 2642 819 2672 censoriis
829 2648 921 2670 totam
932 2640 1075 2670 Siciliam.
1099 2639 1170 2668 nul-

215 2686 246 2715 lu
253 2695 283 2714 tn
291 2682 453 2714 aedificium
466 2696 474 2718 3
485 2684 585 2713 nullos
596 2693 679 2725 agros
690 2683 842 2723 relinquit.
854 2680 987 2711 Audistis
995 2679 1169 2711 auffionem

1201 1219 1233 1248 in
1249 1218 1386 1249 mensem
1394 1218 1568 1260 Januarium
1581 1227 1587 1247 ε
1608 1217 1652 1251 δε,
1666 1217 1766 1250 credo,
1781 1227 1844 1248 non
1853 1217 1995 1250 dubitatis
2006 1240 2014 1255 ‚
2025 1222 2100 1262 quin
2110 1222 2158 1253 id-

1200 1262 1280 1290 circo
1291 1261 1354 1290 haec
1365 1280 1373 1293 ,
1386 1262 1479 1290 aerarii
1490 1261 1572 1291 causa
1586 1280 1595 1293 ,
1608 1270 1671 1290 non
1681 1259 1872 1290 vendiderint
1883 1263 1904 1290 ii
1916 1281 1924 1295 ‚
1936 1264 1987 1302 qui
2001 1267 2091 1293 armis
2102 1284 2110 1298 ‚
2123 1265 2157 1295 δε

1199 1303 1308 1332 virtute
1317 1311 1505 1342 pepererunt,
1516 1311 1548 1332 ut
1556 1299 1723 1342 effet,quod
1734 1311 1802 1335 nos,
1813 1302 1968 1342 largitionis
1977 1305 2072 1344 causis,
2085 1316 2160 1336 ven-

1201 1342 1349 1374 deremus.
1372 1343 1472 1374 videte
1482 1354 1563 1374 nunc
1574 1364 1582 1377 ,
1597 1347 1609 1371 3
1620 1343 1718 1384 quoad
1728 1341 1831 1374 fecerit
1840 1345 1896 1373 iter
1908 1347 2037 1384 apertius
2048 1367 2056 1379 ‚
2068 1347 2159 1387 quam

1201 1393 1298 1415 antea.
1331 1395 1401 1415 nam
1430 1386 1579 1425 superiore
1600 1394 1680 1425 parte
1698 1385 1770 1426 legis
1791 1386 2048 1425 quemadmodum
2068 1391 2161 1419 Pom-

1201 1428 1304 1467 pejum
1324 1436 1547 1468 oppugnarent,
1564 1427 1580 1457 a
1599 1437 1648 1457 me
1668 1426 1790 1458 indicati
1801 1427 1868 1457 sunt
1880 1438 1884 1456 :
1905 1430 2054 1469 nuncjam
2066 1430 2094 1460 se
2105 1428 2158 1470 ipsi

1202 1468 1387 1499 indicabunt.
1407 1469 1521 1511 Jubent
1531 1471 1633 1499 venire
1642 1479 1726 1509 agros
1737 1467 1944 1503 Attalensium,
1956 1479 2041 1511 atque
2051 1472 2161 1511 Olym-

1202 1521 1363 1551 penorum.
1387 1512 1442 1541 hos
1450 1511 1563 1551 populo
1573 1513 1667 1541 Rom.
1676 1510 1806 1543 Servilii,
1817 1509 1972 1541 fortiss'imi
1980 1515 2047 1546 viri,
2059 1513 2160 1544 vi&o-

1203 1555 1245 1583 ria
1255 1552 1403 1591 adjunxit.
1427 1552 1534 1583 deinde
1546 1563 1629 1594 agros
1641 1554 1674 1582 in
1685 1551 1864 1582 Macedonia
1872 1554 1979 1595 regios,
1990 1556 2043 1595 qui
2052 1557 2159 1595 partim

1205 1598 1242 1625 T.
1254 1595 1438 1628 Flaminini,
1464 1597 1572 1634 partim
1588 1596 1623 1624 L.
1635 1594 1747 1628 Paulli,
1767 1595 1820 1634 qui
1831 1594 1935 1624 Persen
1944 1597 2036 1629 vicit,
2050 1598 2162 1627 virtute

1205 1638 1278 1676 parti
1288 1637 1355 1667 sunt
1366 1647 1370 1664 1
1390 1636 1499 1667 deinde
1512 1640 1529 1663 4
1538 1646 1640 1677 agrum
1652 1637 1804 1676 optimum
1814 1655 1823 1669 ,
1846 1635 1879 1666 δε
1889 1635 2162 1670 fruc‘tuofiffimum

1206 1679 1410 1712 Corinthium,
1423 1679 1475 1718 qui
1487 1679 1673 1708 L.Mummii
1681 1678 1821 1717 imperio,
1831 1687 1863 1708 ac
1872 1676 2012 1708 felicitate
2022 1679 2058 1710 ad
2068 1678 2166 1710 veeti-

1204 1720 1279 1762 galia
1288 1720 1391 1760 populi
1400 1722 1496 1750 Rom.
1508 1718 1665 1759 adjun8ms
1676 1717 1718 1748 est
1738 1729 1742 1747 z
1762 1717 1829 1758 post
1846 1727 1945 1749 autem
1966 1730 2049 1761 agros
2062 1723 2096 1750 in
2104 1722 2166 1751 Hi·-

1205 1763 1305 1801 spania
1312 1762 1388 1801 apud
1398 1762 1507 1792 Kartha
1528 1762 1612 1791 inem
1625 1770 1736 1790 novam
1748 1780 1756 1793 ‚
1777 1760 1907 1790 duorum
1921 1763 2099 1800 Scipionum
2109 1772 2166 1793 ex·-

1206 1804 1282 1834 imia
1299 1804 1408 1833 virtute
1426 1772 1586 1843 possessos:
1606 1811 1670 1832 tum
1680 1801 1752 1831 veio
1762 1802 1854 1841 ipsam
1865 1810 1998 1833 veterem
2008 1805 2165 1845 Karthagi-

1207 1855 1279 1875 nem
1288 1845 1443 1878 vendunt,
1455 1854 1544 1886 quam
1557 1847 1586 1874 P.
1600 1843 1758 1874 Africanus
1769 1843 1907 1872 nudatam
1917 1842 1993 1874 testis
2003 1865 2012 1879 ,
2023 1846 2166 1876 acmoem'.

1208 1886 1267 1921 hus,
1283 1885 1340 1917 five
1356 1886 1391 1917 ad
1404 1886 1568 1917 notandam
1580 1887 1688 1916 Kartha
1712 1883 1872 1915 iniensium
1883 1885 2092 1922 calamitatem,
2104 1885 2167 1918 five

1206 1929 1242 1959 ad
1264 1926 1478 1959 testificandam
1496 1927 1628 1958 nostram
1648 1929 1678 1957 vi
1713 1929 1808 1957 oriam
1822 1947 1832 1961 ‚
1853 1925 1910 1958 five
1922 1927 1957 1958 ad
1967 1928 2098 1959 oblatam
2109 1929 2166 1959 ali-

1207 1980 1297 2012 quam
1308 1971 1501 2010 religionem,
1516 1970 1550 2000 ad
1561 1979 1701 2000 aeternam
1712 1970 1877 2000 hominum
1887 1970 2052 2001 memoriam
2060 1971 2167 2001 conse·

1208 2014 1308 2043 cravit.
1333 2014 1389 2042 His
1400 2010 1563 2052 insignibus
1576 2031 1584 2045 ,
1595 2020 1683 2053 atque
1697 2010 1803 2041 infulis
1812 2013 1931 2052 imperii
1941 2012 2085 2046 venditis,
2097 2013 2167 2053 qui-

1209 2055 1263 2086 bus
1285 2057 1298 2081 5
1307 2063 1441 2084 ornatam
1455 2053 1543 2084 vobis
1564 2054 1692 2093 majores
1711 2052 1801 2083 vestri
1812 2052 2028 2093 rempublicam
2038 2053 2166 2085 tradide-

1208 2105 1296 2129 runt,
1304 2096 1412 2136 jubent
1423 2105 1474 2125 eos
1483 2105 1566 2137 agros
1576 2096 1680 2125 venire
1691 2115 1700 2128 ‚
1717 2103 1795 2135 quos
1804 2104 1857 2124 rex
1868 2095 2061 2126 Mithridates
2069 2098 2102 2125 in
2112 2098 2167 2126 Pa-

1207 2138 1377 2179 phlagonia,
1388 2140 1496 2172 Ponto,
1508 2136 1748 2178 Cappadociaque
1758 2134 1927 2175 poss’ederit.
1944 2138 2030 2167 Num
2042 2137 2166 2168 obscuro

1206 2179 1362 2213 videntur,
1381 2178 1472 2219 prope
1485 2177 1562 2215 hasta
1568 2180 1688 2219 preconia
1698 2199 1706 2211 ,
1719 2176 1856 2208 inse&ari
1865 2179 1920 2207 Cn.
1932 2179 2069 2218 Pompeji
2079 2188 2166 2208 exer-

1207 2224 1320 2254 citum,
1347 2221 1643 2262 quivenirejubeant
1653 2229 1703 2249 eos
1714 2219 1794 2258 ipsos
1805 2228 1889 2259 agros
1902 2238 1911 2252 ,
1934 2220 1967 2248 in
1984 2219 2094 2260 quibus
2112 2220 2167 2250 ille

1207 2265 1297 2293 etiam
1307 2273 1389 2293 nunc
1399 2262 1514 2292 bellum
1524 2270 1603 2302 gerat
1614 2281 1622 2295 ,
1635 2269 1721 2301 atque
1731 2260 1886 2290 versetur?
1905 2262 1973 2290 Hoc
1982 2259 2056 2290 verb
2066 2261 2166 2301 cujus·
2185 2277 2200 2309 3

1209 2304 1295 2335 modi
1304 2303 1347 2334 est
1359 2325 1367 2337 ‚
1392 2303 1473 2344 quod
1484 2304 1547 2342 ejus
1556 2302 1705 2333 auffionis
1715 2321 1723 2335 ,
1736 2311 1825 2342 quarn
1835 2300 2023 2333 constituunt
2033 2322 2042 2337 ‚
2061 2303 2164 2333 locum

1207 2345 1260 2376 sibi
1279 2346 1399 2375 nullum
1417 2343 1567 2375 definiunt
1579 2347 1590 2373 ?
1607 2354 1678 2374 nam
1699 2343 1878 2373 decemviris
1892 2363 1901 2378 ‚
1920 2344 2029 2384 quibus
2047 2346 2080 2374 in
2090 2345 2167 2375 locis

1208 2387 1271 2430 ipfis
1281 2388 1424 2420 videatur,
1435 2386 1587 2417 vendendi
1617 2384 1721 2417 otestas
1737 2385 1763 2414 le
1785 2394 1800 2413 e
1812 2387 2004 2427 permittitur.
2029 2386 2167 2417 Censori—

1208 2429 1263 2459 bus
1272 2428 1428 2470 veetigalia
1436 2429 1542 2462 locare,
1556 2396 1614 2458 nilij
1621 2429 1653 2457 in
1665 2395 1802 2466 conspecgu
1809 2427 1905 2468 populi
1916 2430 1997 2458 Rom.
2009 2428 2166 2459 nonlicet.

1209 2472 1255 2500 his
1273 2470 1402 2500 vendere
1421 2470 1469 2500 vel
1489 2471 1521 2500 in
1532 2469 1648 2500 ultimis
1658 2472 1743 2499 terris
1753 2468 1877 2498 licebit?
1897 2471 1936 2499 At
1947 2470 2004 2500 hoc
2012 2471 2104 2500 etiam
2112 2479 2167 2500 ne-

1207 2511 1343 2553 quissimi
1354 2513 1494 2542 homines
1505 2531 1513 2545 ,
1533 2512 1701 2542 consumtis
1708 2511 1899 2550 patrimoniis
1911 2530 1919 2544 ‚
1937 2509 2070 2545 faciunt,
2090 2513 2165 2542 utin

1208 2556 1290 2584 atriis
1299 2553 1492 2584 auaionariis
1502 2552 1604 2593 potitis
1613 2573 1621 2587 ‚
1642 2562 1732 2594 quam
1742 2553 1775 2581 in
1784 2553 1880 2582 triviis
1893 2574 1901 2586 ‚
1916 2560 1964 2582 aut
1975 2554 2007 2583 in
2019 2554 2162 2593 compitis

1208 2595 1428 2626 atiCtionentur.
1451 2596 1499 2625 hic
1507 2595 1711 2634 permittitsua
1720 2594 1783 2634 lege
1795 2593 1984 2628 decemviris,
1997 2603 2042 2628 ut,
2053 2597 2085 2625 in
2097 2597 2168 2636 qui-

1210 2638 1266 2668 bus
1284 2637 1487 2667 commodum
1501 2636 1534 2667 s1t
1551 2637 1680 2668 tenebris
1691 2656 1700 2670 ‚
1722 2644 1755 2666 ut
1770 2637 1801 2664 in
1816 2645 1873 2676 qua
1886 2636 1982 2666 velint
1991 2636 2166 2671 solitudine,

1210 2680 1289 2710 bona
1312 2679 1417 2719 populi
1434 2682 1530 2710 Rom.
1551 2678 1662 2719 possint
1680 2676 1849 2708 divendere.
1880 2678 1950 2719 Jam
1962 2678 2013 2708 illa
2024 2678 2169 2709 omnibus

213 2727 321 2768 populi
331 2728 465 2756 Romani
473 2726 667 2766 proscriptam
678 2725 693 2756 a
705 2725 826 2756 tribuno
842 2723 938 2764 plebis
949 2743 957 2757 ,
977 2721 1171 2753 constitutam
1188 2741 1192 2755 .
1210 2724 1242 2752 in
1251 2723 1415 2762 provinciis
1427 2741 1436 2755 ‚
1447 2723 1544 2763 regnis
1556 2741 1565 2755 ,
1588 2720 1690 2751 liberis
1699 2719 1818 2761 populis
1828 2729 1920 2760 quarn
1933 2719 2034 2750 acerba
2044 2740 2054 2754 ‚
2073 2720 2164 2763 quam

2059 2760 2172 2792 formi-

305 2838 351 2864 Al.
362 2847 402 2874 pr.
413 2837 572 2874 adscriptum
583 2839 660 2865 habet
672 2849 679 2869 3
690 2838 774 2866 decise
786 2840 800 2864 it
811 2838 894 2874 princi
915 2838 940 2864 io
952 2836 1017 2863 folia
1026 2835 1089 2863 duo.

345 2882 366 2899 i.
386 2876 528 2900 Decemviri&
546 2875 722 2909 ammanium]
744 2875 799 2901 Alii
810 2848 951 2900 emendant
971 2872 1171 2898 condonabantur.

306 2908 376 2945 quoti
387 2910 478 2936 eodem
491 2910 600 2942 redit‚&
614 2920 700 2936 tumen
711 2911 746 2937 cst
756 2918 848 2937 contra
857 2909 914 2936 mss.
926 2908 1073 2944 editosque,
1084 2909 1172 2943 itaque

216 2952 314 2983 praeter
332 2945 461 2971 librorum
480 2945 669 2972 auEtoi'itateiii
682 2947 745 2972 iiiliil
761 2955 855 2972 moveo
867 2966 874 2978 ,
893 2953 922 2972 ut
934 2945 996 2971 fecit
1008 2944 1151 2970 Lambinus
1166 2964 1173 2976 ,

218 2982 266 3018 qui
276 2980 468 3007 corre-{tionem
480 2982 587 3008 Ptitcuiil
597 2983 714 3017 alioquin
725 2983 852 3017 iiiliguein
864 2981 956 3009 intulit
966 2980 1040 3006 libris
1051 2980 1146 3006 Tullii.

258 3027 286 3043 2.
305 3018 456 3051 'Pwfiqta'tur
466 3020 491 3042 in
500 3019 585 3043 tabulis
595 3019 778 3053 ctrifirii's,.;{·‘c.j
791 3020 921 3045 Puteanus
932 3017 1103 3050 mallet‚pc›J:
1115 3022 1141 3040 nt
1150 3019 1175 3041 isi

219 3054 319 3079 tabulis.
341 3063 391 3079 non
403 3053 481 3079 male.

259 3097 285 3124 3.
303 3089 386 3121 Qcail
396 3090 479 3122 feccrit
496 3091 542 3114 iter
561 3090 690 3124 aper-rius]
714 3092 754 3116 Ita
766 3089 825 3115 libi-i
838 3089 924 3125 scripti
936 3090 961 3115 &
974 3087 1103 3115 editiones
1115 3095 1175 3113 :inte

220 3124 253 3152 1².
263 3125 414 3152 Mammium
426 3144 434 3158 ,
444 3125 488 3162 qui
501 3125 614 3153 iiiulebat
624 3135 666 3162 quo
677 3126 820 3152 adimarum
829 3129 875 3152 iter
884 3133 963 3160 apert.
983 3134 1062 3161 quein
1072 3123 1174 3151 l'ecutiis

1215 2835 1249 2862 cst
1261 2835 1417 2867 Lambinus,
1427 2835 1535 2870 aliique.
1555 2832 1640 2860 nestio
1650 2834 1729 2868 quarn
1740 2832 1817 2857 bene.
1829 2829 1933 2865 vulgata
1943 2830 2001 2856 sani:
2012 2824 2084 2864 :eque
2097 2829 2170 2861 recta

1215 2872 1260 2898 est.
1281 2871 1442 2898 Gulielmius
1453 2869 1607 2905 conjiciebat
1619 2888 1627 2900 ‚
1638 2869 1681 2902 quo
1692 2868 1793 2901 adegerit
1801 2870 1856 2892 iter.

1250 2914 1278 2941 4.
1298 2910 1386 2940 Agrum
1395 2911 1503 2940 optimum
1512 2904 1694 2939 &ftut‘lmfiss.]
1716 2905 1746 2929 Ρ.
1759 2901 1892 2929 Manutius
1903 2900 2047 2937 publicavit
2061 2903 2169 2933 opimum,

1217 2950 1311 2979 praetci·
1329 2942 1422 2979 scripta
1440 2941 1602 2978 exemplaria
1613 2949 1620 2971 3
1641 2949 1699 2975 quae
1717 2938 1749 2965 fic
1766 2939 1864 2965 iteruin
1875 2936 1990 2963 scribunt
2001 2938 2120 2964 oratione
2130 2938 2171 2964 le-

1218 2979 1309 3015 queiiti
1322 2997 1330 3010 ,
1341 2979 1424 3015 capite
1433 2986 1460 3010 4.

1255 3024 1280 3049 5.
1300 3019 1415 3040 Ornatam
1424 3014 1487 3039 vohis
1497 3013 1594 3046 majores
1603 3011 1704 3045 vesti-12]
1716 3009 1813 3036 Nihilo
1823 3008 1938 3036 deterius
1951 3008 2006 3034 Pal.
2017 3018 2058 3045 pr.
2068 3009 2095 3035 8<
2106 3007 2170 3035 editi

1218 3051 1339 3087 primitus
1353 3070 1360 3081 ,
1378 3050 1440 3075 nobis
1451 3051 1549 3082 majores
1558 3050 1636 3080 nostri.
1658 3046 1791 3073 Manutius
1805 3046 1901 3081 recepit
1911 3045 1982 3081 prius
1996 3064 2003 3076 ,
2021 3045 2113 3074 abnuit
2121 3054 2171 3081 po-

1219 3087 1321 3113 sterius.
1332 3095 1410 3121 quzre
1423 3104 1430 3116 ,
1443 3084 1536 3111 nescio.
1557 3083 1573 3109 si
1583 3081 1819 3119 obtemperandum
1831 3083 1882 3108 crit
1896 3081 1952 3107 l'al.
1962 3080 2010 3106 sec.
2021 3080 2087 3108 illud
2097 3082 2173 3113 ‘vestri

1220 3131 1307 3151 totuin
1317 3121 1475 3155 delebimus,
1487 3127 1578 3156 utpote
1589 3119 1627 3156 cuj
1633 3128 1661 3147 us
1671 3117 1776 3147 nullum
1786 3118 1813 3145 in
1824 3127 1855 3146 eo
1866 3116 2011 3153 exemplari
2023 3116 2169 3177 vestigigm.

2071 3161 2096 3180 ι.
2127 3159 2173 3177 uu
