2316 3395
174 891 218 924 27

186 1842 229 1875 28

231 150 297 200 4²·
661 130 729 178 M.
796 117 1155 175 TuL'L11

228 216 353 257 alicujus
363 217 374 235 ¹
387 214 477 245 annui
490 234 497 248 ,
509 211 655 244 menstrui
668 235 675 246 ,
688 213 787 243 diurni
801 233 808 244 ‚
822 209 1001 240 noenu-nive
1014 208 1095 248 spatii
1104 215 1182 237 certa

229 257 454 300 significatione.
479 259 515 286 In
526 257 582 286 hoc
592 255 625 285 &
634 265 698 296 qua:
709 255 910 294 praeterierunt
924 272 931 284 ,
952 249 1183 282 considerantur,

231 302 267 332 ὃς
286 309 392 330 eorum
410 299 540 338 ipsorum
551 318 558 331 ,
579 307 643 337 quae
652 304 770 336 propter
779 293 954 324 vetustatem
964 292 1185 324 obsoleverunt,

231 351 266 373 ut
285 340 473 371 incredibilia
483 339 653 370 videantur,
676 337 777 376 &jam
790 338 822 366 in
840 335 1007 364 fabularum
1026 342 1188 363 numerum

235 388 251 404 ²
262 390 458 423 reponantur:
483 382 514 411 &
524 391 587 420 quae
599 380 656 414 {am
667 378 717 408 diu
728 376 805 417 gesta
815 397 822 410 ,
847 376 879 406 &
897 376 911 406 a
934 377 1081 405 memoria
1091 373 1190 404 nostra

234 433 359 457 remota,
373 432 472 453 tamen
482 421 589 452 faciant
601 419 702 452 fidem,
713 419 782 449 vere
793 418 895 448 tradita
905 416 962 447 efl'e
973 438 981 451 ,
992 415 1074 458 quod
1084 425 1189 446 eorum

235 473 437 497 monumenta
456 473 532 493 certa
551 465 583 491 in
603 462 706 491 litteris
726 459 858 490 exstent:
880 460 912 489 &
930 469 994 500 quae
1013 468 1107 498 nuper
1116 456 1192 499 gesta

235 507 301 540 sint,
315 516 379 547 quse
390 506 459 535 scire
469 505 601 544 plerique
613 501 721 542 possint
733 511 738 530 ·.
755 504 786 532 ὃς
798 504 870 531 item
880 511 944 542 quae
956 499 1066 530 instent
1077 502 1109 529 in
1118 509 1191 539 prae-

234 550 338 585 sentia,
352 548 384 576 ὃς
393 557 456 587 qua:
469 544 603 575 maxime
615 543 696 577 liant,
711 544 742 574 ἃ
753 553 817 584 qua:
828 543 1056 583 consequantur.
1079 544 1115 570 In
1125 543 1192 582 qui-

236 591 292 620 bus
303 588 396 629 potest
406 586 581 617 considerari
594 607 601 619 ‚
615 586 687 627 quid
699 595 789 626 ocyus
803 606 810 617 ‚
831 585 863 614 &
873 585 944 625 quid
958 585 1048 614 serius
1056 582 1191 612 futurum

235 630 280 661 sit.
313 633 348 660 Et
366 631 440 658 item
460 630 664 658 communiter
682 629 715 657 in
727 636 858 666 tempore
871 625 1075 666 perspiciendo
1085 624 1193 664 longin-

238 673 336 714 quitas
358 671 419 709 ejus
440 669 482 699 est
492 668 708 699 consideranda.
732 679 802 698 nam
815 668 886 707 saepe
898 676 1012 706 oportet
1022 667 1194 696 commetiri

238 723 310 743 cum
321 722 453 751 tempore
464 713 619 751 negotium
633 731 640 744 ,
663 711 695 740 δε
705 710 805 740 videre
820 714 831 736 3
844 711 1009 749 potueritne
1020 717 1068 737 aut
1078 708 1196 748 magni-

240 755 314 784 tudo
334 755 464 795 negotii,
486 762 536 782 aut
547 752 711 782 multitudo
724 762 822 781 rerum
835 754 865 780 in
878 761 913 780 eo
924 749 1038 790 transigi
1049 758 1195 788 tempore.

242 795 448 826 Consideratur
457 804 554 824 autem
568 803 684 833 tempus
698 794 729 823 ἃς
740 795 809 822 anni
822 813 829 826 ‚
843 793 874 822 ἅτ
885 790 992 821 mensis
1005 812 1012 823 ,
1027 792 1058 821 &
1069 791 1128 820 diei
1142 811 1148 822 ,
1163 790 1195 818 ὃς

240 837 338 868 ῃοξὶίε
350 858 357 871 ,
379 837 412 867 δε
421 836 530 876 vigiliae
542 856 550 868 ‚
573 836 604 865 &
616 837 694 865 'norae
707 857 714 867 ‚
730 835 761 864 δε
771 837 802 863 in
813 835 909 874 aliqua
919 842 996 872 parte
1005 833 1129 870 alicujus
1143 833 1196 860 ‘no-

241 890 321 911 rum.
367 878 474 918 Occasio
494 887 592 907 autem
605 897 612 911 ‚
634 876 675 906 est
684 886 747 916 pars
759 877 901 915 temporis
913 894 921 907 ‚
942 874 1052 903 habens
1063 875 1095 902 in
1106 874 1134 903 se
1145 873 1199 902 ali-

242 922 327 959 euius
346 922 388 950 rei
408 920 548 949 idoneam
566 918 694 948 faciendi
713 926 760 947 aut
780 926 843 946 non
853 915 982 946 faciendi
993 915 1198 954 opportunita-

242 958 316 1002 tem.
339 971 427 1002 quare
438 971 508 990 curn
520 969 653 999 tempore
666 960 722 989 'noc
734 957 843 988 differt.
868 967 938 986 nam
957 966 1063 998 genere
1074 955 1197 996 quidem

242 1008 403 1044 utrumque
421 1002 503 1032 idem
523 1000 580 1031 effe
600 1001 790 1042 intelligitur:
815 998 920 1029 verum
942 1000 974 1027 in
993 1007 1126 1037 tempore
1138 998 1199 1036 spa-

243 1048 321 1077 tium
333 1043 560 1085 quodammodo
572 1043 730 1072 declaratur
741 1062 748 1075 ,
761 1041 841 1082 quod
852 1043 884 1070 in
894 1043 991 1072 annis,
1003 1049 1052 1069 aut
1063 1041 1095 1068 in
1106 1047 1198 1070 anno,

244 1090 336 1118 autin
347 1087 443 1127 aliqua
453 1087 523 1115 anni
534 1094 610 1124 parte
623 1083 766 1124 spe6tatur
778 1094 782 1112 z
807 1085 839 1112 in
850 1080 1013 1113 occasione,
1025 1081 1059 1110 ad
1072 1081 1197 1120 spatium

245 1130 399 1169 temporis,
411 1127 539 1157 faciendi
550 1126 684 1166 quaedam
695 1126 896 1165 opportunitas
907 1123 1083 1163 intelligitur
1091 1121 1136 1161 adj
1142 1131 1198 1150 un-

245 1170 302 1200 eta.
327 1180 412 1210 quare
423 1168 491 1198 cum
503 1178 609 1208 genere
619 1167 701 1197 idem
714 1166 746 1197 sit
756 1187 763 1200 ,
786 1165 816 1195 fit
826 1165 905 1196 aliud
917 1185 924 1198 ,
945 1163 1027 1204 quod
1039 1172 1117 1203 parte
1128 1172 1200 1204 qua-

245 1213 315 1243 dam
327 1232 335 1245 ,
348 1212 380 1240 &
392 1211 485 1250 specie
495 1230 502 1243 ,
516 1209 690 1238 utdiximus
701 1229 708 1243 ,
731 1207 854 1238 differat.
888 1209 958 1236 Haec
971 1205 1158 1235 distribuitur
1168 1206 1200 1233 in

244 1255 300 1284 tria
308 1263 422 1294 genera,
435 1251 601 1291 publicum,
613 1260 788 1283 commune,
804 1248 956 1290 singulare.
988 1245 1137 1276 Ptiblicnm
1147 1244 1198 1279 est,

247 1296 328 1336 quod
339 1295 441 1324 civitas
453 1293 586 1322 universa
595 1293 692 1332 aliqua
701 1292 736 1321 de
746 1292 828 1321 causa
837 1294 1047 1331 frequentatmt
1058 1287 1200 1320 ludi,dies

246 1336 339 1368 festus
350 1357 358 1370 ‚
379 1335 503 1365 bellum.
546 1336 692 1363 Commune
701 1354 708 1367 ‚
732 1333 812 1374 quod
822 1334 927 1362 accidit
937 1331 1081 1361 omnibus
1091 1329 1200 1359 eodem

247 1378 310 1409 fere
323 1387 457 1416 tempore
469 1397 477 1408 ,
490 1385 522 1405 ut
532 1373 640 1408 messis,
652 1376 817 1407 vindemia,
829 1374 917 1407 calor,
928 1372 1031 1412 frigus.
1056 1371 1203 1411 Singulare

247 1429 350 1450 autem
369 1418 411 1448 est
423 1439 430 1451 ‚
454 1417 534 1458 quod
553 1418 650 1457 aliqua
659 1417 694 1446 de
705 1417 786 1446 causa
797 1417 934 1456 privatim
946 1415 1020 1444 solet
1031 1415 1119 1443 alicui
1128 1414 1203 1442 acci-

250 1462 318 1491 dere
329 1482 338 1494 ,
351 1469 384 1490 ut
394 1469 502 1499 nuptiae
515 1480 523 1492 ,
535 1458 710 1489 sacrificium
724 1479 731 1491 ,
743 1457 832 1487 funus
845 1478 852 1491 ‚
864 1458 1055 1488 convivium,
1068 1456 1203 1485 somnus.

249 1503 355 1534 ,Modus
364 1511 462 1531 autem
474 1500 516 1530 est
527 1522 535 1533 ,
548 1503 579 1529 in
590 1511 650 1541 quo
661 1521 668 1534 ‚
690 1499 948 1540 quemadmodum
959 1518 967 1532 ‚
990 1498 1021 1527 &
1031 1507 1091 1539 quo
1101 1498 1204 1526 animo

248 1544 365 1576 faetum
377 1542 410 1573 sit
420 1563 428 1576 ,
443 1545 590 1583 quaeritur.
614 1543 676 1581 ejus
685 1551 778 1581 partes
788 1542 855 1571 sunt
865 1561 872 1574 ‚
884 1540 1038 1580 prudentia
1048 1539 1080 1568 ὃς
1091 1540 1206 1578 impru-

250 1586 362 1616 dentia.
394 1584 547 1614 Prudentia
564 1592 664 1614 autem
682 1585 755 1613 ratio
766 1584 904 1623 quaeritur
914 1592 951 1611 ex
963 1583 998 1611 iis
1010 1602 1018 1614 ,
1041 1591 1105 1621 quae
1115 1582 1203 1613 clam,

250 1628 358 1669 palam,
370 1628 412 1660 vi,
423 1624 606 1666 persuasione
616 1624 727 1655 fecerit.
748 1623 939 1666 Imprudentia
950 1631 1048 1653 autern
1059 1625 1091 1652 in
1101 1631 1206 1663 purga-

251 1672 370 1699 tionem
380 1667 541 1700 confertur,
553 1677 587 1696 cu
587 1677 598 1707 J
605 1677 637 1696 us
646 1675 739 1706 partes
749 1666 767 1696 s
765 1674 817 1695 unt
828 1666 991 1696 inscientia,
1003 1665 1093 1697 casus,
1105 1663 1208 1693 neces-

252 1710 317 1749 sitas
330 1721 335 1739 2
357 1710 388 1740 ὃς
399 1712 432 1739 in
442 1707 634 1739 affidfionem
644 1709 737 1738 animi
748 1728 757 1741 ‚
769 1709 827 1737 hoc
837 1706 878 1736 est
889 1706 1059 1737 molestiam
1070 1726 1078 1739 ,
1090 1707 1208 1736 iracun-

253 1752 334 1782 diam
349 1773 357 1785 ,
368 1761 503 1783 amorem
515 1771 522 1784 ‚
535 1751 567 1780 &
577 1759 671 1780 cetera
682 1770 690 1783 ,
711 1760 775 1790 quae
785 1751 817 1778 in
827 1748 917 1778 simili
926 1758 1031 1789 genere
1040 1748 1203 1777 versantur.

255 1793 414 1823 Facultates
425 1793 494 1822 sunt
503 1813 511 1825 ‚
533 1801 581 1823 aut
591 1792 699 1832 quibus
710 1791 827 1820 facilius
838 1789 889 1823 fit,
911 1799 959 1819 aut
969 1788 1027 1819 fine
1038 1789 1144 1830 quibus
1155 1788 1208 1818 ali-

257 1835 329 1877 quid
339 1833 451 1865 confici
460 1843 524 1863 non
542 1833 646 1873 potest.
679 1830 864 1871 „Adjuizii‘urn
880 1841 979 1862 autem
990 1830 1151 1871 negotioid
1162 1832 1210 1859 in—

253 1878 396 1918 telligitur
406 1896 414 1909 2
426 1875 507 1917 quod
517 1876 613 1915 majus
626 1896 633 1907 ,
647 1875 678 1904 δε
689 1874 769 1914 quod
782 1876 882 1903 minus
894 1894 902 1906 ‚
914 1873 946 1902 ὃς
955 1873 1036 1914 quod
1047 1871 1142 1901 simile
1154 1873 1209 1901 erit

253 1921 280 1948 ei
292 1920 414 1959 negotio
425 1938 432 1951 ,
444 1926 505 1958 quo
515 1916 552 1946 de
560 1918 664 1957 agitur,
677 1916 709 1945 ὃς
719 1916 799 1956 quod
810 1914 892 1955 aeque
904 1925 1045 1955 magnum
1057 1934 1065 1947 ,
1086 1914 1117 1943 &
1128 1913 1208 1954 quod

254 1961 447 1992 contrarium,
461 1959 493 1988 &
502 1959 583 1998 quod
594 1958 783 1996 disparatum,
797 1958 828 1986 ὃς
838 1966 943 1997 genus,
956 1958 988 1986 &
996 1956 1107 1996 pai·s,&
1117 1964 1208 1984 even-

254 2012 310 2033 tus.
334 2002 435 2039 ‚Majus
446 2020 454 2033 ,
467 1999 499 2029 δε
510 2002 611 2029 minus
622 2019 630 2032 ,
645 1999 677 2028 &c
686 1998 768 2039 atque
778 2008 923 2039 magnum
935 2019 942 2031 ‚
955 2008 993 2027 ex
1002 2000 1044 2030 vi,
1061 1997 1092 2027 ὃς
1103 2006 1140 2026 ex
1152 2007 1208 2026 nu-

256 2053 342 2074 mero
353 2063 361 2076 ,
375 2043 407 2072 &
416 2052 454 2071 ex
465 2041 555 2081 figura
564 2042 678 2081 negorii
690 2061 698 2073 ‚
715 2039 787 2070 licut
796 2050 834 2069 ex
844 2039 949 2070 statura
957 2041 1101 2079 corporis,
1114 2036 1209 2068 consi-

258 2085 381 2115 deratur.
410 2084 430 2113 S
433 2084 510 2112 imile
519 2091 618 2112 autem
630 2092 667 2111 ex
678 2083 772 2121 specie
781 2081 974 2121 comparabili
987 2092 991 2110 z
1012 2080 1210 2120 comparabile

258 2135 359 2157 autem
381 2135 418 2154 ex
437 2124 617 2155 conferenda
627 2144 636 2156 ,
659 2131 744 2163 atque
755 2121 935 2152 affimilanda
944 2131 1045 2152 natura
1052 2122 1209 2161 judicatur.

258 2167 436 2197 Contrarium
447 2165 498 2199 est,
514 2165 594 2206 quod
604 2163 733 2205 positum
742 2166 775 2193 in
785 2174 891 2204 genere
902 2163 1029 2195 diverso,
1043 2163 1078 2193 ab
1087 2162 1208 2194 eodem,

258 2211 306 2239 cui
317 2210 499 2238 contrarium
510 2206 567 2237 eil'e
577 2207 686 2237 dicitur
696 2226 704 2239 ‚
723 2203 890 2245 plurimum
903 2204 1007 2237 distat,
1023 2203 1155 2243 utfrigus
1165 2212 1212 2232 ca-

260 2253 317 2281 lori
329 2271 337 2283 ‚
349 2252 417 2279 vitae
428 2259 518 2279 mors.
552 2249 738 2288 D'isparatum
748 2255 846 2276 autem
858 2245 901 2276 est
910 2246 939 2276 id
951 2266 959 2279 ,
980 2245 1061 2286 quod
1071 2245 1106 2274 ab
1116 2245 1213 2283 aliqua

257 2303 289 2322 re
300 2302 352 2332 per
361 2289 580 2331 oppositionem
591 2291 755 2330 negationis
765 2289 918 2328 separatur,
932 2289 988 2317 hoc
998 2286 1103 2319 modo,
1116 2286 1211 2324 sapere

261 2334 295 2364 &
306 2343 367 2363 non
380 2334 484 2372 sapere.
514 2334 606 2361 Gema
617 2331 659 2361 est
668 2352 676 2364 ,
689 2330 769 2371 quod
779 2331 884 2369 parteis
893 2330 1003 2369 aliquas
1012 2326 1210 2367 amplectitur,

259 2384 292 2405 ut
302 2374 454 2414 cupiditas.
478 2376 546 2402 Pars
554 2372 596 2402 est
607 2394 614 2407 ‚
626 2383 691 2413 quae
701 2371 798 2402 subest
805 2373 905 2412 generi
918 2390 926 2404 ‚
939 2379 971 2400 ut
979 2379 1074 2402 amor,
1085 2370 1211 2398 avaritia.

259 2419 398 2449 Evcntm,
411 2414 453 2445 est
463 2416 586 2454 alicujus
596 2424 693 2444 eXitus
706 2416 830 2453 negotii,
842 2415 875 2442 in
885 2422 944 2453 quo
954 2413 1044 2452 quaeri
1055 2408 1213 2449 solet,qiiid

260 2468 299 2488 ex
310 2468 422 2498 quaque
432 2467 460 2486 re
472 2459 605 2486 evenerit
615 2477 623 2489 ,
644 2458 778 2488 eveniat,
800 2463 1036 2493 eventorumque
1047 2451 1087 2481 sit.
1149 2460 1214 2480 uate

261 2501 320 2529 hoc
330 2501 362 2528 in
373 2508 478 2540 genere
492 2519 499 2530 ‚
520 2507 552 2527 ut
569 2497 762 2527 commodius
775 2517 781 2528 ‚
802 2496 874 2536 quid
884 2504 1060 2525 eventurum
1075 2492 1108 2522 sit
1118 2513 1125 2526 ‚
1146 2491 1213 2522 ante

260 2543 366 2571 animo
376 2541 476 2580 colligi
487 2537 584 2578 poffit,
595 2539 667 2580 quid
679 2548 792 2579 quaque
803 2548 840 2567 ex
851 2548 879 2567 re
890 2538 979 2567 soleat
988 2537 1107 2566 evenire
1118 2554 1126 2568 ‚
1142 2544 1215 2563 con-

262 2580 448 2611 siderandum
461 2581 502 2610 est
514 2601 521 2613 ‚
536 2582 591 2610 hoc
601 2580 711 2610 modo:
735 2583 781 2609 Ex
797 2586 958 2620 arrogantia
969 2578 1062 2607 odium
1072 2598 1080 2611 ,
1102 2587 1134 2605 ex
1144 2576 1215 2614 i'nsb-

263 2623 350 2652 tentia
358 2622 531 2661 arrogantia.
556 2625 663 2663 Qarta
672 2631 769 2652 autem
780 2631 842 2661 pars
853 2620 895 2650 est
904 2631 942 2650 ex
952 2622 1000 2652 iis,
1008 2628 1077 2660 quas
1088 2619 1215 2659 negotiis

263 2664 435 2694 dicebamus
447 2662 504 2692 ess'e
514 2665 674 2697 attributas,
687 2664 846 2703 confi-cutio.
866 2665 901 2692 In
911 2663 965 2692 hac
975 2672 1016 2691 eae
1025 2671 1068 2691 res
1079 2668 1216 2700 quaerun-

264 2714 321 2738 tur,
333 2715 396 2746 quae
406 2704 521 2744 gestum
532 2708 687 2745 negotium
699 2706 926 2746 consequuntur.
957 2701 1094 2734 Primum
1106 2722 1113 2735 7
1133 2699 1215 2741 quod

264 2745 378 2777 suetum
398 2746 438 2775 est
450 2766 457 2778 ,
478 2756 537 2786 quo
549 2748 578 2775 id
590 2749 715 2777 nomine
725 2748 862 2786 appellari
874 2747 1050 2776 conveniat:
1082 2742 1213 2775 Deinde,

261 2789 326 2828 ejus
337 2787 406 2818 faeti
418 2798 468 2829 qui
477 2788 532 2817 sint
539 2790 686 2828 principes
699 2789 731 2819 δε
741 2797 913 2820 inventores
925 2808 934 2821 ,
954 2790 1005 2828 qui
1025 2787 1154 2826 denique
1164 2794 1215 2814 au-

1228 206 1303 238 &tori
1309 209 1374 239 tatis
1384 209 1458 249 ejus,
1472 208 1700 238 &inventionis
1711 206 2166 248 comprobatores,atqueaemuli
2177 216 2184 237 z

1229 250 1348 280 Deinde
1358 260 1456 291 ecqua:
1468 260 1501 280 ea
1511 250 1545 279 de
1557 260 1587 279 re
1598 269 1607 283 ,
1633 259 1685 279 aut
1701 251 1764 289 ejus
1782 252 1825 280 rei
1844 249 1877 280 sit
1896 250 1945 279 lex
1957 270 1964 283 ‚
1986 248 2185 282 consuetudo.-

1228 291 1307 322 ιιᾶἰο
1318 313 1326 326 ,
1343 292 1493 332 judicium
1506 312 1514 324 ,
1528 291 1648 321 scientia
1660 311 1667 324 ‚
1679 290 1839 321 artificium
1852 302 1857 320 :
1880 291 2000 321 Deinde
2012 299 2114 320 natura
2124 291 2187 328 ejus

1230 337 1348 371 evenire
1359 334 1451 375 vulgo
1464 334 1552 363 soleat
1563 353 1571 365 ‚
1592 343 1629 362 an
1639 332 1802 362 insolenter
1812 343 1844 363 ac
1859 332 1923 363 raro
1936 343 1941 361 t
1964 331 2065 362 Postea
2086 333 2187 360 homi-

1232 386 1284 405 nes
1296 375 1325 405 id
1338 374 1567 405 suaau&01·itate
1578 374 1774 413 comprobare
1785 395 1792 406 ‚
1815 384 1852 404 an
1873 373 1987 404 offendi
2006 376 2038 403 in
2057 375 2103 402 his
2113 382 2188 402 con-

1232 417 1382 447 sueverint
1393 437 1402 449 ,
1425 417 1457 446 &
1476 425 1569 445 cetera
1580 436 1588 448 ,
1612 425 1677 455 qua:
1686 414 1799 444 fa&um
1809 416 1930 456 aliquod
1941 414 2076 444 similiter
2084 413 2190 444 confe-

1234 458 1302 488 stim
1316 479 1323 491 ,
1336 468 1384 488 aut
1394 468 1432 487 ex
1443 457 1599 487 intervallo
1610 457 1705 486 solent
1715 457 1867 497 consequi.
1891 456 2010 486 Deinde
2022 454 2188 495 postremo3

1233 499 1450 530 attendendum
1461 498 1513 531 est,
1532 509 1607 528 num
1618 509 1682 539 quae
1693 508 1737 528 res
1747 508 1785 528 ex
1796 500 1831 528 iis
1845 498 1932 528 rebus
1943 507 2006 537 quae
2017 498 2083 526 sunt
2092 495 2190 535 posita:

1234 544 1266 571 in
1274 541 1405 581 partibus
1417 539 1589 573 honestatis,
1599 549 1648 570 aut
1658 540 1793 570 utilitatis
1805 560 1813 573 ‚
1825 540 2042 580 consequantur
2054 549 2058 566 z
2078 538 2115 567 de
2125 540 2193 578 qui÷

1235 583 1289 613 bus
1311 584 1343 612 in
1353 582 1545 612 deliberativo
1555 592 1661 622 genere
1671 582 1761 611 causae
1770 581 1938 611 distinStius
1950 582 2005 610 erit
2014 579 2188 609 dicendum.

1236 627 1278 655 Ac
1298 626 1426 666 negotiis
1447 623 1570 666 quidem
1579 622 1641 653 fere
1653 633 1696 652 res
1707 634 1746 653 eae
1760 644 1767 656 ,
1788 633 1858 664 quas
1868 623 2189 654 commemoravimus,

1237 667 1304 696 sunt
1313 665 1469 696 attributae.
1493 667 1600 695 Omnis
1611 675 1710 695 aurem
1720 666 1935 705 argumentatio
1948 684 1955 696 ,
1977 673 2041 703 quae
2052 664 2135 692 exiis
2146 662 2192 691 lo—

1237 710 1280 737 cis
1292 728 1299 741 ‚
1319 717 1393 748 quos
1405 709 1715 737 commemoravimus
1727 726 1734 740 ‚
1747 707 1880 736 sumetur
1890 726 1897 739 ‚
1910 703 2110 746 autprobabtlu
2120 724 2128 737 ‚
2143 711 2192 734 aut

1236 749 1380 786 neceffizria
1401 749 1520 779 debebit
1538 747 1604 778 effe.
1629 750 1750 778 Etenim
1763 768 1771 781 ,
1792 757 1825 778 ut
1835 748 1963 777 breV1ter
1973 746 2170 776 describamus
2182 756 2192 779 3

1235 792 1451 831 argumentatio
1460 790 1578 820 videtur
1587 788 1644 819 esse
1654 792 1814 819 inventum
1826 799 1864 819 ex
1876 790 1977 829 aliquo
1990 797 2094 833 genere
2108 808 2115 819 ,
2127 796 2193 816 rem

2209 667 2253 700 29

1237 833 1366 872 aliquam
1376 841 1424 861 aut
1434 831 1626 871 probabiliter
1634 831 1793 861 ostendens
1802 852 1810 864 ,
1835 839 1884 861 aut
1894 828 2050 860 neceflarie
2062 828 2193 858 demon·
2227 829 2229 831 ’

1240 872 1339 902 strans.
1361 875 1391 902 N
1394 871 1528 902 eceflarie
1538 872 1779 902 demonstrantur
1788 883 1898 913 ea‚quae
1908 872 1991 902 aliter
2000 880 2032 900 ac
2040 870 2191 903 dicuntur,

1241 925 1296 944 nec
1307 913 1381 947 fieri,
1395 925 1450 944 nec
1460 914 1576 954 probari
1585 912 1715 954 pofl'unt,
1729 915 1786 944 hoc
1796 914 1908 944 modo:
1931 915 1960 943 Si
1971 913 2084 953 peperit
2094 932 2102 944 ,
2122 920 2194 940 cum

1238 959 1304 986 viro
1315 957 1485 986 concubuit.
1508 957 1576 986 Hoc
1584 966 1677 996 genus
1687 956 1923 998 argumentandi,
1935 955 2017 995 quod
2026 956 2059 983 in
2068 951 2197 983 necess'a-

1238 1000 1280 1028 ria
1290 997 1544 1028 demonstratione
1556 997 1682 1027 versatur
1692 1018 1700 1031 ‚
1722 997 1856 1027 maxime
1867 996 2004 1027 uastatur
2013 994 2195 1028 indicendo,

1241 1048 1287 1069 aut
1306 1049 1358 1079 per
1376 1039 1625 1080 complexionem
1636 1059 1643 1072 ‚
1664 1048 1713 1070 aut
1730 1049 1782 1079 per
1790 1040 2048 1069 enumerationem
2060 1034 2068 1070 ζ
2088 1044 2138 1067 aut
2147 1045 2197 1075 per

1242 1079 1409 1120 simplicem
1419 1079 1655 1110 conclusionem.
1678 1081 1832 1122 Complexio
1845 1080 1933 1113 est,in
1943 1088 2114 1120 qua,utrum
2124 1087 2198 1107 con-

1242 1121 1367 1156 cesseris,
1378 1122 1619 1162 reprehenditur,
1631 1122 1666 1152 ad
1678 1123 1758 1152 hunc
1768 1122 1912 1152 modum:
1936 1124 1965 1152 Si
1977 1119 2132 1160 improbus
2143 1117 2196 1152 est,

1241 1174 1293 1193 cui·
1303 1166 1391 1193 uteris
1404 1167 1415 1193 ?
1433 1163 1476 1193 sin
1486 1163 1608 1203 probuS,
1620 1173 1671 1193 cur
1680 1164 1792 1194 accusas
1805 1167 1815 1192 ?
1838 1164 2020 1193 Enumeratio
2031 1161 2120 1195 est‚in
2129 1170 2197 1201 qua,

1242 1205 1377 1245 pluribus
1387 1205 1473 1234 rebus
1484 1203 1622 1244 expositis
1633 1224 1641 1238 ,
1655 1205 1687 1234 &
1697 1207 1800 1234 ceteris
1811 1203 1968 1234 infirmatis
1979 1224 1987 1237 ‚
2010 1213 2068 1233 una
2086 1203 2203 1242 reliqua

1244 1244 1406 1276 necessario
1417 1245 1610 1275 confirmatur
1620 1266 1628 1279 ‚
1650 1247 1708 1275 hoc·
1718 1245 1803 1285 Ραᾶὶο
1821 1257 1826 1274 :
1849 1244 1974 1276 Necess'e
1984 1244 2027 1274 est
2037 1253 2084 1273 aut
2094 1245 2202 1274 inimi-

1244 1290 1381 1318 citiarum
1392 1288 1474 1317 causa
1484 1287 1519 1317 ab
1528 1288 1586 1317 hoc
1596 1286 1653 1317 effe
1663 1288 1807 1322 occisum,
1819 1297 1867 1317 aut
1877 1296 1975 1317 metus
1986 1308 1994 1319 ,
2010 1295 2058 1315 aut
2068 1285 2139 1325 spei,
2152 1293 2204 1315 aut

1244 1330 1330 1365 alicuj
1335 1340 1368 1359 us
1378 1331 1467 1359 amici
1478 1332 1575 1370 gratia,
1587 1337 1645 1362 aut,
1660 1327 1679 1359 fi
1690 1330 1800 1360 horum
1811 1330 1889 1358 nihil
1900 1328 1991 1362 est‚ab
2000 1329 2058 1357 hoc
2069 1336 2133 1357 non
2142 1324 2200 1356 ess'e

1245 1371 1391 1401 occisum.
1423 1380 1495 1400 nam
1515 1373 1597 1400 Smt.
1619 1379 1729 1401 CAUSA
1756 1369 1941 1401 maleficium
1960 1370 2126 1409 susceptum
2143 1366 2202 1398 esse

1248 1423 1311 1443 non
1331 1412 1436 1453 potest.
1468 1412 1524 1443 Sed
1536 1422 1632 1453 neque
1642 1414 1810 1442 inimicitia:
1821 1412 1942 1442 fuerunt
1952 1432 1960 1445 ,
1982 1421 2038 1440 nec
2047 1418 2145 1440 metus
2155 1410 2203 1439 ul-

1248 1455 1303 1488 lus,
1315 1465 1372 1484 nec
1383 1455 1445 1494 spes
1456 1464 1494 1484 ex
1506 1463 1601 1483 moire
1613 1454 1694 1484 illius
1706 1474 1714 1488 ,
1726 1454 1848 1494 alicujus
1861 1452 2039 1486 commodi,
2062 1461 2157 1492 neque
2168 1451 2203 1481 ad

1248 1498 1381 1526 amicum
1400 1496 1489 1535 hujus
1508 1496 1640 1537 aliquem
1659 1505 1740 1526 mors
1759 1496 1823 1536 ejus
1832 1495 2004 1536 pertinebat.
2027 1494 2205 1534 relinquitur

1249 1540 1348 1579 igitur,
1361 1546 1393 1567 ut
1403 1537 1439 1568 ab
1449 1539 1506 1567 hoc
1517 1547 1580 1567 non
1589 1535 1622 1567 sit
1631 1538 1755 1567 occisus.
1773 1538 1909 1577 Simplex
1918 1546 2018 1568 aurem
2027 1534 2156 1576 conclufio
2166 1544 2203 1564 ex

1250 1578 1406 1609 necessaria
1415 1580 1624 1610 consecutione
1634 1578 1810 1612 conficitur,
1831 1580 1889 1609 hoc
1899 1578 2009 1608 modo:
2031 1579 2061 1607 Si
2082 1586 2137 1607 vos
2152 1585 2202 1611 me

1250 1621 1328 1651 istud
1339 1631 1375 1651 eo
1385 1629 1519 1661 tempore
1527 1619 1627 1651 fecifle
1639 1620 1737 1651 dicitis
1749 1641 1756 1654 ‚
1777 1631 1832 1662 ego
1841 1629 1939 1651 autem
1951 1630 1987 1649 eo
1996 1619 2059 1659 ipso
2069 1627 2204 1657 tempore

1250 1672 1328 1693 trans
1340 1672 1419 1693 mare
1429 1662 1474 1693 sui
1485 1673 1491 1692 :
1502 1663 1682 1703 relinquitur
1690 1683 1698 1696 ,
1711 1671 1743 1692 ut
1752 1661 1782 1692 id
1794 1683 1802 1696 ,
1813 1662 1893 1703 quod
1903 1662 2003 1692 dicitis
2013 1681 2022 1694 ,
2033 1670 2096 1690 non
2109 1657 2204 1689 modo

1252 1715 1316 1735 non
1324 1704 1466 1738 fecerim,
1485 1704 1533 1734 sed
1547 1714 1585 1734 ne
1602 1706 1754 1744 potuerim
1772 1704 1896 1745 quidem
1914 1703 2018 1733 facere.
2041 1704 2138 1742 Atque
2147 1702 2206 1730 hoc
2248 1716 2249 1719 =

1249 1746 1304 1776 dili
1343 1755 1408 1776 nter
1424 1746 1525 1776 videre
1545 1746 1695 1785 oportebit
1704 1765 1712 1779 ‚
1733 1756 1833 1786 nequo
1843 1744 1929 1785 pa&o
1940 1754 2032 1785 genus
2042 1744 2100 1773 hoc
2109 1741 2204 1772 refelli

1250 1792 1299 1828 poi
1313 1797 1336 1818 it
1345 1808 1353 1821 ,
1372 1791 1389 1814 4
1399 1796 1431 1818 ut
1448 1797 1486 1817 ne
1504 1785 1693 1818 confirmatio
1712 1787 1841 1817 modum
1859 1789 1891 1816 in
1902 1787 1931 1816 se
1940 1785 2206 1826 argumentationis

1251 1829 1349 1860 solum
1368 1829 1470 1860 habeat
1480 1850 1488 1863 ‚
1513 1829 1546 1858 &
1555 1828 1702 1870 quandam
1714 1827 1943 1858 similitudinem
1954 1824 2118 1856 neceffariae
2128 1835 2203 1855 con-

1251 1870 1389 1901 clusionis
1400 1891 1408 1905 ,
1429 1869 1535 1900 verum
1554 1870 1613 1910 ipsa
1630 1872 1846 1910 argumentatio
1865 1879 1903 1899 ex
1921 1866 2078 1898 necessaria
2091 1869 2206 1897 ratione

1251 1912 1395 1943 consistat.
1420 1910 1562 1942 Probabile
1571 1920 1670 1941 autem
1682 1911 1724 1941 est
1734 1911 1764 1941 id
1775 1932 1783 1944 ,
1804 1911 1884 1952 quod
1893 1910 1956 1940 fere
1969 1908 2033 1939 fieri
2045 1909 2137 1941 solet',
2157 1916 2206 1937 aut

1252 1954 1332 1996 quod
1344 1956 1376 1984 in
1387 1956 1531 1994 opinione
1541 1952 1669 1993 positum
1681 1952 1722 1983 est
1731 1973 1739 1986 ,
1769 1962 1817 1983 aut
1827 1952 1906 1993 quod
1918 1952 2005 1981 habet
2014 1953 2046 1980 in
2057 1950 2084 1980 se
2094 1949 2128 1980 ad
2140 1951 2203 1979 haec

1252 1995 1401 2039 quandam
1411 1994 1641 2025 similitudinem
1653 2015 1661 2028 ‚
1675 1993 1732 2024 five
1743 1994 1773 2024 id
1782 1994 1891 2024 falsum
1901 1992 1952 2026 est,
1965 1991 2022 2022 slve
2031 2001 2146 2021 verum.
2170 1993 2207 2020 In

1253 2049 1290 2069 eo
1300 2048 1407 2080 genere
1418 2058 1426 2070 ,
1446 2036 1527 2078 quod
1538 2036 1599 2066 fere
1611 2036 1683 2066 solet
1695 2035 1758 2065 fieri
1771 2057 1779 2069 ,
1799 2035 1951 2076 probabile
1961 2032 2135 2073 hujusmodi
2145 2031 2188 2062 est
2199 2042 2204 2060 z

1253 2084 1285 2110 S1
1307 2088 1426 2109 MATER
1443 2078 1486 2108 est
1495 2099 1503 2112 ‚
1523 2078 1622 2118 diligit
1642 2076 1757 2107 filium:
1789 2080 1822 2107 S1
1845 2085 1980 2106 AvAnus
1999 2073 2042 2103 est
2053 2094 2061 2107 ‚
2082 2074 2208 2113 negligit

1251 2120 1469 2161 jusjurandum.
1490 2123 1527 2148 In
1537 2129 1574 2148 eo
1583 2127 1685 2148 autem
1698 2139 1705 2152 ‚
1726 2118 1850 2158 quod'in
1861 2119 2005 2156 opinione
2014 2114 2142 2155 positum
2153 2114 2204 2148 est,

1254 2161 1427 2197 huiusmodi
1446 2161 1513 2190 sunt
1530 2160 1708 2199 probabilia:
1731 2160 1836 2198 Impiis
1855 2158 1931 2198 apud
1951 2156 2062 2187 inferos
2082 2161 2094 2184 5
2104 2165 2206 2196 peenas

1253 2202 1311 2232 effe
1328 2210 1496 2241 praeparatas
1509 2212 1514 2229 :
1534 2204 1593 2231 Eos
1604 2220 1612 2233 ,
1632 2203 1683 2240 qui
1693 2201 1890 2240 philosophiae
1899 2199 1971 2229 dent
1980 2208 2099 2238 operam
2111 2218 2120 2232 ,
2142 2207 2206 2227 non

1253 2245 1381 2274 arbitrari
1391 2243 1462 2272 deos
1474 2241 1540 2272 esse.
1569 2242 1743 2272 Similitudo
1751 2250 1850 2271 autem
1862 2244 1894 2271 in
1904 2242 2057 2270 contrariis
2067 2260 2078 2273 ,
2090 2240 2121 2269 &
2131 2241 2208 2279 pari-

1254 2286 1318 2317 bus,
1332 2285 1364 2314 &
1375 2286 1407 2313 in
1418 2285 1454 2313 iis
1464 2284 1559 2316 rebus,
1571 2293 1635 2324 quae
1646 2283 1700 2313 sub
1709 2283 1835 2313 eandem
1846 2283 1955 2313 cadunt
1964 2284 2111 2312 rationem
2122 2301 2130 2314 ‚
2142 2290 2207 2311 ma—

1255 2325 1340 2356 xime
1358 2325 1512 2365 specstatur.
1533 2327 1568 2354 In
1578 2326 1741 2358 contrariis,
1754 2327 1811 2354 hoc
1825 2325 1918 2354 modo
1932 2326 2030 2354 :Nam
2041 2326 2074 2353 Si
2088 2333 2144 2355 ns,
2155 2325 2207 2363 qui

1257 2368 1461 2407 imprudentes
1471 2367 1618 2399 laeserunt,
1630 2367 1742 2406 ignosci
1753 2368 1905 2400 convenit,
1917 2368 1952 2395 iis
1967 2387 1975 2398 ‚
1987 2367 2038 2406 qui
2048 2363 2208 2394 necessario

1255 2409 1439 2450 profuerunt,
1452 2408 1549 2437 haberi
1559 2410 1679 2448 gratiam
1692 2417 1754 2437 non
1766 2417 1891 2447 oportet.
1921 2411 1966 2437 Ex
1976 2409 2047 2446 pari,
2059 2405 2096 2435 fic
2109 2408 2207 2435 :Nam

1256 2455 1306 2481 UT
1328 2460 1430 2479 Locus
1453 2448 1511 2479 sine
1531 2459 1617 2489 portu
1630 2470 1638 2482 ‚
1661 2450 1786 2479 navibus
1805 2448 1860 2479 effe
1873 2459 1936 2479 non
1947 2447 2042 2488 potest
2052 2456 2147 2477 tutus:
2171 2446 2209 2477 sic

1257 2495 1374 2523 animus
1385 2490 1444 2520 sine
1455 2490 1511 2520 fide
1523 2511 1530 2524 ,
1561 2490 1671 2520 stabilis
1681 2493 1785 2521 amicis
1797 2501 1859 2520 non
1869 2490 1965 2530 potest
1975 2488 2040 2519 effe.
2070 2492 2107 2518 ln
2117 2491 2154 2518 iis
2165 2498 2210 2518 re-

1256 2535 1311 2564 bus
1324 2555 1332 2567 ,
1353 2543 1417 2574 quae
1428 2533 1481 2562 sub
1492 2532 1617 2562 eandem
1629 2535 1774 2562 rationem
1785 2530 1892 2562 cadunt
1902 2552 1910 2565 ‚
1930 2533 1988 2561 hoc
1999 2531 2093 2560 modo
2102 2530 2211 2569 proba—

1256 2576 1316 2605 bile
1327 2574 1524 2605 consideratur
1537 2585 1542 2602 :
1561 2576 1640 2603 Nam
1653 2572 1673 2602 si
1684 2574 1812 2604 Rhodiis
1823 2583 1905 2613 turpe
1917 2583 1979 2602 non
1989 2572 2031 2602 est
2041 2573 2207 2612 portorium

1258 2618 1363 2649 locare,
1376 2626 1413 2645 ne
1427 2617 1653 2645 Hermacreonti
1664 2616 1788 2656 quidem
1799 2624 1881 2655 turpe
1891 2614 1933 2644 est
1942 2614 2117 2644 conducere.
2138 2615 2211 2643 Haec

1260 2669 1324 2689 tum
1336 2668 1402 2688 vera
1415 2658 1482 2687 sunt
1493 2678 1501 2691 ‚
1522 2658 1578 2687 hoc
1589 2657 1688 2696 patilo:
1714 2659 1864 2698 Qoniam
1877 2656 1996 2685 cicatrix
2007 2655 2049 2685 est
2059 2675 2066 2688 ‚
2077 2653 2134 2683 fuit
2142 2654 2211 2683 vul·-

1260 2711 1326 2731 nus.
1360 2703 1445 2729 Tum
1455 2697 1638 2731 verisimilia,
1649 2700 1707 2728 hoc
1717 2699 1810 2728 modo
1823 2709 1828 2726 1
1840 2697 1860 2727 sl
1870 2698 1983 2727 multus
1994 2699 2094 2726 eratin
2105 2696 2213 2725 calceis

1258 2742 1349 2786 pulvis
1362 2763 1370 2775 ,
1381 2751 1418 2771 ex
1429 2743 1534 2770 itinere
1544 2751 1613 2771 eum
1623 2743 1726 2770 venire
1737 2740 1897 2780 oportebat.
1922 2742 2021 2768 Omne
2030 2747 2128 2768 antem
2140 2757 2148 2770 ,
2170 2736 2214 2774 (ut

1261 2794 1351 2816 certas
1361 2783 1499 2824 quasdam
1510 2785 1543 2812 in
1561 2784 1666 2823 parteis
1685 2782 1919 2822 distribuamus,)
1938 2780 2090 2821 probabile
2101 2799 2110 2813 ‚
2130 2777 2213 2819 quod

2227 2237 2272 2270 30

2122 2821 2217 2850 sumi·
2250 2845 2252 2847 .

308 2901 330 2918 1.
350 2896 446 2919 (Armui
458 2912 466 2924 ‚
476 2895 584 2925 menstrui
597 2912 603 2924 ,
613 2893 679 2927 dra]
693 2894 748 2921 Pal.
759 2904 798 2931 pr.
811 2896 824 2920 :i
837 2904 913 2920 manu
925 2892 1045 2923 secunda,
1055 2892 1138 2918 Grev.
1150 2891 1213 2917 item

265 2926 319 2967 <luo
330 2928 498 2963 :iiitiquiilinii
510 2939 573 2963 quos
585 2929 692 2956 excussit
704 2930 832 2956 Suffridus
844 2931 962 2961 Petreius
977 2949 983 2960 ,
998 2928 1125 2961 menfitrni.
1145 2925 1215 2961 quod

267 2964 349 2999 iplum
362 2964 483 2990 Ciceroni
497 2965 681 2990 restituendum
694 2968 754 2997 erit,
767 2966 782 2992 fi
793 2961 957 2993 admittimus
967 2964 1096 2992 arbitrum
1107 2962 1216 2989 Priscia-

264 3009 342 3030 num,
354 3000 398 3034 qul
410 2999 556 3025 consulatui·
565 3000 617 3026 fine
629 3001 681 3026 fere
695 3001 753 3027 libri
765 3011 792 3027 2.

304 3044 331 3060 2.
350 3038 500 3068 Reponamur
509 3048 516 3061 ;
525 3037 553 3066 (3»
561 3039 665 3070 quaejam
675 3038 713 3061 din
721 3040 780 3069 gista
793 3057 800 3069 ‚
811 3039 876 3072 φης]
889 3037 982 3063 Lamb.
994 3036 1050 3062 heic
1060 3036 1088 3061 &
1098 3042 1218 3070 tempora

268 3077 365 3102 mutat,
376 3072 401 3096 S:
416 3071 492 3097 rerba
503 3071 645 3103 interserit,
661 3071 701 3097 sed
714 3073 787 3099 nullo
797 3072 955 3108 suffragante
966 3072 1162 3099 membranaceo
1173 3079 1218 3097 ve-

269 3113 335 3134 tere.
355 3106 466 3142 ideoque
477 3108 533 3142 qius
545 3107 678 3142 sequatur,
690 3108 733 3134 nis}
745 3108 837 3134 ferrea:
849 3109 965 3135 frontis?

305 3150 333 3177 3.
351 3145 484 3177 Ῥριιιειίἠκ
496 3163 503 3176 ,
513 3144 563 3176 &a
573 3147 598 3170 lu
609 3153 631 3170 eo
640 3146 735 3180 transigi
745 3146 866 3180 tempore]
877 3145 1036 3172 Gulielmius
1049 3164 1057 3178 ‚
1069 3143 1139 3180 quod
1149 3143 1219 3170 Gre-

1258 2889 1334 2915 venb.
1346 2899 1397 2915 iion
1408 2888 1559 2924 agnosteret
1567 2891 1593 2913 in
1606 2907 1613 2919 ,
1635 2886 1689 2913 ibat
1706 2894 1833 2922 praetei·e:i
1850 2884 1967 2910 deletum
1988 2882 2096 2909 verbum
2107 2888 2212 2913 tempore.

1258 2926 1285 2951 S<
1297 2924 1397 2960 copiola
1407 2924 1511 2960 quidem
1526 2923 1661 2949 Ciceronis
1673 2923 1771 2953 omnia,
1783 2928 1809 2949 at
1820 2930 1871 2947 non
1883 2920 2139 2955 iiipei·v:iciia.vei·um
2152 2916 2213 2951 quei

1257 2961 1397 2987 admittam
1408 2970 1479 2986 mera
1490 2958 1657 2992 conjec‘huiea
1668 2959 1678 2984 ?
2134 2977 2136 2979 ,

1293 3004 1320 3030 4.
1342 3001 1371 3022 Ut
1387 3006 1415 3022 ne
1434 2998 1576 3029 confirmatio
1593 2994 1707 3028 modum]
1729 2991 1871 3019 Lambinus
1883 2990 2007 3017 asseverat
2025 2988 2166 3024 legendum
2179 2995 2212 3013 ex

1261 3040 1326 3061 vett,
1339 3042 1366 3058 nc
1375 3034 1516 3066 infirmaria),
1527 3028 1596 3066 q'uod
1608 3030 1634 3056 'in
1645 3029 1719 3056 nullo
1729 3029 1764 3055 est
1775 3028 1829 3055 nost
1835 3035 2023 3061 rorum,ncque
2035 3025 2214 3051 meminerunt

1259 3069 1303 3095 alii
1316 3068 1440 3095 editores.
1779 3094 1781 3096 v

1299 3114 1312 3138 ς
1320 3126 1325 3131 .
1340 3108 1426 3129 ‘Poenas
1436 3103 1476 3136 effi?
1482 3098 2029 3136 praeparattu·.]Gi·ev.pai·ata‹,·seqiiiturque
2040 3095 2213 3123 Gulielmius.

1260 3141 1373 3169 alterum
1384 3140 1460 3167 rest-„it
1470 3139 1498 3166 iii
1507 3139 1576 3167 Pali.
1585 3135 1707 3166 omnibus
1716 3135 1871 3165 editionibus
1877 3145 1925 3167 que
1935 3133 2059 3162 exoletis.
2188 3141 2210 3190 ij

2153 3174 2164 3193 1
2172 3184 2177 3191 -
2207 3171 2217 3191 ι’
