2297 3389
24 621 87 659 40

709 116 957 163 Lianl

111 207 169 240 que
182 198 366 229 reclamatur.
389 205 427 227 ne
437 195 533 227 multa
543 204 549 225 :
560 194 670 225 iterum
682 193 737 224 iste
747 193 900 234 aliquanto
909 194 977 234 post
986 194 1021 225 ad
1032 195 1070 224 il-

112 242 158 271 los
170 243 254 271 venit
266 260 276 275 ,
293 236 554 282 quaeritcon'tinub
564 237 600 267 de
609 234 703 278 figno.
726 235 922 275 respondetur
941 239 969 266 ei
987 237 1069 266 sena-

113 292 177 313 tum
188 293 252 313 non
260 284 447 323 permittere:
458 288 579 320 poenam
590 280 691 318 capitis
700 277 892 307 constitutam
905 297 913 310 ‚
925 276 945 306 fi
955 276 1068 316 injussu

108 325 227 354 senatus
238 324 392 364 quisquam
403 319 555 362 attigiss‘et:
577 318 666 349 simul
684 319 788 360 religio
801 327 1068 348 commemoratur.

112 368 197 396 Tum
207 365 261 395 iste
272 375 277 394 :
299 365 400 404 Qum
421 363 492 392 mihi
514 361 674 402 religionem
687 370 784 389 narras
795 363 808 390 ἕ
830 370 918 400 quam
933 368 1046 401 poenam
1058 363 1069 388 .⁷

108 416 193 448 quem
200 407 355 446 finarum?
376 408 483 435 vivum
500 413 527 435 te
538 414 601 434 non
611 403 792 443 relinquam:
818 404 947 431 moriere
957 403 1047 442 virgis
1060 420 1067 434 ‚

110 447 166 478 nifi
177 447 194 479 si
217 458 291 478 num
302 447 435 477 traditur.
458 449 579 486 Sopater
593 447 702 475 iterum
712 443 788 473 flens
805 447 814 462 ¹
825 443 860 473 ad
871 444 1006 474 senatum
1017 442 1068 472 de—

106 489 164 519 fert
174 458 262 519 isfius
270 488 463 528 cupiditatem
475 508 483 522 ,
497 487 654 527 minasque
667 484 860 517 demonstrat.
881 488 1004 518 Senatus
1014 486 1068 514 So-

105 539 189 570 patro
198 531 372 570 responsum
382 531 502 560 nullum
517 529 566 559 dat
575 549 583 562 ‚
595 528 644 559 sed
652 537 826 558 commotus
838 546 847 560 ‚
865 525 1066 566 perturbatus-

128 582 166 602 ue
175 572 308 602 discedit.
340 573 395 602 Ille
404 573 536 612 praetoris
546 568 693 601 arceffitus
711 570 820 599 nuntio
828 588 838 601 ,
861 578 926 598 rem
936 567 1067 601 demon-

133 622 188 644 rat:
209 622 298 654 negat
310 614 374 643 ullo
385 613 480 643 modo
491 612 555 643 fieri
565 610 658 652 poffe.
680 614 778 651 Atque
793 611 854 639 haec
871 612 880 647 (
893 610 1065 639 nihilenim

103 655 396 697 praetermittendum
406 655 442 685 de
453 654 538 685 istius
551 653 739 693 impudentia
748 651 866 681 videtur
877 653 886 691 )
906 650 1066 691 agebantur

103 701 139 729 in
158 705 311 728 conventu
327 696 427 737 palam
436 717 444 730 ,
467 696 503 727 de
514 696 583 726 sella
593 715 602 729 ,
620 705 652 725 ac
668 694 705 724 de
722 694 791 724 loco
810 693 972 732 superiore.
998 695 1066 722 Erat

104 741 204 770 hiems
214 739 349 771 summa,
365 737 536 779 tempestas,
550 746 582 767 ut
591 737 688 776 ipsum
698 738 856 774 Sopatrum
871 734 969 764 dicere
979 733 1065 764 audi-

104 781 158 813 stis
167 801 177 814 ‚
195 779 372 822 perfrigida:
393 780 492 810 imber
503 780 672 809 maximus:
692 775 763 807 cum
775 775 829 805 iste
840 774 1065 815 1011161811ιὲἶο-

102 823 186 854 ribus
198 843 207 856 ,
218 830 250 852 ut
258 825 416 862 Sopatrum
427 821 463 852 de
472 822 586 861 porticu
595 840 604 853 ‚
620 821 655 849 in
665 828 723 859 qua
732 818 793 858 ipse
804 817 921 847 sedebat
930 837 941 850 ,
959 818 1062 856 praeci—

103 867 198 906 pitem
208 866 238 894 in
250 864 353 894 forum
364 864 506 903 dejiciant
514 882 522 895 ,
532 861 710 901 nudumque
718 858 912 890 constituant.
932 862 993 888 Vix
1004 868 1063 888 erat

103 908 162 936 hoc
172 905 260 946 plane
269 907 360 935 etiam
372 907 552 944 imperatum
562 923 570 937 ,
592 902 664 933 cum
675 902 765 932 illum
779 901 954 940 spoliatum,
974 900 1063 940 stipa-

103 957 228 989 tumque
237 946 393 976 littoribus
404 946 530 976 videres.
554 954 661 975 omnes
670 942 741 974 ideo
749 943 903 983 putabant,
917 951 950 972 ut
959 943 1061 975 miser,

102 999 190 1031 atque
200 991 348 1018 innocens
358 1008 366 1021 ‚
385 988 472 1028 virga
479 987 629 1016 raderetur.
650 985 761 1016 fefellit
770 986 831 1015 haec
842 985 983 1014 homines
996 985 1063 1023 opi-

101 1033 166 1061 nio.
189 1032 280 1071 virgis
298 1029 353 1060 iste
367 1029 492 1060 caederet
507 1028 569 1058 fine
579 1029 663 1059 causa
671 1028 788 1058 socium
797 1027 901 1066 populi
912 1028 1007 1056 Rom⁴
1019 1034 1061 1056 at-

101 1083 161 1114 que
170 1073 303 1102 amicum
316 1074 326 1101 ?
348 1081 413 1101 non
425 1072 517 1111 usque
527 1069 564 1100 6ὸ
576 1069 747 1110 improbus:
761 1078 831 1106 non,
837 1070 942 1098 omnia
951 1069 1017 1098 sunt
1028 1070 1061 1097 in

103 1124 140 1144 eo
151 1123 213 1144 uno
222 1115 313 1144 vitia:
331 1122 502 1154 numquam
518 1111 577 1142 fuit
592 1111 730 1142 crudelis.
754 1111 861 1140 leniter
877 1110 1038 1139 hominem
1052 1129 1060 1142 ‚

101 1156 326 1196 clementerque
344 1156 462 1194 accepit.
495 1153 651 1195 Equestres
666 1153 734 1183 sunt
744 1151 848 1182 medio
857 1153 891 1181 in
901 1150 970 1181 foro
980 1153 1060 1181 Mai·-

101 1198 249 1228 cellorum
261 1196 359 1227 statuae
371 1216 379 1230 ‚
399 1195 484 1226 sicuti
494 1195 556 1226 fere
568 1197 673 1225 ceteris
689 1196 723 1224 in
742 1193 862 1234 oppidis
871 1193 980 1224 Siciliae
993 1204 999 1222 2
1022 1202 1061 1222 ex

102 1239 213 1280 quibus
223 1238 277 1269 iste
288 1241 320 1268 C.
332 1238 468 1268 Marcelli
482 1237 606 1268 statuam
616 1237 742 1277 delegit:
762 1237 848 1275 cujus
856 1233 956 1265 officia
966 1236 999 1264 in
1010 1235 1062 1264 illa

101 1283 220 1311 civitate
229 1301 238 1314 ,
257 1289 378 1321 totaque
386 1281 541 1320 provincia
559 1278 739 1317 recentissima
749 1286 854 1310 erant,
872 1277 904 1308 δε
915 1278 1058 1307 maxima.

101 1323 136 1353 in
145 1333 178 1353 ea
186 1325 343 1362 Sopatrum
354 1341 363 1356 ,
381 1323 543 1351 hominem
554 1330 619 1351 tum
629 1320 716 1350 domi
727 1319 864 1349 nobilem
875 1339 883 1352 ,
904 1327 969 1348 tum
978 1319 1059 1348 sum-

100 1374 156 1394 mo
170 1363 341 1405 magistratu
350 1363 511 1403 praeditum
521 1383 528 1397 ‚
540 1362 707 1395 divaricari,
718 1371 751 1391 ac
760 1361 880 1401 deligari
887 1359 981 1399 jubet.
997 1370 1059 1400 quo

100 1407 232 1436 cruciatu
240 1404 262 1435 si
271 1404 406 1438 affenus,
420 1407 524 1435 venire
534 1406 567 1434 in
578 1412 715 1433 mentem
724 1401 840 1432 necess‘e
850 1401 893 1431 est
901 1401 1056 1435 omnibus,

100 1446 174 1477 curn
184 1446 255 1477 effer
264 1446 383 1477 vinctus
393 1446 482 1475 nudus
492 1447 522 1475 in
532 1456 579 1475 aere
588 1466 597 1480 ,
609 1448 643 1475 in
654 1444 746 1475 imbri
758 1465 767 1477 ‚
780 1446 813 1474 in
822 1443 942 1484 frigore.
962 1453 1059 1484 neque

101 1497 203 1519 tamen
214 1487 285 1518 finis
295 1490 365 1518 huic
375 1489 493 1528 injuriae
504 1508 512 1521 ,
535 1487 760 1527 crudelitatique
768 1484 857 1516 fiebat
866 1505 874 1519 ‚
895 1485 994 1515 donec
1004 1495 1058 1525 po-

97 1531 187 1571 pulus
197 1550 206 1564 ,
218 1539 305 1571 atque
314 1530 453 1561 universa
461 1529 625 1560 multitudo
634 1549 643 1563 ,
657 1528 809 1558 atrocitate
817 1528 856 1557 rei
866 1548 874 1561 ,
888 1527 1059 1557 misericor-

100 1572 206 1613 diaque
216 1572 521 1606 commota‚senatum
530 1572 659 1601 clamore
669 1571 778 1611 coEgin
789 1578 821 1599 ut
830 1571 858 1599 ei
867 1568 1057 1600 simulacrum

98 1614 175 1644 illud
187 1616 331 1644 Mercurii
339 1614 540 1653 polliceretur.
564 1616 578 1632 ²
588 1612 756 1643 clamabant
764 1611 828 1642 fore
837 1631 846 1645 ‚
858 1620 891 1641 ut
904 1621 966 1641 irsi
987 1621 1059 1640 sesa

99 1655 143 1686 dii
154 1656 340 1686 immortales
353 1656 578 1685 ulciscerentur:
599 1656 762 1685 hominem
780 1656 892 1684 interea
903 1655 999 1693 Perire
1010 1655 1058 1682 in-

100 1706 263 1728 nocentem
274 1707 338 1727 non
353 1706 498 1737 oportere.
522 1700 607 1727 Tum
625 1696 764 1737 frequens
783 1696 899 1725 senatus
913 1694 948 1725 ad
967 1693 1058 1725 istum

99 1741 202 1769 venit:
212 1739 372 1779 pollicetur
379 1737 508 1781 signum.
532 1742 577 1769 Ita
585 1742 706 1779 Sopater
714 1737 750 1768 de
763 1736 855 1768 statua
866 1739 898 1767 C.
910 1737 1055 1770 Marcelli,

99 1779 172 1811 cum
182 1782 246 1820 jam
254 1780 339 1821 paene
350 1779 524 1821 obriguiffet
534 1801 543 1815 ‚
564 1783 618 1811 vix
627 1783 715 1811 vivus
725 1779 862 1810 aufertur.
897 1781 972 1808 Non
989 1779 1059 1818 pos-

100 1823 167 1853 sum
177 1821 314 1863 disposite
324 1821 415 1852 istum
425 1823 555 1854 accusare
565 1842 574 1857 ,
584 1821 605 1852 fi
614 1824 733 1862 cupiam
747 1832 752 1850 :
772 1830 848 1861 opus
866 1820 908 1850 est
926 1830 990 1849 non
1010 1821 1056 1850 so-

100 1862 167 1894 lum
185 1865 311 1905 ingenio
331 1883 340 1897 ‚
365 1863 472 1894 verum
491 1866 580 1894 etiam
597 1863 724 1895 artificio
749 1863 881 1904 quodam
910 1860 1058 1903 singulari.

100 1908 208 1936 Unum
225 1907 284 1935 hoc
292 1907 409 1935 crimen
417 1905 536 1936 videtur
548 1904 606 1935 esse
617 1926 626 1939 ,
648 1906 681 1935 ὃς
691 1905 707 1935 a
717 1915 767 1934 me
777 1914 830 1944 pro
842 1914 904 1934 uno
913 1912 1037 1943 ponitur
1047 1923 1056 1937 ,

99 1947 135 1978 de
145 1949 296 1978 Mercurio
307 1947 506 1977 Tindaritano
518 1957 523 1976 :
541 1948 626 1986 plura
639 1947 719 1976 sunt.
742 1946 791 1976 sed
802 1956 835 1975 ea
843 1955 902 1985 quo
912 1944 998 1984 paeto
1009 1945 1056 1975 di-

98 1989 249 2030 stinguere
260 2009 269 2023 ‚
287 1999 320 2019 ac
337 1988 465 2028 separare
482 1987 589 2028 poffim
600 2008 610 2021 ,
627 1988 740 2017 nescio.
767 1986 808 2016 est
816 1988 999 2026 pecuniarum
1009 1997 1057 2017 cae

95 2039 214 2073 pratum
224 2051 232 2064 ‚
253 2030 334 2071 quod
347 2029 462 2071 fignum
473 2030 489 2059 a
498 2030 587 2060 sociis
596 2031 729 2069 pecuniae
738 2038 854 2070 magna:
867 2026 992 2058 sustulit.
1017 2026 1058 2059 est

93 2073 240 2115 peculatus
252 2093 260 2105 ‚
278 2071 361 2112 quod
379 2071 500 2111 publice
519 2072 625 2111 populi
641 2073 734 2101 Rom.
749 2068 865 2111 signum
876 2090 885 2102 ,
908 2069 943 2100 de
964 2069 1060 2109 praeda

96 2114 234 2145 hostium
244 2122 374 2153 captum,
390 2111 520 2152 positum
531 2115 719 2152 imperatoris
728 2111 823 2141 nostri
834 2112 963 2141 nomine
973 2131 982 2145 ,
994 2121 1060 2142 non

97 2155 247 2186 dubitavit
255 2154 379 2185 auferre.
398 2153 440 2184 est
448 2153 607 2192 majestatis,
620 2152 701 2194 quod
711 2154 830 2192 imperii
841 2151 935 2183 nostri
944 2153 1057 2193 gloriae,

89 2207 257 2238 rerumque
266 2196 412 2238 gestatum
423 2204 625 2226 monumenta
644 2199 658 2223 3
667 2203 807 2227 evertere,
819 2203 905 2235 atque
914 2195 1058 2233 asportare

95 2239 184 2270 ausus
193 2238 245 2269 est.
268 2237 312 2268 est
314 2237 429 2277 sedem,
440 2237 524 2278 quod
534 2237 693 2279 religiones
704 2238 851 2266 maximas
860 2236 994 2266 violavit.
1011 2235 1054 2266 est

97 2280 270 2311 crudelitatis
279 2301 288 2314 ,
299 2279 382 2320 quod
391 2281 425 2309 in
434 2280 596 2309 hominem
605 2281 813 2312 innocentem,
824 2279 858 2307 in
868 2278 984 2308 socium
995 2287 1051 2308 no-

99 2322 193 2354 strum
204 2342 213 2356 ,
223 2331 310 2363 atque
320 2323 452 2351 amicum
463 2341 471 2354 ‚
491 2330 609 2351 novum
619 2331 650 2351 ac
659 2319 803 2362 singulare
813 2320 951 2359 supplicii
961 2329 1055 2360 genus

97 2366 291 2406 excogitavit.
313 2362 391 2393 illud
400 2372 448 2392 vei
455 2362 474 2392 ὸ
482 2363 556 2404 quid
566 2361 600 2392 fit
608 2382 616 2396 ‚
625 2364 689 2403 jam
699 2371 763 2392 non
773 2371 852 2402 queo
862 2362 958 2391 dicere
972 2372 978 2391 z
995 2371 1057 2402 quo

95 2409 226 2436 nomine
243 2405 390 2445 appellem
410 2425 419 2438 ,
443 2407 546 2435 nescio
563 2425 572 2438 ‚
594 2403 678 2445 quod
698 2406 732 2433 in
751 2406 783 2434 C.
796 2403 930 2434 Marcelli
956 2402 1055 2434 statua.

91 2447 179 2488 ,Qiid
195 2446 238 2478 est
253 2448 331 2477 hoc?
344 2447 526 2487 patronusne
543 2445 626 2487 quod
645 2448 726 2476 erat?
744 2444 816 2486 quid
835 2454 900 2475 tum
914 2448 924 2474 ?
944 2443 1006 2485 quo
1024 2445 1056 2475 id

81 2489 225 2530 ,specstaff
242 2488 393 2518 >utrumea
404 2498 449 2518 res
460 2488 494 2518 ad
505 2498 596 2528 opem
608 2507 616 2522 ‚
635 2498 673 2518 an
690 2488 726 2518 ad
746 2488 946 2517 calamitatem
962 2487 1057 2517 clien—

95 2534 174 2562 tium
185 2550 194 2565 ,
216 2540 302 2571 atque
319 2530 473 2569 hospitum
483 2531 580 2560 valere
598 2529 743 2560 debebat?
759 2539 797 2559 an
808 2538 840 2559 ut
850 2530 907 2560 hoc
918 2528 1057 2559 ostende-

92 2583 139 2604 res
150 2593 158 2607 ‚
178 2581 282 2603 contra
288 2574 354 2602 vim
366 2581 447 2602 tuam
460 2592 469 2605 ,
488 2574 521 2602 in
530 2574 663 2612 patronis
672 2569 797 2612 ptaesidii
805 2571 885 2600 nihil
896 2569 974 2600 effe?
988 2572 1054 2611 quis

92 2615 151 2645 hoc
162 2624 227 2645 non
237 2614 419 2655 intelligeret
428 2634 436 2647 ‚
459 2624 496 2644 ix
516 2624 661 2644 1Mi>Roui
681 2613 832 2654 praeseiitis
843 2614 971 2652 imperio
987 2622 1054 2643 ma·-

85 2657 191 2698 jorem
205 2652 262 2686 efl'e
271 2657 336 2686 vim
346 2675 355 2690 ‚
373 2665 464 2696 quam
475 2658 507 2686 in
518 2656 671 2686 bonorum
681 2655 849 2685 absentium
864 2654 1031 2693 patrocinio
1044 2657 1054 2683 ?

92 2708 131 2728 an
140 2697 213 2729 verb
223 2707 262 2727 ex
272 2699 330 2727 hoc
341 2698 393 2728 illa
401 2707 451 2728 tua
459 2696 613 2738 singularis
624 2696 803 2739 significatur
816 2695 977 2726 insolentia
986 2716 995 2730 ‚
1005 2696 1054 2726 su-

91 2740 193 2781 perbia
204 2761 213 2773 ‚
232 2741 422 2770 contumacia
432 2742 444 2769 ?
460 2740 610 2770 detrahere
628 2739 769 2770 Videlicet
778 2737 892 2778 aliquid
902 2737 939 2767 de
949 2746 977 2767 te
987 2747 1052 2768 arn-

90 2781 239 2822 plitudine
255 2781 469 2811 Marcellorum
496 2781 615 2822 putasti.
647 2783 747 2822 itaque
771 2789 855 2809 nunc
881 2780 1051 2810 Siculorum

91 2824 227 2854 Marcelli
243 2832 308 2852 non
325 2823 394 2852 sunt
403 2825 537 2863 patroni:
556 2825 661 2853 Verres
672 2826 704 2853 in
719 2832 825 2852 eorum
837 2820 1051 2861 locumfirbsti-

90 2869 172 2894 turm
181 2864 233 2895 est.
255 2867 354 2905 Qam
365 2867 399 2896 in
409 2873 438 2896 te
448 2874 560 2897 tantam
570 2868 714 2895 virtutem
726 2863 783 2895 esse
791 2884 800 2898 ,
814 2873 862 2894 aut
871 2863 1050 2904 dignitatem

131 2983 140 3000 ι
149 2995 155 3001 .
175 2976 229 3002 (Ad
234 2980 346 3001 Senatum
356 2976 428 3009 desert
437 2977 504 3008 istim
514 2976 608 3009 cupid]
629 2978 652 3002 C
656 2976 730 3010 ujacii
742 2975 810 3001 liber
822 2985 868 3000 rem
878 2976 950 3007 deferr
959 2985 966 2998 :
983 2976 1050 3006 istim

89 3010 170 3042 apid.
182 3011 232 3041 εἶχε.
252 3021 303 3038 nou
322 3011 495 3047 reprehendo.
515 3011 557 3037 sed
570 3021 632 3037 mox
643 3012 719 3047 plani:
732 3011 796 3038 milii
809 3010 996 3046 supervacuum
1009 3011 1049 3036 vi-

87 3044 254 3110 ‹igin-155?
263 3048 401 3081 demonstrat
412 3059 419 3074 .·
437 3054 563 3085 tauquam
573 3047 660 3084 potius
672 3047 813 3083 legendum
825 3048 856 3074 sit
868 3066 876 3079 ,
890 3049 972 3073 nuntio
982 3065 990 3078 ,
1007 3055 1048 3072 ne-

83 3089 312 3181 :dgi-milxaenggam
324 3119 402 3155 fore]
424 3119 518 3149 Diffio
527 3121 647 3148 clamabat
657 3138 666 3153 ,
687 3118 798 3150 liabetur
809 3119 874 3148 mihi
883 3127 933 3157 pro
943 3117 1047 3146 librarii

1008 133 1075 165 IN
1121 116 1503 166 C.VERREM

1987 135 2074 185 ff&

1125 196 1278 227 arbitratus
1297 207 1345 231 es,
1366 205 1399 227 ut
1413 203 1558 227 conarere
1572 195 1743 228 clientelam
1753 202 1813 226 tam
1828 193 2001 229 illustrem,
2019 205 2079 226 tam

1122 238 1141 266 s
1135 237 1284 276 plendidae
1295 240 1458 279 provinciae
1469 258 1478 272 ,
1499 239 1684 269 transducere
1693 238 1728 268 ad
1740 247 1768 268 te
1777 258 1786 271 ‚
1806 237 1919 268 auferre
1930 236 1945 267 a
1955 236 2078 267 certissi—

1120 281 1179 308 mis
1189 299 1198 312 ,
1209 279 1477 321 antiquissimisque
1486 282 1618 321 patronis
1628 283 1639 310 ?
1654 283 1703 311 Tu
1714 279 1767 310 ista
1776 279 1900 311 stultitia
1910 299 1918 312 ,
1930 281 2074 319 nequitia,

1119 321 1224 350 inertia
1234 340 1241 354 ,
1262 332 1326 352 non
1337 322 1432 352 modo
1443 324 1533 353 totius
1543 323 1652 353 Siciliae
1662 342 1671 356 ,
1692 321 1740 352 sed
1751 324 1840 352 unius
1851 319 2014 352 tenuissimi
2025 323 2072 350 Si<-

1116 361 1177 407 culi
1187 362 1360 393 clientelam
1371 366 1445 393 tueri
1455 373 1538 403 potes
1550 368 1562 394 ‚⁷
1578 364 1633 394 tibi
1645 363 1780 394 Marcelli
1790 363 1880 393 statua
1888 371 1935 403 pro
1941 360 2072 403 patibulo

1115 412 1147 448 in
1157 402 1292 432 clienteis
1311 406 1523 435 Marcellorum
1542 405 1622 436 fuit?
1639 415 1670 436 tu
1686 415 1724 435 cx
1738 405 1820 436 illius
1836 406 1952 435 honore
1969 406 2002 434 in
2020 413 2075 433 eos

1114 443 1193 482 ipsos
1204 463 1212 476 ‚
1232 447 1284 484 qui
1301 446 1450 476 honorem
1470 447 1516 476 illi
1535 448 1696 478 habuerant
1712 467 1720 481 ,
1741 447 1883 487 supplicia
1898 446 2050 487 quaerebas
2061 447 2075 473 ,²

1116 484 1198 532 (ξι-1111
1208 485 1327 524 postea?
1345 487 1418 527 quid
1432 487 1552 517 tandem
1567 490 1620 519 tuis
1631 487 1731 524 statuis
1744 487 1808 518 fore
1817 487 2015 518 arbitrabare?
2032 496 2071 517 an

1116 535 1189 555 vero
1200 526 1229 556 id
1241 546 1249 559 ,
1271 528 1353 567 quod
1370 529 1496 559 accidit?
1517 532 1598 560 Nam
1616 530 1806 560 Tindaritani
1825 529 1948 562 statuam
1965 528 2050 559 istius
2061 548 2071 562 ‚

1113 577 1204 608 quam
1217 566 1272 598 fibi
1286 578 1404 608 propter
1412 571 1571 600 Marcellos
1582 591 1591 604 ,
1607 572 1710 601 altiore
1720 573 1810 606 etiam
1824 570 1884 601 'basi
1898 572 1972 611 poni
1982 569 2071 608 juffe-

1113 617 1153 638 rat
1164 629 1172 642 ‚
1185 609 1377 640 deturbarunt
1390 631 1398 643 ‚
1414 609 1533 641 simulac
1543 611 1705 642 successum
1717 613 1764 643 isti
1779 613 1944 643 audierunt.
1978 611 2072 643 Dedit
2092 615 2138 648 42

1113 652 1205 690 igitur
1221 651 1276 681 tibi
1291 652 1413 682 fortuna
1422 653 1591 682 Siculorum
1603 656 1635 683 C.
1647 655 1968 694 Marcellumjudicem
1979 674 1987 688 ‚
2010 663 2041 684 ut
2057 674 2065 687 ,

1112 692 1241 730 cujusad
1253 692 1377 723 statuam
1387 695 1498 726 Siculi,
1514 703 1542 724 te
1552 704 1675 734 praetore
1686 715 1695 728 ,
1714 696 1927 736 alligabantur,
1949 697 2012 735 ejus
2024 705 2071 725 re-

1111 733 1221 774 ligioni
1232 743 1260 764 te
1269 735 1402 765 eundem
1412 734 1551 765 vinetum
1562 755 1570 769 ‚
1590 736 1823 778 adstriftumque
1840 738 1993 768 dedamus.
2026 740 2072 767 Ac

1110 774 1211 814 primo
1224 796 1232 808 ‚
1242 776 1358 815 judices
1368 797 1377 811 ,
1391 778 1450 807 hoc
1457 775 1576 818 signum
1586 779 1729 807 Mercurii
1740 779 1854 809 dicebat
1865 779 1919 809 iste
1929 778 2071 809 Tindari*

1111 826 1196 846 tanos
1204 820 1239 847 C.
1250 819 1394 848 Marcello
1405 819 1474 849 huic
1485 819 1647 849 :Esernino
1656 819 1823 849 vendidisse
1836 830 1840 848 τ
1856 830 1942 861 atque
1952 822 2010 850 hoc
2020 820 2071 851 sua

1109 859 1194 888 causa
1203 861 1293 890 etiarn
1304 860 1484 890 Marcellum
1495 861 1593 900 ipsum
1605 861 1732 900 sperabat
1742 860 1800 890 efl'e
1809 861 1970 892 diciiurum:
1985 861 2068 902 quod

1111 902 1190 930 mihi
1209 911 1378 942 numquam
1397 900 1559 932 verisimile
1572 903 1672 932 visum
1690 902 1732 932 est
1743 923 1751 935 ‚
1774 902 1992 933 adolescentem
2011 904 2069 933 1110

1109 941 1179 972 loco
1191 952 1295 974 natum
1307 963 1315 976 ‚
1328 952 1487 983 patronum
1497 944 1605 974 sicihae
1614 964 1622 978 ,
1642 954 1758 975 nomen
1767 944 1854 977 suum
1864 943 1911 975 isti
1925 945 1959 977 ad
1974 952 2067 974 tram..

1106 983 1240 1013 lationem
1251 986 1372 1014 criminos
1381 985 1659 1017 commodaturum.
1671 989 1889 1017 Verumtamen
1900 988 1940 1016 ita
1951 996 1996 1016 res
2007 987 2068 1015 mi<

1107 1026 1139 1055 hi
1151 1034 1212 1056 tota
1224 1027 1358 1066 praevisa,
1373 1037 1460 1068 atque
1470 1036 1613 1067 praecauta
1622 1027 1676 1062 est,
1687 1037 1730 1058 uti
1742 1048 1750 1061 ‚
1762 1027 1783 1057 sl
1793 1030 1928 1058 maxime
1939 1026 2008 1057 esset
2017 1038 2067 1057 iii-

1107 1076 1214 1098 ventus
1226 1089 1235 1101 ‚
1251 1070 1303 1109 qui
1321 1071 1353 1098 in
1371 1069 1400 1098 se
1417 1069 1559 1109 suscipere
1569 1069 1653 1100 istius
1663 1070 1782 1109 culpam
1795 1089 1803 1103 ,
1822 1067 1998 1109 crimenque
2014 1079 2069 1099 cu*

1106 1118 1206 1148 peret:
1227 1118 1327 1140 tamen
1337 1112 1361 1140 is
1370 1109 1514 1150 proficere
1530 1112 1609 1141 nihil
1618 1110 1723 1151 poffet.
1747 1121 1799 1141 eos
1812 1113 1894 1142 enim
1908 1111 2004 1141 testeis
2016 1111 2069 1140 de-
2112 1135 2115 1137 .

1107 1150 1194 1184 duxi,
1211 1151 1243 1181 δε
1253 1162 1299 1182 eas
1310 1152 1419 1182 litteras
1429 1152 1591 1192 deportavi,
1604 1162 1635 1184 ut
1645 1153 1680 1183 de
1690 1152 1774 1183 istius
1784 1152 1864 1184 faeto
1874 1152 2002 1183 dubium
2013 1162 2069 1182 ne-

1107 1194 1186 1223 mini
1196 1192 1253 1224 6116
1263 1192 1367 1233 pofi'et.
1378 1194 1504 1234 publicae
1516 1195 1618 1225 litteras
1630 1195 1648 1225 s
1644 1204 1708 1228 unt,
1719 1195 1907 1235 deportatum
1918 1193 1975 1224 effe
1985 1196 2068 1224 Mer—

1104 1237 1223 1279 curium
1243 1234 1409 1266 Messanam
1430 1236 1530 1266 sumtu
1546 1237 1680 1276 publico.
1712 1237 1815 1268 dicunt
1828 1257 1836 1270 ‚
1854 1239 1974 1277 quanti:
1991 1245 2066 1275 prae-

1106 1275 1193 1306 iuiffe
1213 1277 1285 1307 huic
1303 1279 1427 1318 negotio
1436 1277 1557 1317 publice
1568 1278 1700 1320 legatum
1709 1279 1841 1309 Poleam.
1887 1278 1958 1308 uid?
1978 1279 2003 1308 is
2015 1278 2067 1309 ubi

1106 1317 1170 1350 est?
1187 1318 1294 1358 praesto
1305 1319 1364 1349 est:
1384 1319 1464 1350 testis
1476 1318 1526 1350 est.
1550 1322 1689 1360 Proagori
1704 1322 1819 1360 Sopatri
1825 1321 1859 1360 ju
1886 1319 1915 1349 ὐ-
1940 1321 2017 1360 Qis
2025 1317 2068 1349 est

1106 1361 1155 1390 hic
1166 1362 1176 1389 ?
1186 1362 1239 1401 qui
1252 1360 1287 1391 ad
1298 1361 1421 1392 statuam
1432 1360 1589 1393 adstriEtus
1599 1362 1650 1392 est.
1676 1362 1779 1403 Qid?
1793 1364 1819 1392 is
1834 1362 1886 1393 ubi
1902 1359 1966 1391 est?
1987 1359 2068 1392 testis

1106 1401 1157 1432 est.
1181 1402 1297 1432 vidistis
1311 1404 1473 1434 hominem
1485 1424 1494 1437 ‚
1508 1403 1540 1433 δε
1550 1404 1639 1434 verba
1650 1405 1713 1444 ejus
1724 1402 1858 1435 audistis.
1881 1403 2066 1433 Demolien-

1106 1443 1181 1473 dum
1192 1446 1303 1475 curavit
1311 1447 1507 1475 Democritus
1522 1444 1761 1485 gymnasiarchus
1772 1464 1783 1480 5
1797 1443 1882 1486 quod·
1899 1446 1924 1474 is
1943 1454 1979 1474 eo
1997 1444 2073 1475 loco

1105 1495 1233 1525 praeerat.
1247 1487 1329 1527 Qid
1339 1491 1349 1517 ?
1358 1488 1417 1516 hoc
1427 1497 1483 1516 nos
1494 1487 1625 1518 dicimus
1637 1490 1646 1517 ?
1656 1486 1758 1517 immo
1768 1485 1843 1517 verb
1851 1486 1912 1526 ipse
1921 1486 2048 1526 praesens
2060 1495 2069 1514 :

1105 1530 1216 1558 Romae
1224 1528 1426 1568 nuperipsum
1442 1527 1500 1558 efl'e
1519 1529 1689 1569 pollicitum
1701 1549 1710 1562 ‚
1726 1529 1785 1559 sese
1796 1528 1827 1559 id
1838 1526 1955 1570 signum
1965 1528 2069 1568 legatis

1106 1568 1163 1599 ess'e
1174 1569 1361 1600 redditurum
1371 1590 1379 1604 ‚
1392 1569 1412 1600 fi
1422 1570 1484 1610 ejus
1495 1572 1537 1600 rei
1547 1569 1703 1609 testificatio
1715 1572 1854 1601 tolleretur
1864 1591 1875 1604 ,
1883 1579 2067 1609 cautumque

1106 1610 1178 1641 ess'et
1186 1631 1195 1645 ‚
1216 1621 1269 1642 eos
1279 1611 1490 1642 testimonium
1499 1621 1565 1642 non
1576 1610 1632 1643 effe
1645 1611 1791 1643 (116111105-
1822 1613 1913 1643 Dixit
1920 1613 1979 1642 hoc
1988 1610 2066 1651 apud

1105 1663 1159 1683 vos
1183 1652 1351 1694 Zosippus,
1376 1654 1409 1684 &
1430 1654 1603 1684 Hismenias
1621 1674 1629 1688 ,
1647 1655 1791 1685 homines
1812 1652 1992 1685 nobilissimi
2003 1673 2011 1687 ,
2033 1653 2067 1682 &

1105 1697 1255 1735 principes
1272 1695 1475 1726 Tindaritanae
1491 1697 1629 1727 civitatis.
1650 1696 1757 1737 .Qid?
1775 1698 1939 1738 Agrigento
1958 1705 2063 1726 nonne

1103 1737 1238 1775 ejusdem
1248 1740 1280 1768 P.
1288 1739 1438 1778 Scipionis
1448 1746 1700 1772 monumentum,
1712 1736 1828 1778 signum
1837 1737 1989 1777 Apollinis
1998 1736 2066 1777 pul-

1104 1780 1288 1809 cherrimum
1299 1799 1308 1813 ,
1328 1780 1413 1819 cujus
1423 1781 1456 1809 in
1464 1778 1582 1809 femine
1593 1799 1602 1813 ,
1622 1780 1760 1810 litterulis
1777 1780 1905 1809 minutis
1922 1780 2069 1819 argenteis

1104 1830 1221 1851 nomen
1231 1823 1369 1861 Myronis
1379 1830 1440 1851 erat
1448 1822 1624 1860 inscriptum
1634 1842 1643 1855 ‚
1670 1831 1707 1851 ex
1717 1822 1878 1860 AEsculapii
1888 1818 2068 1862 religiofiss‘i*

1106 1873 1159 1892 mo
1169 1862 1240 1892 fano
1251 1862 1394 1893 sustulisti
1406 1866 1416 1892 ?
1434 1863 1515 1903 quod
1526 1862 1580 1892 iste
1590 1883 1599 1896 ,
1614 1863 1731 1901 judices
1743 1883 1752 1896 ‚
1765 1860 1836 1893 curn
1849 1858 1921 1891 clam
1929 1860 2044 1894 fecifl'et
2057 1872 2068 1896 z,

1103 1903 1176 1935 cum
1197 1904 1233 1934 ad
1250 1904 1338 1934 suum
1357 1905 1450 1934 scelus
1468 1904 1543 1934 illud
1555 1923 1563 1938 ,
1581 1904 1756 1944 furtumque
1774 1903 1904 1934 nefarios
1917 1903 2066 1944 quosdam

1105 1947 1246 1976 homines
1259 1946 1417 1985 improbos
1429 1965 1437 1979 ‚
1461 1946 1551 1975 duces
1562 1965 1570 1978 ‚
1591 1954 1678 1985 atque
1697 1945 1848 1985 adjutores
1865 1943 2064 1978 adhibuisset,

1104 1988 1300 2017 vehementer
1317 1996 1471 2017 commota
1481 1989 1585 2017 civitas
1594 1987 1646 2017 est.
1672 1990 1744 2018 Uno
1755 1987 1864 2018 eodem
1875 1995 2010 2026 tempore
2019 1989 2063 2017 A—

1102 2029 1264 2070 grigentini
1282 2027 1466 2060 beneficium
1477 2027 1629 2062 Africani,
1649 2030 1827 2069 religionem
1846 2028 2063 2061 domesticam,

1103 2079 1317 2102 ornamentum
1329 2070 1410 2102 urbis
1420 2090 1428 2103 ,
1448 2070 1597 2100 indicium
1610 2070 1761 2104 viEtoriae,
1779 2069 1993 2103 *testimonium
2009 2070 2056 2100 13.)-

1101 2114 1215 2144 cietatis
1225 2131 1233 2145 ,
1246 2110 1432 2153 requirebant.
1455 2114 1558 2152 Itaque
1568 2112 1603 2142 ab
1613 2113 1673 2142 illis
1686 2133 1694 2145 ‚
1710 2114 1761 2152 qui
1772 2114 1921 2152 principes
1934 2114 1965 2143 in
1978 2122 2010 2141 ea
2019 2113 2061 2140 ci-

1102 2155 1193 2185 vitate
1202 2163 1285 2183 erant
1295 2173 1305 2186 ‚
1326 2155 1496 2193 praecipitur
1505 2173 1513 2187 ‚
1538 2153 1570 2183 ὅς
1580 2159 1737 2194 negotium
1747 2152 1833 2184 datur
1845 2152 2060 2194 quaestoribus„

1103 2196 1136 2226 &
1146 2195 1283 2226 aedi-libus
1295 2215 1303 2228 ,
1324 2205 1356 2225 ut
1366 2195 1461 2227 11οᾶ11
1477 2196 1593 2235 vigilias
1608 2205 1727 2236 agerent
1741 2196 1776 2226 ad
1792 2195 1879 2229 aedeis
1894 2196 1993 2225 sacras.
2019 2204 2062 2224 et*

1100 2239 1185 2267 enim
1200 2236 1253 2266 iste
1263 2238 1417 2278 Agrigenti
1435 2238 1545 2275 (credo
1557 2246 1675 2276 propter
1685 2238 1915 2268 multitudinem
1933 2237 2058 2266 illorum

1100 2280 1265 2308 hominurn
1277 2298 1286 2312 ,
1305 2287 1392 2319 atque
1411 2281 1554 2308 virtutem
1567 2299 1574 2311 ‚
1598 2280 1630 2308 &
1643 2278 1725 2319 quod
1739 2281 1819 2309 cives
1830 2280 1982 2311 Romani,
2002 2280 2062 2307 viii

1100 2319 1192 2350 fortes
1202 2341 1211 2354 ‚
1226 2331 1257 2350 ac
1268 2319 1378 2350 strenui
1390 2341 1398 2353 ‚
1416 2320 1449 2350 ὃς
1462 2320 1581 2350 honesti
1592 2321 1734 2360 permulti
1743 2323 1776 2351 in
1786 2321 1840 2350 illo
1850 2320 1974 2360 oppido,
1985 2329 2061 2350 con—

1098 2360 1286 2402 jqutiffimo
1295 2364 1400 2393 animo
1411 2382 1420 2396 ,
1439 2372 1509 2394 cum
1521 2361 1588 2402 ipsis
1598 2364 1803 2403 Agrigentinis
1813 2364 1923 2392 vivunt
1933 2382 1941 2395 ‚
1963 2371 1995 2391 ae
2006 2371 2060 2392 ne-

1101 2405 1271 2444 gotiantur)
1290 2414 1355 2434 non
1364 2404 1490 2434 audebat
1495 2401 1592 2444 parum
1608 2405 1707 2438 tollere,
1719 2413 1768 2436 aut
1778 2405 1896 2444 poscere
1907 2423 1916 2437 ,
1925 2413 1990 2443 quae
1998 2404 2061 2443 pla—

1101 2446 1214 2476 cebant.
1236 2446 1375 2477 Herculis
1387 2447 1536 2485 templum
1547 2445 1588 2477 est
1597 2446 1672 2485 apud
1684 2447 1906 2487 Agrigentino&
1919 2449 1982 2475 non
1993 2445 2062 2476 lon«

1100 2487 1137 2529 ge
1151 2487 1166 2518 31
1179 2487 1266 2521 foro,
1286 2488 1352 2517 sane
1364 2487 1500 2517 sancium
1516 2487 1591 2527 apud
1602 2489 1689 2521 illos,
1707 2487 1933 2527 &religiosrun
1956 2486 2001 2516 ibi
2018 2486 2062 2517 est

1102 2539 1139 2559 ex
1150 2540 1206 2560 aere
1217 2528 1407 2560 simulacrum
1426 2527 1513 2569 ipfius
1525 2530 1684 2563 Herculis,
1704 2539 1764 2569 quo
1784 2539 1848 2559 non
1864 2527 1951 2560 facile
1970 2529 2061 2568 quid-

1101 2582 1192 2612 quam
1202 2571 1332 2602 dixerim
1344 2581 1393 2601 me
1403 2569 1508 2600 vidiss'e
1518 2571 1682 2610 pulchrius,
1696 2568 1821 2609 (tametsi
1833 2580 1897 2601 non
1906 2579 1966 2600 tam
1977 2571 2062 2599 mul-

1102 2623 1166 2643 tum
1179 2612 1284 2643 inistis
1295 2614 1382 2643 rebus
1393 2613 1532 2653 intelligo
1542 2632 1551 2645 ,
1573 2612 1664 2652 quam
1684 2613 1779 2642 multa
1794 2612 1879 2652 vidi)
1896 2612 1988 2652 usque
2001 2611 2039 2641 eo
2049 2631 2060 2646 2

1094 2656 1105 2694 j
1111 2655 1241 2689 udices‚4
1251 2664 1282 2685 ut
1293 2654 1403 2685 rictum
1415 2655 1523 2689 eius,ac
1533 2663 1674 2684 mentum
1681 2654 1785 2693 paullo
1794 2652 1825 2683 sit
1834 2653 2058 2694 attritiuS,quod

1100 2700 1114 2724 5
1131 2699 1162 2727 in
1179 2698 1333 2737 precibus,
1351 2697 1383 2726 &
1402 2696 1648 2737 gratulationibus
1663 2706 1727 2726 non
1742 2696 1843 2726 solum
1861 2695 1892 2725 id
1910 2697 2059 2728 venerari,

1099 2738 1205 2769 verum
1217 2742 1308 2769 etiam
1324 2738 1443 2778 oseulari
1460 2737 1565 2767 solent.
1590 2737 1635 2767 Ad
1645 2738 1703 2767 hoc
1714 2737 1862 2777 templum
1874 2757 1883 2770 ,
1901 2736 1974 2767 cum
1985 2735 2058 2767 ess'et

1098 2780 1152 2810 iste
1161 2783 1331 2821 Agrigenti,
1345 2780 1419 2811 duce
1430 2779 1634 2812 Timarchide,
1649 2779 1770 2818 repente
1783 2799 1792 2813 ,
1802 2778 1892 2809 110816
1904 2781 2057 2818 intempe-

1097 2821 1148 2856 sta,
1160 2823 1315 2853 servorum
1325 2830 1507 2852 armatorum
1520 2820 1551 2850 fit
1560 2822 1732 2855 concursus,
1745 2830 1830 2862 atque
1839 2824 1977 2861 impetus.
1996 2820 2057 2850 cla-

1098 2875 1167 2895 mor
1185 2865 1201 2895 a
1225 2864 1385 2905 vigilibus,
1404 2862 1525 2904 fanique
1540 2862 1713 2894 custodibus
1730 2864 1855 2894 tollitur.
1879 2865 1940 2902 Qui
1958 2862 2061 2903 primo

1983 2914 2058 2935 cum

1133 2983 1159 3010 3.
1180 2978 1291 3000 Eva-tere
1301 2981 1370 3007 atque
1380 2973 1525 3007 asportare]
1537 2973 1698 2999 Gulielmius
1709 2974 1822 3008 conjecit
1834 2983 1842 3004 3
1855 2982 1972 3000 avertere.

1132 3017 1160 3042 4.
1181 3014 1209 3035 Ut
1221 3013 1305 3035 rictum
1316 3009 1391 3042 ism]
1404 3009 1446 3035 Sic
1459 3009 1578 3041 Nonius,
1588 3009 1728 3045 servatque
1738 3009 1831 3045 Cujuc.
1842 3016 1922 3045 atque
1933 3010 2058 3045 Hittorp.

1096 3055 1210 3081 namque
1223 3046 1327 3080 vulgati
1338 3048 1423 3071 ritem.

1136 3091 1161 3114 5.
1183 3085 1210 3107 In
1226 3083 1334 3112 precibus
1345 3082 1606 3117 acgrarulationibue]
1630 3082 1733 3118 Lipsius
1744 3082 1830 3109 noster
1840 3080 1948 3118 putabat
1967 3088 2059 3106 vocem

1098 3117 1180 3152 magis
1194 3118 1393 3146 convenientem
1405 3127 1464 3149 cum
1474 3116 1507 3148 de
1517 3118 1577 3151 Diis
1587 3122 1712 3156 ageretur
1722 3137 1731 3153 ,
1742 3118 1922 3154 gratatiom'bm
1933 3136 1943 3151 ‚
1961 3116 2008 3143 lib.
2022 3123 2059 3142 ii,

1099 3153 1187 3181 Elet't.
1200 3162 1255 3190 cap.
1267 3153 1295 3183 6.

1956 3195 1967 3213 ι
1978 3204 1985 3214 .
1997 3186 2051 3214 Nm

2115 1712 2129 1744 ’ᾖ
