2302 3353
586 155 617 186 A
641 153 671 184 D
696 156 703 160 ⁷
738 137 889 185 M.-}3
911 153 1005 186 nto
1029 151 1062 185 Τ
1087 153 1121 184 υ
1142 153 1189 185 M·
1235 133 1407 184 τΟἰιᾏ
1431 150 1464 183 τ
1487 142 1590 183 o'n.

116 236 179 261 um
191 225 278 261 volo.
307 225 376 257 Nec
390 222 464 255 verb
476 221 640 255 dialefficis
657 221 754 253 modo
773 220 807 252 slt
824 222 1007 257 instruatis,
1027 223 1075 254 sed
1096 213 1100 274 ff

119 271 227 303 habeat
235 270 355 301 omneis
363 266 564 307 philosophiae
573 273 663 295 notos
673 284 683 298 ‚
704 265 737 295 δε
746 262 882 294 tramites
899 265 993 295 locos.
1017 268 1049 294 N
1053 267 1080 294 i—

119 313 168 344 hil
177 314 260 343 enim
271 310 306 340 de
315 308 463 348 religione
471 327 480 342 ,
492 307 571 337 nihil
580 306 616 337 de
628 314 725 336 morte
736 325 745 339 ,
757 306 836 335 nihil
845 306 881 335 de
891 308 998 345 pietate
1009 325 1017 340 ,
1029 307 1078 335 ni-

120 354 169 385 hil
178 354 215 384 de
223 354 340 385 mritate
349 351 447 390 patriae
458 369 467 383 ,
480 349 558 379 nihil
567 348 605 378 de
614 347 703 378 bonis
713 347 800 377 rebus
810 367 820 380 ,
839 356 889 377 aut
900 348 988 377 malis
998 367 1006 379 ,
1032 349 1081 376 ni-

119 395 167 426 hil
175 394 212 425 de
223 391 383 424 virtutibus
394 410 404 423 ‚
414 400 463 421 aut
471 393 553 422 vitiis
564 410 572 424 ‚
589 389 667 419 nihil
676 389 713 419 de
721 387 825 419 officio
838 409 846 423 ‚
859 388 937 418 nihil
947 388 982 418 de
993 387 1082 418 dolo-

118 446 153 468 re
164 456 174 469 ‚
184 435 261 466 nihil
271 434 308 464 de
316 433 468 473 voluptate
480 453 489 467 ,
499 432 578 462 nihil
589 431 627 461 de
640 430 910 471 perturbationibus
920 431 1026 463 animi,
1047 429 1082 459 Sc

122 476 270 509 erroribus
280 495 290 510 ,
309 485 375 516 quae
386 475 459 515 saepe
468 474 578 505 cadunt
592 475 625 503 in
636 473 732 504 causas
746 492 754 506 ‚
775 470 971 513 sedjejunius
988 481 1083 512 agun-

96 550 100 556 x
123 527 188 550 tur:
205 518 284 549 nihil
294 536 304 552 ‚
313 520 438 558 inquam
449 537 460 550 ‚
470 515 531 546 fine
544 525 577 546 ea
589 515 709 546 scientia
718 534 728 549 ‚
740 524 831 555 quam
840 514 905 544 dixi
917 534 925 547 ‚
944 515 1081 556 graviter,

57 557 81 601 '3
91 566 114 600 4
124 560 224 601 ample
237 579 246 593 ‚
265 558 390 600 copiose
407 558 468 589 dici
479 578 488 592 ,
508 558 541 588 &
558 558 701 598 explicari
718 555 823 596 potest.
846 559 895 586 De
905 557 1026 585 materia
1037 555 1083 584 lo-

124 612 202 644 quor
209 603 352 632 orationis
361 602 452 631 etiam
462 610 561 634 nunc,
577 609 640 629 non
649 599 714 639 ipso
722 598 758 628 de
768 607 875 640 genere
884 597 1015 628 dicendi.
1027 606 1085 626 vo-

123 645 157 676 lo
167 645 251 675 enim
260 645 342 684 prius
351 642 455 673 habeat
463 651 563 672 orator
571 651 628 671 rem
635 660 645 675 ,
655 640 692 670 de
702 649 760 680 qua
768 640 846 670 dicat
853 659 862 673 ,
875 639 995 680 dignam
1007 639 1085 668 auri—

124 685 183 718 bus
198 686 323 716 eruditis
339 704 349 719 ,
371 683 462 726 quam
474 685 584 725 cogitet
599 703 608 718 ‚
630 681 740 723 quibus
755 680 842 710 verbis
851 680 984 721 quidque
994 679 1084 713 dicat,

84 740 89 741 ⁷
124 737 175 760 aut
182 727 350 768 quomodo.
366 736 458 768 quem
469 727 560 756 etiam
570 745 580 759 ‚
599 734 661 765 quo
672 722 812 765 grandior
821 721 856 752 fit
865 742 875 754 ‚
895 723 928 752 δε
937 721 1086 762 quodam-

119 770 222 802 modo
230 767 375 799 excelfior
384 768 431 808 (ut
439 768 476 798 de
486 767 596 798 Pericle
604 766 671 795 dixi
682 764 776 805 supra)
788 774 827 794 ne
836 764 1008 805 physicorum
1017 764 1087 804 qui-

125 811 199 842 dem
208 809 267 841 effe
276 813 412 852 ignarum
422 809 505 840 volo.
528 808 640 838 Omnia
648 805 785 847 profec‘to
795 825 804 840 ‚
815 805 887 836 cum
899 807 927 836 se
937 805 952 836 a
962 804 1087 836 caelesti-

124 853 183 886 bus
201 852 288 883 rebus
301 852 407 883 referet
415 851 450 881 ad
465 853 611 880 humanas
622 869 630 883 ‚
651 846 814 882 excelsius,
832 846 1087 889 magnificentius-

1991 134 2076 181 161

1118 228 1201 249 nem.
1224 218 1314 261 Qod
1323 217 1394 249 cum
1406 217 1548 250 stat-uerit,
1560 224 1637 250 tum,
1648 221 1681 246 ut
1690 211 1822 256 quidque
1830 217 1886 245 erit
1900 213 2084 250 dicendum,-

1120 262 1160 290 ita
1168 260 1262 290 dicet:
1282 270 1337 291 nec
1347 259 1551 299 faturajejune
1559 278 1568 292 ,
1580 268 1635 289 nec
1644 257 1765 299 grandia
1775 258 1895 287 minute
1906 277 1914 291 ‚
1937 267 1993 287 nec
2003 259 2084 288 item,

1121 301 1225 332 contra
1237 322 1244 334 .
1263 302 1312 332 sed
1321 304 1376 332 erit
1385 302 1473 332 rebus
1485 299 1551 341 ipsis
1560 310 1610 341 par
1629 300 1662 330 ὃς
1671 299 1794 340 aequalis
1802 301 1908 329 oratio.
1932 301 2079 339 Principia

1123 343 1290 373 verecunda
1299 363 1308 377 ‚
1331 354 1396 373 non
1405 346 1422 370 4
1431 343 1514 374 elatis
1534 342 1652 372 incensa
1662 341 1762 372 verbis
1772 361 1781 374 ,
1801 340 1850 371 sed
1869 349 1950 370 acuta
1959 341 2080 371 senten-

1123 385 1173 413 tiis
1184 404 1192 417 ‚
1215 385 1264 413 vel
1279 385 1314 415 ad
1324 383 1521 415 ostensionem
1532 384 1708 416 adversarii,
1729 383 1779 414 vel
1792 382 1828 413 ad
1836 382 2082 413 commendatio-

1124 434 1196 454 nem
1214 425 1269 454 sui.
1294 428 1487 457 Narrationes
1497 425 1653 456 credibiles
1666 444 1674 458 ,
1685 435 1741 455 nec
1751 423 1893 454 historico
1906 444 1915 457 ,
1927 423 1976 454 sed
1985 424 2081 464 prope

1124 465 1303 505 quotidiano
1315 468 1451 497 sermone
1461 468 1612 507 explicatae
1623 466 1765 496 dilucide.
1789 468 1871 496 Dein
1882 464 1902 495 si
1911 474 2001 495 tenues
2011 462 2082 495 clm-

1119 508 1155 547 sk
1167 528 1174 541 ‚
1185 515 1249 537 tum
1261 510 1352 537 etiam
1362 509 1587 550 argumentandi
1602 518 1692 539 tenue
1704 507 1790 538 filum
1801 508 1833 538 &
1842 518 1874 538 in
1883 507 2033 541 docendo,
2046 507 2080 538 δε

1125 551 1158 578 in
1169 548 1335 578 refellendo
1348 560 1353 578 ⁴.
1364 550 1454 590 idque
1465 559 1503 580 ita
1511 550 1680 583 tenebitur,
1691 559 1723 579 ur
1731 570 1740 583 ,
1756 558 1866 590 quanta
1874 549 1910 580 ad
1920 559 1983 580 rem
1995 570 2002 584 ‚
2016 558 2082 580 tan·

1126 590 1197 622 taad
1214 592 1383 620 orationem
1395 591 1444 620 fiat
1459 590 1588 621 accessio.
1611 591 1690 621 Cum
1707 590 1779 621 vero
1789 592 1870 621 causa
1887 591 2079 625 eainciderit.

1126 634 1159 662 in
1168 642 1225 673 qua
1234 633 1280 662 vis
1290 631 1468 672 eloquentiae
1484 631 1569 671 poffit
1580 635 1719 672 expromi
1731 644 1737 662 2
1754 642 1820 663 tum
1833 634 1860 663 se
1876 632 1964 663 latius
1974 632 2091 664 fundet‘

1125 683 1225 704 orator
1234 694 1241 706 .
1253 683 1321 704 tum
1329 683 1409 714 reget
1419 695 1427 706 ‚
1444 675 1476 703 ὃς
1488 672 1587 703 fleElet
1595 676 1713 704 animos
1725 695 1733 707 ,
1748 675 1780 704 ὃς
1790 673 1826 704 sic
1836 673 1964 708 afficiet,
1983 684 2016 705 ut
2024 685 2081 706 vo-

1126 716 1167 746 let
1177 737 1186 749 ‚
1204 715 1235 745 id
1253 714 1297 745 est
1307 735 1314 749 ‚
1334 724 1366 746 ut
1375 715 1467 745 causa:
1478 724 1578 744 natura
1591 735 1600 747 ‚
1619 715 1737 745 &ratio
1747 718 1891 756 temporis
1908 716 2080 756 postulabit.

1128 757 1185 788 Sed
1195 759 1251 787 erit
1268 757 1381 797 duplex
1400 758 1503 786 omnis
1514 757 1539 796 ej
1544 766 1577 785 us
1587 765 1706 786 ornatus
1726 758 1776 786 ille
1787 758 1970 788 admirabilis
1981 779 1989 792 ,
2010 768 2080 798 pro-

1126 808 1192 840 pter
1200 809 1291 840 quem
1312 798 1444 829 ascendit
1454 800 1486 827 in
1498 806 1613 831 tantum
1631 798 1781 827 honorem
1799 799 1976 839 eloquentia.
2000 802 2081 829 Nam

1128 841 1199 871 cum
1211 842 1312 870 omnis
1324 851 1388 881 pars
1406 841 1549 870 orationis
1562 837 1619 869 effe
1636 839 1724 868 debet
1734 840 1887 869 laudabilis
1897 861 1905 873 ,
1926 839 1962 870 sic
1973 850 2005 871 ut
2014 851 2084 871 ver-

124 903 185 966 ?ue
195 895 229 925 δε
238 894 325 928 dicet,
339 894 372 924 &
382 893 499 923 sentiet.
510 894 648 931 Cumque
659 890 710 920 illa
717 890 820 920 divina
829 891 1016 931 cognoverit,
1028 898 1087 918 no-
1128 883 1203 913 bum
1212 883 1333 915 nullum
1344 903 1352 915 ‚
1366 880 1421 912 nifi
1432 890 1481 912 aut
1489 891 1574 921 grave
1585 901 1593 914 ‚
1605 889 1654 910 aut
1663 880 1777 921 elegans
1787 881 1903 911 excidat
1914 893 1918 910 z
1938 891 2005 912 tum
2016 883 2082 912 sunt

141 946 160 966 0
171 938 288 978 ignoret
297 945 334 965 ne
345 936 406 965 haec
416 933 541 974 quidem
551 934 693 963 humana.
718 932 777 971 Jus
787 932 873 961 civile
882 940 980 962 teneat
990 951 999 965 ‚
1022 940 1084 971 quo

1130 924 1266 954 maxime
1286 924 1465 957 luminosae‚
1490 929 1502 950 5
1514 923 1546 953 &
1564 920 1643 963 quafi
1660 922 1785 952 actuo&
1804 933 1896 962 partes
1910 923 1992 953 duae:
2010 934 2083 965 qua-

126 986 216 1020 egent
222 977 313 1008 causae
323 976 453 1006 forenses
463 974 607 1016 quotidie.
618 973 690 1015 quid
706 973 748 1003 est
757 975 842 1003 enim
853 975 966 1013 turpius
974 993 983 1005 ⁷
993 974 1084 1013 quam
1102 987 1106 1018 ι
1126 977 1194 997 rum
1205 967 1326 997 alteram
1338 968 1370 995 in
1381 964 1509 996 univers]
1518 965 1634 1006 generis
1644 963 1808 1004 quaestione
1818 974 1901 1004 pono
1912 985 1920 997 ,
1937 976 2026 1006 quam
2039 970 2083 1004 [ut

124 1019 345 1060 legitimarum,
366 1018 548 1047 &civilium
566 1013 835 1047 controversiarum
851 1017 1015 1055 patrocinia
1025 1014 1106 1045 sus-1
1126 1009 1209 1052 supra
1226 1011 1304 1051 dixi)
1325 1012 1436 1040 Graecis
1454 1010 1603 1050 appellant
1623 1010 1718 1038 &eo-122:
1738 1009 1860 1038 alteram
1879 1011 1911 1038 in
1930 1010 2082 1051 augendis,

292 1059 300 1067 x

123 1062 222 1101 cipere
233 1079 242 1093 ,
268 1069 340 1090 cum
350 1057 386 1089 fis
395 1059 495 1101 legum
508 1079 516 1093 2
529 1059 561 1088 &
570 1058 669 1089 civilis
680 1059 753 1093 iuris
763 1059 903 1098 ignarus?
920 1055 1087 1098 Cognoscat
1102 1047 1106 1098 ἰ
1124 1054 1401 1099 amplificandisque
1419 1054 1506 1084 rebus
1516 1074 1525 1087 ‚
1545 1064 1610 1094 quae
1621 1055 1656 1085 ab
1667 1054 1779 1084 eisdem
1797 1050 1919 1091 αῠξκστς
1928 1053 1970 1083 est
1982 1057 2085 1083 nomi-

85 1122 88 1124 ·
125 1104 218 1134 etiam
228 1111 327 1131 rerum
336 1099 483 1142 gestarum
494 1120 503 1134 ‚
523 1100 557 1130 &
566 1100 700 1129 memoria:
709 1107 806 1128 vetem
814 1099 955 1129 ordinem
966 1119 975 1133 ‚
987 1099 1086 1128 maxi-

127 1142 180 1174 me
188 1143 300 1173 scilicet
308 1142 416 1173 nostrae
425 1144 552 1172 civitatis
573 1153 580 1172 :
602 1141 652 1173 sed
662 1142 695 1171 δε
711 1142 944 1181 imperiosorum
954 1140 1086 1180 populo-

125 1195 195 1216 rum
206 1204 215 1218 ‚
229 1184 262 1214 δε
270 1194 374 1225 regum
383 1184 548 1214 illustrium
562 1194 670 1224 :quem
680 1183 812 1213 laborem
824 1182 913 1212 nobis
922 1184 1015 1212 Attici
1027 1192 1085 1211 no-

76 1242 79 1244 >
127 1226 180 1258 stri
190 1226 302 1256 levavit
310 1225 394 1256 labor
413 1236 419 1255 ι
445 1230 455 1246 ¹
467 1228 520 1266 qui
535 1226 715 1256 consewatis
730 1245 739 1259 ,
759 1225 926 1265 notatisque
936 1225 1086 1264 tempori-

127 1269 183 1300 bus
201 1279 208 1298 ·.
230 1268 309 1299 nihil
317 1278 389 1298 cum
400 1267 514 1298 illustre
524 1269 763 1308 praetermitteret
772 1287 781 1300 ‚
803 1276 955 1297 annorum
974 1267 1086 1305 septin-

127 1319 290 1352 gentorum
309 1311 492 1340 memoriam
504 1319 566 1339 uno
583 1309 662 1340 libro
679 1309 841 1350 colligavit.
863 1311 895 1339 N
898 1318 1020 1338 ascum
1037 1317 1088 1337 au-

129 1362 192 1382 tem
204 1373 213 1386 ,
227 1351 301 1392 quid
312 1360 397 1381 antea
406 1371 415 1385 ‚
431 1351 520 1392 quam
532 1360 617 1381 natus
628 1349 664 1380 fis
674 1370 683 1384 ,
703 1351 841 1380 acciderit
850 1370 858 1383 ‚
881 1350 910 1379 id
921 1349 965 1380 est
975 1350 1090 1390 semper

130 1393 189 1426 esse
199 1403 334 1434 puerum.
358 1393 440 1435 Qid
449 1395 536 1422 enim
544 1392 588 1422 est
597 1401 664 1422 aetas
675 1393 810 1422 hominis
821 1412 829 1425 ‚
850 1395 862 1411 2
874 1390 929 1421 nifi
940 1393 1089 1421 memoria

128 1445 229 1467 rerum
239 1444 374 1465 veterum
392 1444 464 1464 cum
477 1434 664 1474 superiorum
676 1443 758 1465 aetate
768 1436 940 1464 contexitur
961 1436 972 1463 Ρ
994 1435 1088 1464 Com-

130 1478 314 1509 memoratio
331 1485 432 1506 autem
452 1477 636 1517 antiquitatis
647 1496 655 1510 ‚
676 1476 948 1516 exemplorumque
959 1475 1089 1515 prolatio

129 1519 250 1552 summa
258 1527 328 1549 cum
336 1516 525 1552 delmatiam,
537 1518 570 1549 &
578 1516 780 1547 austeritatem
789 1519 920 1548 orationi
929 1516 1012 1548 affert
1021 1537 1030 1551 ‚
1054 1516 1087 1546 &

132 1559 234 1592 fldem.
266 1561 314 1591 Sic
323 1561 413 1601 igitur
423 1559 585 1590 instru&us
595 1561 698 1590 veniet
707 1559 742 1590 ad
751 1560 849 1590 causas
870 1570 877 1589 ε
899 1569 1025 1600 quarum
1037 1559 1089 1588 ha-

133 1602 217 1634 bebit
224 1612 330 1645 genera
339 1599 475 1642 primurn
484 1602 545 1642 ipsa
554 1604 680 1644 cognita.
690 1603 747 1632 erit
755 1603 837 1631 enim
849 1602 877 1631 ei
886 1600 1087 1641 perspe&um,

133 1644 214 1676 nih-il
221 1643 334 1685 ambigi
351 1642 453 1683 poste,
472 1645 506 1674 in
519 1654 580 1685 quo
590 1653 656 1674 non
665 1652 715 1674 aut
729 1653 775 1673 res
792 1641 1024 1674 controverfiam
1043 1641 1088 1672 fa-

133 1688 192 1718 ciat
202 1705 211 1720 ,
220 1685 376 1716 autrverba.
398 1687 460 1716 Res
471 1706 480 1718 ,
499 1694 550 1716 aut
558 1686 594 1716 de
603 1695 675 1716 vero
686 1707 694 1719 ,
707 1694 757 1715 aut
766 1685 801 1715 de
812 1684 894 1715 recl-o
906 1705 914 1718 ,
926 1694 975 1716 aut
983 1685 1020 1715 de
1031 1694 1089 1714 no—

135 1729 229 1760 mine.
251 1727 348 1758 Verba
356 1747 365 1761 ,
384 1736 434 1757 aut
442 1727 479 1757 de
487 1727 631 1769 ambiguo
641 1747 650 1762 ‚
672 1735 723 1757 aut
732 1726 768 1757 de
778 1729 936 1758 contrario.
960 1729 1043 1757 Nam
1053 1724 1089 1756 fi-

135 1769 255 1811 quando
266 1768 346 1799 aliud
357 1771 390 1800 in
400 1769 546 1799 sententia
553 1769 674 1800 videtur
682 1767 740 1799 esse
752 1789 760 1802 ,
772 1769 852 1799 aliud
863 1771 896 1799 in
905 1769 1005 1799 verbis
1018 1789 1026 1802 ,
1037 1778 1089 1809 ge-

134 1815 193 1844 'nus
203 1809 246 1842 est
253 1810 406 1852 quoddam
424 1811 558 1852 ambigui
571 1831 579 1845 ‚
599 1810 682 1852 quod
691 1821 730 1841 ex
745 1812 894 1851 praeterit'o
910 1810 1005 1841 verbo
1024 1809 1089 1840 fieri

133 1853 212 1884 solet
225 1863 230 1882 :
248 1855 282 1883 in
291 1862 353 1894 quo
367 1873 376 1886 ,
393 1852 475 1893 quod
491 1852 534 1883 est
543 1853 755 1894 ambiguorum
767 1854 924 1893 proprium
936 1872 945 1886 ‚
964 1861 1010 1882 res
1020 1852 1092 1883 duas

76 1902 92 1937 3
100 1901 120 1934 5
133 1893 292 1937 significari
301 1894 453 1925 videmus.
475 1893 555 1925 cum
566 1904 627 1925 tam
637 1904 726 1935 pauca
744 1892 801 1925 sint
809 1904 918 1936 genera
924 1895 1089 1928 causarum,

135 1939 228 1969 etiam
249 1939 262 1963 3
273 1944 519 1975 argumentorum
534 1945 678 1976 praecepta
691 1945 781 1976 pauca
795 1937 874 1966 sunt.
894 1935 992 1966 traditi
1012 1936 1090 1969 sunt,

135 1978 154 2010 ὲ
165 1977 274 2018 quibus
284 1987 317 2006 ea
325 1976 479 2011 ducantur,
491 1977 623 2016 duplices
633 1978 709 2007 loci:
722 1979 776 2007 uni
786 1976 802 2007 ὲ
813 1977 901 2007 rebus
911 1976 977 2016 ipsis
988 1997 996 2010 ,
1007 1977 1090 2006 alteri

135 2018 267 2050 ass'umti.
289 2017 443 2048 Tra&atio
453 2020 461 2047 i
464 2021 542 2059 gitur
549 2028 649 2048 rerum
657 2016 751 2048 efficit
759 2018 1014 2048 admirabiliorem
1023 2028 1091 2048 ora-

135 2063 268 2092 tionem.
287 2069 359 2089 nam
374 2059 444 2099 ipsae
459 2059 583 2100 quidem
593 2069 638 2090 res
655 2060 688 2089 in
696 2057 829 2099 perfacili
839 2061 1014 2100 cognitione
1023 2069 1092 2089 ver-

135 2103 245 2133 santur.
263 2100 337 2142 quid
345 2103 430 2131 enim
437 2101 500 2139 jam
512 2102 641 2141 sequitur
650 2121 658 2135 ‚
670 2100 751 2141 quod
762 2100 885 2141 quidem
897 2102 963 2131 artis
972 2099 1006 2131 fit
1017 2121 1025 2134 ‚
1035 2099 1091 2130 nisi

135 2143 231 2174 ordiri
239 2144 408 2173 orationem
420 2162 428 2176 ‚
439 2144 471 2172 in
482 2152 542 2183 quo
552 2152 600 2172 aut
608 2143 908 2172 concilietur-auditor
917 2162 926 2176 ,
939 2151 988 2172 aut
997 2144 1094 2184 eriga-

135 2194 187 2217 tur
195 2205 204 2219 ‚
217 2193 267 2216 aut
274 2193 355 2224 paret
364 2184 392 2213 se
401 2183 436 2213 ad
446 2183 645 2214 discendum?
664 2193 728 2213 rem
739 2183 868 2214 breviter
876 2193 1024 2224 exponere
1035 2204 1043 2217 ,
1057 2184 1089 2213 δε

134 2226 338 2268 probabiliter,
349 2225 382 2255 &
390 2225 500 2265 aperte,
511 2234 544 2255 ut
554 2246 564 2258 ,
575 2225 648 2266 quid
658 2233 772 2266 agatur,
789 2225 917 2265 intelligi
926 2223 1031 2265 possit?
1043 2226 1059 2254 s
1056 2235 1092 2255 ua

133 2266 488 2300 confirmare?advei·s.1ria
497 2265 856 2306 evertere?eaqueefficere
865 2277 927 2297 non
939 2267 1091 2306 perturba-

137 2309 168 2342 ῑέ
180 2330 188 2344 ,
209 2309 258 2340 sed
277 2307 398 2349 singulis
416 2308 726 2350 argumentationibus
744 2310 784 2338 ita
800 2308 1019 2338 concludendis
1030 2329 1038 2341 ‚
1059 2317 1091 2338 ut

136 2350 284 2384 efficiatur
291 2348 416 2391 quodvfit
424 2351 609 2391 consequens
620 2352 657 2380 iis
668 2369 677 2383 ,
698 2360 763 2391 qua:
774 2351 932 2380 sumentur
940 2350 976 2380 ad
985 2360 1092 2390 quam-

135 2403 196 2436 que
205 2403 269 2423 rem
279 2390 516 2422 confirmandam
533 2391 619 2431 ?post
628 2395 733 2422 omnia
740 2394 961 2431 perorationem
970 2391 1093 2422 inflam-

138 2444 274 2467 mantem
291 2433 564 2475 restinguentemve
572 2433 750 2464 concludere
768 2436 779 2462 ?
802 2436 862 2463 Has
872 2436 976 2473 parteis
985 2444 1094 2475 quem—

137 2475 304 2513 admodum
314 2474 417 2505 trafitet
427 2474 551 2517 singulas
560 2495 569 2509 ‚
588 2474 714 2505 difficile
729 2474 812 2505 difiru
823 2474 865 2505 est
874 2475 1022 2506 hocloco.
1038 2485 1095 2506 nec

137 2521 224 2549 enirn
234 2518 350 2557 semper
365 2516 524 2547 metamur
541 2527 603 2547 uno
613 2517 717 2547 modo.
741 2519 894 2557 Qoniam
904 2526 1005 2547 autem
1015 2527 1091 2550 non,

140 2570 233 2602 quem
251 2559 373 2589 doceam
383 2578 393 2592 ‚
411 2568 513 2599 quaero
523 2578 532 2592 ‚
551 2558 599 2589 sed
609 2568 701 2599 quem
720 2559 845 2599 probem
866 2569 871 2588 z
893 2559 1026 2599 probabo
1035 2561 1096 2599 pri-

105 2639 111 2643 v
141 2599 231 2632 mum
241 2610 312 2630 eum
323 2620 332 2634 ‚
351 2602 421 2640 qui,
433 2600 506 2641 quid
517 2600 618 2630 deceat
627 2621 636 2633 ‚
657 2600 780 2630 videbit.
805 2602 878 2631 Haec
887 2602 972 2630 enim
981 2601 1095 2640 sapien—

90 2642 93 2647 *
139 2645 181 2678 tia
189 2641 323 2673 maxime
333 2641 500 2672 adhibenda
509 2642 664 2682 eloquenti
674 2641 717 2672 est
727 2662 736 2676 ‚
757 2651 788 2671 ut
798 2640 832 2671 fit
842 2649 995 2682 temporum
1010 2663 1018 2675 ‚
1032 2651 1097 2684 per-

135 2685 321 2725 sanarumque
329 2683 491 2713 moderator.
515 2686 596 2713 Nam
608 2693 664 2714 nec
672 2684 797 2723 semper.
809 2693 865 2713 nec
875 2684 952 2724 apud
963 2686 1094 2718 omneis,

136 2737 197 2763 ,nec
208 2735 316 2762 ⁴contra
332 2727 450 2754 omneis
461 2745 470 2758 ‚
489 2735 546 2755 nec
563 2735 618 2765 pro
635 2726 780 2755 omnibus
791 2745 800 2758 ‚
821 2735 878 2755 nec
888 2726 1032 2756 omnibus
1043 2736 1096 2756 eo·

1125 1108 1205 1129 nata.
1236 1101 1311 1139 Qae
1326 1099 1377 1127 etii
1395 1095 1578 1137 aequabiliter
1589 1106 1651 1126 toto
1662 1105 1784 1136 corpore
1795 1097 1941 1125 orationis
1951 1094 2015 1125 fusa
2024 1094 2083 1125 effe

1125 1140 1231 1174 debet,
1251 1149 1352 1170 tamen
1363 1140 1395 1168 in
1407 1138 1626 1168 communibus
1637 1139 1710 1168 locis
1722 1137 1857 1167 maxime
1868 1137 2011 1166 excellet:
2031 1140 2085 1177 qui

1124 1192 1279 1212 communes
1294 1180 1431 1221 appellati
1447 1199 1456 1213 ,
1476 1180 1559 1220 quod·
1575 1180 1714 1210 videntur
1732 1179 1896 1209 multarum
1914 1178 2008 1208 iidem
2026 1178 2085 1208 ess'e

1125 1224 1278 1254 causarum
1290 1243 1299 1257 2
1317 1222 1366 1253 sed
1381 1223 1493 1262 proprii
1505 1220 1685 1260 lingularum
1704 1219 1761 1250 effe
1770 1220 1931 1250 debebunt:
1954 1223 1994 1250 At
2011 1219 2085 1250 νει-ὸ

1126 1267 1178 1296 illa
1186 1275 1249 1306 pars
1259 1266 1405 1295 orationis
1417 1285 1426 1296 ‚
1445 1274 1509 1304 quae
1521 1263 1563 1293 est
1574 1263 1609 1293 de
1619 1273 1726 1304 genere
1745 1262 1886 1292 universo
1899 1283 1906 1294 ,
1931 1271 2004 1292 totas
2014 1272 2087 1292 cau-

1126 1308 1168 1338 sas
1187 1309 1260 1348 saepe
1280 1308 1426 1337 continet.
1449 1305 1596 1346 quidquid
1612 1305 1655 1335 est
1671 1306 1756 1335 enim
1767 1303 1843 1334 illud
1855 1324 1864 1338 ,
1883 1306 1987 1344 inquo
2003 1302 2088 1344 quast

1128 1362 1279 1385 certarnen
1288 1350 1330 1382 est
1340 1348 1546 1381 controversiae
1557 1370 1565 1383 ‚
1583 1349 1663 1391 quod
1674 1349 1775 1380 Graece
1787 1346 1950 1386 κεινόμύζυον
1963 1348 2084 1380 dicitur,

1126 1397 1156 1427 id
1168 1398 1206 1427 ita
1215 1395 1275 1425 dici
1283 1394 1378 1434 placet
1387 1412 1395 1426 ,
1407 1400 1440 1422 ut
1450 1391 1615 1422 traducatur
1625 1391 1660 1422 ad
1665 1398 1829 1462 pelipcruam
1840 1388 2011 1431 questionem
2019 1401 2030 1422 ,⁴
2042 1398 2086 1419 at-

1126 1448 1184 1481 que
1202 1437 1238 1467 de
1249 1435 1392 1466 universo
1400 1444 1506 1474 genere
1516 1433 1629 1464 dicatur
1642 1444 1647 1463 2
1668 1435 1699 1463 ni
1715 1443 1723 1462 1
1733 1432 1804 1462 cum
1822 1432 1858 1463 de
1869 1441 1939 1461 vero
1949 1432 2086 1472 ambige-

1126 1490 1191 1511 tur:
1212 1477 1294 1520 quod
1303 1474 1575 1518 quaericonjestura
1586 1476 1666 1505 solet.
1704 1476 1831 1505 Dicetur
1847 1482 1946 1504 autem
1958 1483 2020 1503 non
2031 1476 2086 1503 Pe*

1128 1522 1351 1563 ripateticorum
1369 1527 1454 1547 more
1472 1516 1526 1556 (est
1542 1519 1625 1547 enim
1643 1517 1768 1547 illorum
1786 1517 1956 1545 exercitatio
1966 1515 2086 1555 elegans

1126 1566 1189 1606 jam
1202 1561 1272 1593 inde
1287 1561 1324 1591 ab
1334 1559 1493 1590 Aristotele
1510 1558 1680 1599 constituta)
1700 1557 1749 1588 sed
1760 1558 1911 1598 aliquanto
1920 1555 2083 1586 nervosius:

1132 1607 1215 1637 &ita
1231 1604 1268 1634 de
1277 1613 1307 1633 re
1319 1603 1498 1632 communia
1506 1600 1663 1633 dicentur,
1684 1608 1717 1630 ut
1727 1599 1760 1630 ὃς
1769 1609 1824 1640 pro
1833 1600 1892 1629 reis
1902 1599 1996 1628 multa
2006 1598 2084 1628 leni-

1131 1657 1174 1679 ter
1191 1647 1348 1678 dicantur,
1368 1644 1443 1674 &in
1462 1642 1640 1673 adversarios
1655 1642 1762 1682 aspere.
1785 1640 1939 1681 Augendis
1948 1639 2020 1670 vero
2039 1649 2086 1669 re—

1131 1691 1186 1721 bus
1198 1710 1206 1722 ‚
1227 1688 1260 1718 &
1276 1686 1379 1717 contla
1395 1684 1572 1725 abjiciendis
1589 1685 1668 1714 nihil
1686 1683 1745 1716 est,
1767 1683 1849 1724 quod
1867 1692 1930 1712 non
1945 1680 2088 1722 perficere

1131 1729 1217 1773 poffit
1227 1730 1323 1760 oratio
1341 1738 1347 1757 :
1366 1727 1448 1768 quod
1468 1727 1501 1757 ὃς·
1512 1728 1590 1757 inter
1605 1725 1706 1756 media
1722 1735 1752 1755 ar
1774 1733 1897 1755 umenta
1912 1722 2087 1754 faciendum

1132 1773 1175 1805 est
1187 1794 1195 1806 ‚
1206 1770 1455 1813 quotiescumque
1464 1768 1582 1799 dabitur
1589 1768 1639 1799 vel
1647 1735 1852 1807 amplificandi
1863 1787 1872 1799 ‚
1883 1766 1931 1796 vel
1941 1767 2085 1795 minuen-

1132 1817 1163 1847 di
1182 1816 1266 1845 locus
1278 1833 1286 1846 ‚
1304 1812 1433 1852 &paene
1449 1808 1570 1840 infinite
1581 1812 1614 1840 in
1623 1809 1799 1850 perorando.
1823 1811 1896 1838 Duo
1913 1808 2000 1841 sunt,
2013 1817 2084 1854 ‘quae
2107 1815 2151 1848 37‘

1132 1859 1210 1889 bene
1220 1854 1337 1886 tra&ata
1344 1854 1380 1883 ab
1388 1862 1503 1883 oratore
1513 1872 1521 1885 ‚
1533 1851 1739 1882 admirabilem
1749 1850 1953 1891 eloquentiam
1964 1849 2084 1879 faciant.

1131 1910 1263 1943 quorum
1274 1899 1400 1929 alterum
1410 1896 1453 1927 est
1462 1917 1470 1930 ,
1480 1896 1562 1937 quod
1573 1897 1668 1926 Graeci
1677 1892 1775 1925 ›332va
1783 1891 1907 1927 vocant‚⁴
1912 1893 1947 1924 ad
1956 1902 2086 1930 naturas,

1134 1945 1166 1974 δε
1183 1942 1218 1973 ad
1238 1950 1355 1973 mores,
1376 1938 1453 1969 &ad
1470 1947 1596 1968 omnem
1613 1939 1682 1967 vitae
1699 1935 1949 1967 consuetudinem
1966 1945 2088 1965 accom-

1132 1986 1289 2018 modatum
1301 1996 1306 2014 :
1317 1985 1455 2015 alterum,
1467 1982 1548 2023 quod
1560 1981 1654 2011 iidem
1664 1977 1812 2010 παθητικὸ
1817 1990 1828 2009 ν
1840 1982 2011 2013 nominant,
2022 1989 2086 2019 quo

1130 2027 1336 2071 perturbantur
1344 2026 1439 2055 animi
1450 2025 1482 2054 &
1491 2024 1679 2053 concitantur
1688 2043 1695 2055 ,
1716 2024 1747 2052 in
1757 2032 1817 2063 quo
1828 2032 1889 2052 uno
1907 2028 2004 2062 regnat
2021 2031 2085 2050 ora-

1131 2071 1181 2100 tio.
1205 2068 1285 2099 Illud
1294 2068 1445 2107 superius,
1465 2075 1571 2098 corne,
1587 2064 1778 2104 jucundum,
1797 2063 1833 2094 ad
1843 2063 2085 2093 benivolentiam

1130 2109 1351 2143 conciliandam
1361 2117 1493 2148 paratum
1505 2117 1511 2135 2
1528 2107 1586 2136 hoc
1595 2126 1604 2139 ‚
1616 2107 1779 2136 vehemens
1789 2126 1798 2139 ‚
1817 2105 1973 2135 incensum
1985 2124 1993 2138 ‚
2006 2106 2086 2134 inci-

1131 2163 1224 2184 tatum
1237 2172 1245 2186 ,
1263 2161 1324 2192 quo
1333 2150 1424 2180 causae
1434 2150 1616 2188 eripiuntur:
1628 2147 1709 2189 quod
1720 2145 1790 2178 cum
1801 2146 1901 2187 rapide
1913 2145 2005 2176 fertur
2015 2166 2023 2179 ‚
2037 2145 2086 2175 su-

1133 2195 1235 2225 stineri
1244 2193 1330 2223 nullo
1340 2191 1427 2231 pa&o
1437 2189 1541 2230 potest.
1565 2192 1634 2231 Qo
1643 2199 1749 2230 genere
1760 2199 1816 2219 nos
1824 2209 1834 2223 ‚
1848 2187 2026 2220 mediocres,
2036 2195 2087 2218 aut

1133 2236 1233 2266 multo
1243 2237 1330 2265 etiam
1348 2235 1451 2262 minus
1470 2242 1475 2260 1
1500 2231 1548 2261 sed
1563 2241 1673 2272 magno
1683 2231 1796 2271 semper
1805 2228 1846 2260 ufi
1859 2232 1973 2270 impetu
1984 2249 1992 2263 ‚
2013 2230 2089 2268 saepe

1133 2278 1311 2308 adversarios
1329 2275 1364 2305 de
1376 2274 1450 2304 statu
1460 2275 1549 2303 omni
1569 2273 1745 2312 dejecimus.
1769 2272 1868 2302 Nobis
1877 2281 1931 2312 pro
1946 2270 2088 2301 familiari

1134 2330 1186 2350 reo
1196 2320 1332 2349 summus
1344 2325 1441 2346 orator
1450 2325 1514 2345 non
1525 2314 1676 2354 respondit
1687 2312 1870 2344 Hortensius.
1893 2316 1919 2343 A
1930 2313 2018 2342 nobis
2028 2313 2088 2342 ho-

1134 2371 1187 2391 mo
1206 2357 1410 2391 audacissimus
1432 2357 1559 2387 Catilina
1575 2358 1609 2386 in
1627 2357 1729 2387 senatu
1747 2356 1894 2386 accusatus
1923 2354 2089 2384 obmutuit.

1136 2403 1236 2433 Nobis
1244 2403 1398 2442 privatam
1416 2399 1499 2429 causa
1510 2409 1617 2439 magna
1634 2399 1665 2428 &
1675 2400 1754 2439 gravi
1766 2418 1775 2431 ,
1795 2397 1866 2427 cun-'i
1885 2394 2017 2436 coepiffet
2026 2398 2097 2425 Cu-·

1134 2447 1180 2476 rio
1194 2453 1275 2485 pater
1283 2441 1460 2484 respondere
1471 2460 1480 2474 ‚
1500 2439 1597 2470 subito
1608 2439 1710 2469 assedit
1720 2459 1728 2473 ‚
1747 2438 1820 2469 curn
1838 2437 1890 2468 fibi
1901 2439 2006 2468 venenis
2022 2446 2088 2467 ere—

1135 2495 1215 2527 ptam
1233 2486 1413 2515 memoriam
1429 2483 1547 2512 diceret.
1572 2481 1653 2522 Qiid
1669 2491 1724 2521 ego
1742 2481 1779 2510 de
1797 2479 2021 2519 miserationibus
2040 2479 2090 2508 lo-

1134 2539 1207 2569 quar
1224 2531 1235 2557 ?
1256 2527 1365 2568 quibus
1384 2535 1420 2554 eo
1431 2525 1496 2554 sum
1507 2524 1575 2554 usus
1593 2523 1728 2562 pluribus
1741 2543 1749 2555 ,
1767 2521 1848 2562 quod
1858 2522 1948 2551 etiarn
1958 2519 1979 2550 sl
1989 2521 2090 2561 plures

1133 2570 1305 2601 dicebamus
1318 2589 1326 2601 ‚
1347 2567 1564 2607 perorationem
1585 2565 1663 2593 mihi
1682 2572 1783 2594 tamen
1805 2573 1914 2593 omnes
1935 2563 2090 2603 relinque-

1134 2613 1216 2643 bant.
1227 2613 1260 2641 in
1269 2620 1329 2651 quo
1340 2615 1372 2638 ut
1382 2608 1497 2638 viderer
1507 2606 1652 2636 excellere
1663 2624 1671 2639 ,
1688 2615 1753 2636 non
1761 2606 1901 2645 ingenio,
1924 2604 1973 2634 sed
1983 2603 2089 2633 dolore

1135 2652 1311 2694 afl'equeban
1335 2653 1409 2690 Qae
1423 2648 1589 2689 qualiacum
1613 2657 1648 2676 ue
1667 2649 1700 2677 in
1719 2656 1768 2676 me
1787 2647 1876 2676 sunt:
1900 2644 1916 2665 ⁶
1934 2656 1983 2675 me
2001 2647 2088 2675 enim

1136 2696 1234 2736 ipsum
1245 2703 1309 2723 non
1319 2693 1461 2732 poenitet,
1481 2698 1589 2729 quanta
1609 2696 1653 2718 int
1666 2699 1671 2717 ;
1692 2688 1739 2720 sed
1749 2696 1889 2728 apparent
1898 2689 1930 2717 in
1939 2688 2088 2717 orationi-

1138 2738 1194 2768 bus
1212 2747 1217 2765 :
1237 2734 1286 2765 etsi
1297 2732 1473 2764 carentlibri
1484 2732 1585 2771 spiritu
1596 2731 1651 2778 illo
1661 2749 1670 2763 ,
1690 2739 1907 2770 propterquem
1920 2729 2031 2767 majora
2040 2738 2090 2758 ca-

86 2770 128 2815 36
138 2767 210 2815 dem
223 2766 490 2797 mododicendum
500 2766 632 2814 arbitror.
665 2769 693 2797 Is
705 2768 760 2814 erit
777 2777 847 2807 ergo
857 2767 1002 2807 eloquens
1013 2787 1021 2801 ,
1044 2770 1095 2808 qui
1139 2779 1208 2809 dem
1220 2778 1271 2806 1113
1281 2775 1352 2805 cclm
1362 2782 1487 2816 aguntur
1499 2793 1507 2805 ,
1519 2771 1609 2813 quam
1619 2781 1691 2801 cum
1703 2772 1841 2812 leguntur
1850 2791 1858 2803 ‚
1877 2770 1971 2799 videri
1981 2770 2088 2800 solent.

139 2809 177 2845 -ad
188 2809 218 2840 ¹d
227 2828 237 2843 >
249 2807 462 2852 qUOdcumque
471 2807 605 2844 decemb
625 2817 736 2851 ΡΟῘΕΙἸΕ
744 2810 972 2840 accommOdare
984 2812 1096 2840 ont-¹0·
1140 2823 1207 2851 Nec
1222 2817 1295 2850 vero
1314 2817 1504 2847 miseratione
1516 2814 1616 2845 solum
1636 2823 1724 2844 mens
1737 2813 1876 2853 judicum
1887 2811 2091 2852 permovenda
2112 2805 2155 2848 38

133 2937 153 2947 n·

143 2989 291 3017 Gulielmio
299 2989 453 3015 coacervatis.

2050 2851 2093 2882 est

142 2909 2083 2932 M

182 2963 206 2981 1.
223 2955 271 2987 9111*
287 2943 428 2988 confodiar&
445 2953 575 2987 notatisque
592 2951 758 2986 temporibus]
780 2948 939 2986 Legendum
958 2947 1096 2975 videbatur
1134 2947 1193 2980 sunt
1204 2947 1326 2979 ‚equibus
1336 2944 1464 2969 ducantur.

1174 2989 1202 3014 4.
1224 2982 1302 3007 Elaris
1310 2980 1404 3012 incensa
1414 2977 1519 3011 verbis]
1540 2976 1621 3003 Haud
1631 2976 1707 3004 :iliter
1718 2975 1786 3002 Pall.
1797 2984 1889 3001 omncs
1901 2994 1910 3006 ‚
1928 2974 1957 3000 8<
1968 2972 2039 3000 Pith.
2051 2981 2093 2998 re-

138 3034 160 3055 ,·
173 3026 258 3058 2.Nifi
266 3028 373 3051 memom'a
384 3034 462 3050 rerum
471 3032 579 3050 veterum
588 3022 912 3058 cumficpcrr'orum‚&c.]lta
921 3021 978 3047 Pall
985 3028 1084 3047 ‚omues
1091 3038 1098 3050 ‚
1140 3024 1215 3054 cepta
1226 3016 1305 3042 lee‘tio
1316 3016 1405 3047 intensa
1418 3033 1425 3045 ,
1436 3013 1498 3040 alius
1508 3017 1611 3039 intenta.

139 3059 194 3089 ,ulfi
203 3059 403 3096 quodPal.pr.&
414 3059 798 3095 secJicperioribur.uilgata‚mfi
804 3068 855 3085 cum
865 3057 1086 3084 memoriamemm
1093 3074 1099 3080 .

141 3093 230 3125 solum
241 3095 328 3127 habet,
337 3097 382 3129 nist
390 3105 440 3122 cum
450 3106 517 3122 mem.
528 3103 581 3122 vet.
591 3099 675 3121 iterum
686 3102 823 3121 contexatur
831 3105 840 3127 ‚-
849 3093 947 3120 omissis
958 3093 1061 3118 ceteris.

142 3141 146 3144 ⁴
182 3138 209 3165 3.
224 3134 537 3164 ,Argumentarumpraetepta
543 3132 698 3164 paucafims.
717 3131 804 3156 traditi
807 3130 865 3164 fimi
877 3148 885 3162 ,
895 3129 906 3155 ὲ
915 3130 1000 3163 qm'bus
1013 3147 1020 3160 ,
1030 3127 1099 3160 ἀνι]

140 3164 189 3194 'Sic
199 3165 268 3193 Pau.
277 3166 444 3203 posteriores,
455 3168 550 3204 quippe
564 3176 606 3203 pr.
616 3167 644 3194 &
654 3166 705 3195 sec.
715 3166 781 3195 item
792 3165 865 3194 Pith.
878 3171 997 3200 pracepta
1007 3163 1102 3191 tradita
1144 3170 1184 3188 res
1196 3167 1299 3189 tantum
1310 3158 1405 3186 habent
1418 3176 1426 3190 ‚
1435 3157 1649 3192 mcipfiompoeuitct
1658 3156 1811 3192 quamafim.

134 3215 158 3235 ³.

1179 3063 1204 3087 5.
1227 3056 1257 3078 Et
1275 3053 1342 3086 quast
1358 3050 1477 3084 aflues-'ej
1498 3051 1538 3076 lta
1550 3049 1617 3075 l‘ull.
1628 3057 1720 3075 omnes
1731 3048 1758 3074 Sc
1768 3045 1911 3074 Gallicani.
1932 3044 2038 3072 Nonius
2053 3051 2094 3070 ta-

1142 3098 1201 3116 men
1213 3087 1313 3114 duobus
1325 3086 1388 3112 locis
1400 3085 1514 3111 inculcat
1527 3085 1725 3119 uobisjarltwsle.
2055 3114 2059 3119 ⁵

1179 3125 1208 3150 6.
1222 3128 1264 3150 Me
1272 3127 1331 3148 enim
1341 3122 1413 3155 ipsum
1423 3131 1466 3146 non
1475 3124 1568 3153 poenitct
1577 3119 1747 3154 quantaslnt]
1760 3118 1832 3144 Pith.
1844 3118 1872 3143 &J
1882 3115 1950 3144 Pall.
1960 3115 2014 3142 duo
2022 3123 2096 3151 prio-

2018 3184 2101 3212 Laut

2149 2733 2162 2753 9
