2250 3358
695 135 1077 194 H1sr

1159 157 1555 199 onxa.
2053 174 2116 228 51

128 232 258 273 mavit,
280 226 573 277 Proscriptionem
587 223 664 281 jam
683 225 858 280 perastam
878 224 967 261 effe:
993 238 1096 275 caput
1147 228 1396 266 conservatoris
1438 230 1618 281 quondam
1649 231 1733 281 reip}
1765 234 1923 286 tantique
1965 238 2118 275 consulis

124 295 240 322 autem
253 283 287 318 ὃς
298 290 420 316 manus
433 289 497 326 pro
510 275 627 313 rostris
637 288 721 324 poni
728 273 828 323 jusfit
837 298 847 313 ‚
858 273 1093 328 speAEtaculum

124 329 342 370 horrendum
356 326 526 363 Romanis
538 351 548 368 ‚
571 325 633 375 qui
655 325 688 361 se
710 336 785 360 non
805 323 987 360 Ciceronis
1011 324 1092 360 vul-

121 391 199 417 tum
209 406 217 420 ,
230 378 284 414 sed
298 375 487 424 imaginem
499 374 608 411 animi
621 373 767 410 Antonii
782 372 902 409 videre
913 371 1092 421 putabant.

119 429 189 466 Dio
201 427 257 465 lib.
271 440 328 472 47.
352 425 422 461 Ubi
436 423 618 461 Ciceronis
631 432 733 472 caput
744 422 887 458 allatum
899 421 966 459 fuit
978 447 988 463 ‚
1013 425 1089 458 An-

118 475 237 515 tonius
258 475 376 513 multis
389 476 422 512 8<
434 472 600 522 gravibus
617 471 754 521 probris
775 471 875 525 illatis
889 495 900 509 ‚
925 470 1011 507 illud
1025 484 1088 520 pro

117 526 248 565 rostris,
261 526 340 562 loco
351 535 422 573 prae
434 522 508 559 aliis
519 521 707 569 conspicuo
724 520 809 569 poni
815 520 928 569 justit,
942 530 983 557 ut
994 521 1088 574 unde

120 576 160 612 in
172 576 285 624 ipsum
298 573 404 612 verba
414 572 542 609 faciens
554 571 691 608 auditus
703 570 827 611 fuerat,
840 570 888 605 ibi
900 580 1003 618 caput
1013 582 1042 618 ej
1048 582 1086 606 us

116 637 199 661 cum
213 637 320 660 manu
332 623 454 659 dextra
465 648 475 665 ‚
496 634 573 672 quae
586 619 688 656 simul
702 619 836 667 praecisa
850 618 963 655 fuerat
974 643 984 657 ‚
996 631 1085 655 con-

116 673 310 723 spiceretur.
338 672 459 709 Fulvia
469 683 554 708 vero
565 679 668 719 caput
680 677 865 717 antequam
879 667 1084 721 auferretur,

113 723 152 760 in
164 735 286 760 manus
298 720 439 771 sumpfit
449 745 460 760 ‚
481 730 586 769 atque
607 717 782 755 atrocibus
803 716 916 753 verbis
935 716 1084 754 llludens

113 773 150 809 δε
161 772 355 820 conspuens
367 769 511 819 genibus
524 768 588 805 fiais
606 765 771 816 imposuit
785 792 794 807 ,
821 765 1025 821 &linguam
1039 778 1082 804 ex

112 833 176 857 ore
197 821 388 858 extrastam
406 818 537 855 acubus
549 842 559 858 ‚
578 816 704 866 quibus
726 815 767 851 ad
787 826 904 863 capitis
917 826 1083 853 ornatum

113 869 277 907 utebatur
288 893 299 908 ‚
320 867 529 917 compunxit
541 890 551 905 ‚
578 865 702 902 additis
726 863 846 901 multis
868 864 977 914 iisque
999 877 1082 902 exe-

112 918 245 956 crandis
264 916 471 966 opprobriis.
501 915 622 953 Livius
639 928 646 951 :
671 916 724 951 Ita
746 913 894 951 relatum
917 924 1021 969 caput
1040 914 1081 951 ad

110 966 308 1004 Antonium
321 993 330 1007 ‚
344 965 510 1015 juffuque
522 963 595 1013 ejus
614 965 705 1000 inter
716 963 801 1000 duas
820 975 943 999 manus
962 976 1000 999 in
1020 976 1080 999 ro-

109 1013 184 1052 stris
197 1014 346 1064 positum
359 1039 369 1054 ‚
384 1014 444 1051 ubi
456 1014 514 1050 ille
526 1012 660 1050 Consul
672 1037 683 1052 ‚
707 1012 768 1049 ubi
782 1012 866 1062 saepe
880 1012 1080 1052 consularis,

109 1064 170 1101 ubi
182 1076 227 1100 eo
238 1063 310 1111 ipso
321 1076 414 1100 anno
426 1063 585 1100 adversus
597 1062 795 1099 Antonium
807 1086 817 1100 ‚
842 1072 972 1112 quanta
983 1062 1080 1099 nulla

108 1126 264 1163 unquam
276 1113 429 1149 humana
449 1124 523 1149 vox
535 1138 544 1154 ‚
569 1124 652 1148 cum
664 1110 897 1148 admiratione
907 1111 1078 1161 eloquen-

109 1162 166 1199 tiae
177 1161 314 1199 auditus
327 1162 457 1199 fuerat:
471 1161 531 1199 vix
544 1160 739 1198 attollentes
752 1160 940 1210 lachrymis
953 1161 1076 1198 oculos

106 1210 269 1248 homines
291 1211 419 1248 intueri
441 1210 611 1248 trucidata
629 1209 786 1247 membra
807 1209 881 1259 ejus
905 1220 1076 1259 poterant,

108 1260 313 1297 Cremutius
326 1259 467 1297 Cordus
481 1273 489 1296 ε
504 1259 679 1309 Praecipue
690 1270 808 1296 tamen
820 1258 926 1295 solvit
936 1260 1077 1308 pestora

107 1309 273 1346 omnium
285 1309 321 1345 in
333 1309 503 1359 lacrymas
516 1308 736 1358 gemitusque
748 1307 816 1344 visa
828 1307 870 1345 ad
883 1318 989 1357 caput
999 1308 1074 1356 ejus

106 1358 256 1407 deligata
279 1370 403 1395 manus
424 1357 546 1395 dextra
558 1383 568 1400 ,
590 1357 720 1395 divinae
734 1357 944 1407 eloquentiae
967 1358 1075 1394 mini-

106 1406 173 1444 stra
186 1421 193 1443 :
208 1417 478 1456 ceterorumque
488 1407 598 1444 caedes
606 1407 759 1457 privatos
770 1407 887 1443 luRus
899 1407 1075 1444 excitave-

106 1466 210 1496 runt,
221 1456 278 1493 illa
289 1469 360 1493 una
371 1469 611 1493 communem.
632 1458 788 1493 Mortem
799 1456 981 1494 Ciceronis
993 1469 1073 1494 ver-

107 1501 200 1542 fibus
221 1505 477 1554 elegantiflimis
496 1505 693 1556 deploravit
705 1505 892 1543 Cornelius
909 1507 1071 1545 Severus:

105 1555 145 1593 in
156 1554 286 1605 quibus
297 1554 377 1592 sunt
387 1579 397 1595 ,
411 1555 471 1605 qui
483 1555 676 1605 sequuntur
688 1568 696 1592 ε

151 1603 318 1653 (Abstulit
324 1616 393 1642 una
404 1606 470 1642 dies
478 1608 546 1642 aevi
556 1605 650 1642 decus
660 1629 671 1644 ‚
682 1605 810 1656 iffaque
821 1603 908 1643 luffa

153 1655 313 1690 Conticuit
322 1656 428 1690 Latiae
439 1654 703 1704 trfiisfhcundia
714 1653 829 1704 linguae
838 1678 850 1694 ‚

156 1703 256 1739 Vnica
257 1701 406 1748 fillicitis
416 1703 578 1753 quondam
589 1703 692 1742 tutela
704 1729 714 1745 ,
718 1702 876 1754 salusque
886 1727 897 1742 ‚

155 1753 327 1800 Egregium
336 1751 402 1799 sem
423 1764 456 1789 er
466 1754 584 1801 patriae
596 1762 711 1801 caput.-
726 1753 776 1790 ille
785 1756 921 1790 Senatus

153 1800 286 1836 Vindex
295 1825 304 1841 ‚
317 1801 368 1837 ille
396 1802 460 1839 ori,
472 1800 576 1851 legum
586 1825 596 1841 ‚
607 1801 748 1852 ritusque
759 1810 909 1851 togaeque·

151 1847 285 1886 Publica
294 1848 476 1896 voxstevis
485 1860 639 1888 aeternum
649 1850 805 1887 obmutuit
815 1852 920 1887 armv's
928 1873 939 1890 2

107 1921 110 1924 ⁴
148 1895 303 1940 Infbrmes
312 1896 431 1936 vultus
442 1922 452 1937 ‚
496 1899 670 1951 arsamque
680 1911 785 1937 cruore
795 1898 932 1947 nefhndo

149 1947 314 1992 caniciem
326 1945 444 1992 ‚sacra
460 1959 521 1996 que
531 1960 648 1984 manus
660 1972 670 1987 ‚
684 1959 871 1998 operumque
880 1946 1044 1996 ministras

153 1995 328 2029 Tantorum
340 2018 350 2034 ,
358 1994 490 2042 pedibus
501 1996 587 2032 civis
594 1997 735 2043 projesta
742 1995 889 2043 superbis·

152 2041 361 2078 Proculcavit
371 2054 479 2078 ovans
490 2066 501 2081 ‚
512 2055 567 2079 nec
576 2041 696 2080 lubrica
701 2043 787 2087 fata
795 2042 941 2093 Deosque

152 2088 303 2138 Respexit
314 2104 325 2126 :
334 2090 416 2126 nullo
426 2089 491 2128 luet
501 2090 561 2127 hoc
570 2093 758 2128 eAntonim
769 2104 853 2128 aevo.

106 2137 305 2175 paterculus
314 2136 391 2186 post
401 2148 574 2175 narratam
585 2137 715 2175 caedem
727 2140 777 2175 M.
788 2137 898 2175 Tullii
911 2164 922 2181 ‚
946 2139 982 2175 in
993 2138 1069 2176 haec

107 2187 213 2224 verba
231 2187 384 2236 erumpit
404 2201 411 2224 :
440 2187 541 2224 Nihil
561 2197 680 2224 tamen
703 2186 820 2236 egisti,
845 2189 896 2224 M.
909 2189 1043 2224 Antoni
1059 2214 1069 2230 ,

107 2236 304 2274 mercedem
315 2235 530 2274 caelestiffimi
541 2236 613 2273 oris
624 2238 659 2274 ὃς
669 2234 844 2274 clarissimi
863 2236 985 2285 capitis
1007 2237 1069 2274 ab·

105 2284 180 2323 stifi
204 2285 423 2325 numerando
441 2312 454 2331 ‚
486 2286 823 2336 austeramentoque
852 2285 993 2326 funebri
1026 2285 1071 2326 ad

1143 275 1312 330 irritando
1335 291 1468 317 necem.
1494 280 1650 329 Rapuisti
1674 293 1713 318 tu
1738 285 1788 319 M.
1804 285 1970 321 Ciceroni
1994 287 2112 325 lucem

1143 323 1322 378 sollicitam
1336 354 1344 369 ,
1357 330 1391 366 ὃς
1403 340 1540 367 aetatem
1551 330 1692 367 senilem
1704 357 1713 371 ‚
1727 334 1763 369 ὃς
1775 333 1882 371 vitam
1894 335 2112 374 miseriorem

1141 380 1176 407 te
1188 375 1344 423 principe
1355 401 1366 416 ‚
1389 392 1496 426 quam
1518 380 1579 416 sub
1603 391 1638 417 te
1654 380 1846 419 triumviro
1858 395 2012 422 mortem
2026 399 2033 422 :
2056 385 2111 422 fa-

1140 433 1236 457 mam
1261 434 1345 459 vero
1368 427 1585 477 gloriamque
1607 429 1781 467 fanorum
1804 442 1907 481 atque
1926 433 2108 471 diuorum

1140 469 1226 505 adeo
1237 483 1311 506 non
1323 472 1485 511 abstulisti
1500 501 1510 515 ,
1522 489 1562 514 ut
1574 479 1720 516 auxeris.
1736 480 1837 517 Vivit
1846 505 1856 520 ‚
1868 482 2031 531 vivetque
2042 496 2107 533 per

1138 531 1284 556 omnem
1297 520 1507 560 saeculorum
1519 528 1726 565 memoriam
1740 543 1751 566 .·
1774 529 1931 580 dumque
1954 532 2022 568 hoc
2046 532 2107 569 ve!

1134 566 1248 607 forte,
1269 570 1325 606 vel
1338 571 1559 619 providentia
1572 599 1582 613 ‚
1603 577 1657 612 vel
1671 589 1850 628 utcunque
1870 579 2104 620 constitutum

1134 629 1253 654 rerum
1266 629 1398 673 naturae
1410 633 1537 670 corpus
1550 646 1560 661 ‚
1577 626 1671 671 quod
1683 626 1740 662 ille
1752 640 1850 676 paene
1862 629 1953 665 solus
1964 632 2102 667 Roma-

1133 678 1264 703 norum
1282 680 1400 704 animo
1422 670 1532 710 vidit,
1555 671 1698 719 ingenio
1712 677 1916 724 complexus
1933 678 2003 718 est,
2025 680 2101 716 elo-

1132 716 1516 764 quentiailluminavit‚
1543 721 1698 758 manebit
1710 724 1887 763 incolume
1900 751 1910 765 ‚
1929 728 2101 766 comitem

1132 764 1198 818 aevi
1217 764 1267 801 sui
1285 766 1422 803 laudem
1435 768 1618 806 Ciceronis
1631 772 1742 807 trahet
1758 787 1765 808 :
1791 776 1974 824 omnisque
1985 778 2101 825 poste-

1131 824 1211 850 ritas
1225 814 1317 852 illius
1329 816 1366 852 in
1380 828 1415 853 tc
1428 817 1549 866 scripta
1561 819 1766 862 mirabitur,
1786 834 1888 860 tuum
1903 825 1939 860 in
1951 838 2032 862 eum
2046 826 2100 863 fa-

1131 863 1230 900 stum
1242 865 1488 903 execrabitur:
1510 867 1679 918 citiusque
1698 870 1735 906 in
1755 873 1891 907 mundo
1908 885 2019 920 genus
2030 875 2100 911 ho·-

1131 912 1270 951 minum
1283 940 1294 956 ,
1316 928 1422 963 quam
1444 916 1503 965 huj
1510 930 1549 953 us
1569 931 1703 955 nomen
1717 945 1726 960 ‚
1747 920 1856 956 cadet.
1889 922 2100 962 Ciceronem

1129 961 1199 998 hoc
1211 975 1308 999 anno
1321 975 1390 1001 vn.
1403 963 1483 1002 Idus
1495 966 1649 1004 occisum
1662 968 1729 1005 esse
1742 994 1751 1010 ‚
1772 968 1974 1006 testimonio
1989 973 2101 1009 Tiro-

1129 1010 1182 1047 nis
1203 1012 1317 1049 liberti
1330 1013 1445 1050 scribit
1458 1015 1603 1052 Tacitus
1617 1016 1654 1053 in
1667 1017 1807 1066 dialogo
1819 1018 1863 1054 de
1877 1021 2096 1059 Oratoribus.

1126 1059 1288 1114 intelligo
1301 1073 1419 1100 autem
1433 1064 1514 1101 Idus
1526 1066 1711 1104 Decembr.
1729 1067 1898 1117 quoniam
1918 1070 2098 1107 triumviri

1126 1110 1283 1148 inierunt
1298 1123 1333 1147 v.
1347 1112 1424 1149 Kal.
1436 1115 1639 1152 Decembris
1651 1140 1663 1155 ‚
1684 1126 1725 1152 ut
1745 1116 1842 1152 estin
1859 1116 1971 1166 lapide
1984 1119 2098 1155 Colo-

1124 1158 1233 1197 tiano‚
1261 1160 1360 1198 Vixit
1371 1162 1479 1209 igitur
1490 1164 1617 1200 Cicero
1629 1178 1739 1202 annos
1753 1177 1865 1202 ani.
1890 1167 2023 1204 menses
2038 1180 2093 1206 xi.

1125 1207 1197 1245 dies
1211 1221 1244 1245 v.
1258 1208 1329 1246 five
1341 1223 1450 1247 annos
1464 1223 1572 1250 inv.
1583 1214 1700 1250 minus
1714 1226 1819 1251 xxvi.
1832 1215 1965 1253 diebus.

1176 1259 1285 1295 Nunc
1303 1259 1344 1296 ad
1362 1270 1564 1298 extremum
1577 1262 1665 1299 illud
1678 1263 1801 1301 addam
1814 1290 1824 1305 ‚
1845 1265 1941 1313 quod
1951 1265 2096 1302 Defide-

1104 1306 1195 1343 rrius
1218 1307 1467 1356 Lignamineus
1490 1312 1674 1348 Patavinus
1703 1323 1784 1350 ante
1811 1326 1922 1350 annos
1944 1314 2093 1353 sedecim

1122 1355 1331 1406 divulgavit.
1357 1358 1452 1395 Cum
1464 1372 1558 1397 anno
1573 1360 1702 1398 Christi
1715 1373 1746 1397 M
1755 1389 1761 1397 .
1771 1374 1806 1398 n·
1820 1374 1929 1399 xmv.
1944 1364 2093 1401 Kalend.

1123 1406 1462 1456 Decemb.Angu1us
1486 1409 1621 1458 Apulus
1644 1411 1816 1448 Minorita
1837 1412 1874 1448 in
1900 1413 2092 1462 Zacyntho

1121 1454 1231 1492 insula
1241 1456 1463 1495 Venetorum
1474 1482 1485 1497 ‚
1508 1471 1587 1508 quae
1607 1459 1645 1495 in
1658 1460 1744 1496 mari
1759 1461 1863 1497 ionio
1877 1462 1984 1510 Epiro
1997 1462 2092 1510 adja-

1120 1514 1176 1541 cet
1189 1529 1199 1543 ‚
1211 1505 1303 1554 apud
1314 1506 1476 1543 sacellum
1489 1509 1534 1544 D.
1548 1507 1668 1545 Mariae
1679 1509 1847 1546 Gratiosae
1860 1534 1871 1549 ‚
1894 1523 1966 1546 non
1983 1511 2090 1558 longe

1121 1553 1142 1590 a
1163 1553 1283 1592 littore
1302 1555 1406 1593 maris
1419 1581 1429 1597 ,
1452 1557 1620 1593 Coenobii
1640 1557 1867 1596 fundamenta
1877 1570 2015 1607 ageret,
2039 1562 2089 1596 ie-

1121 1603 1310 1651 pulchrum
1332 1604 1610 1654 antiquiffimum
1631 1608 1758 1655 reperit
1777 1609 2088 1657 hacinscriptione:

1123 1654 1306 1689 Mfrutm
1321 1654 1469 1690 CicERo
1482 1667 1599 1694 HAVE.
1618 1668 1664 1692 ET
1679 1668 1729 1692 τυ
1743 1668 1882 1695 τεΡΤιΑ
1897 1660 2089 1694 Aureum.

1121 1701 1159 1737 in
1171 1702 1296 1738 eodem
1307 1703 1463 1752 sepulcro
1476 1705 1628 1741 inventae
1647 1705 1726 1742 sunt
1748 1705 1826 1743 duae
1844 1719 1940 1744 urnae
1954 1707 2087 1749 vitreae,

1122 1761 1191 1787 una
1203 1750 1316 1800 major
1325 1753 1488 1789 cinerum
1500 1778 1510 1795 ,
1532 1754 1637 1790 altera
1647 1755 1766 1792 minor
1777 1755 1998 1793 lacrimarum
2011 1781 2022 1796 ‚
2045 1767 2088 1793 ut

1124 1800 1273 1845 volunt3
1295 1800 1333 1837 in
1354 1800 1496 1850 majoris
1517 1802 1629 1840 fundo
1642 1829 1652 1845 ,
1674 1814 1748 1840 erat
1761 1804 1854 1841 vitro
1867 1805 2085 1854 inscriptum:

1122 1851 1200 1886 Ave
1227 1852 1330 1886 MAR·
1353 1851 1452 1887 Tur.
1476 1854 1557 1888 Hoc
1571 1863 1846 1890 monumentum
1857 1854 1906 1890 ibi
1927 1854 1964 1890 in
1978 1855 2088 1891 sacra-

1121 1898 1176 1935 rio
1197 1899 1318 1947 templi
1339 1898 1536 1938 adservatur
1548 1925 1558 1940 ‚
1576 1905 1612 1939 &
1624 1901 1807 1938 Ciceronis
1819 1903 1927 1940 nostri
1940 1903 2004 1940 effe
2017 1916 2085 1953 pu·

1119 1957 1222 1984 tatur.
1256 1949 1391 1984 Verum
1405 1949 1441 1985 in
1465 1949 1666 1998 hujusmodi
1689 1951 1792 1987 rebus
1814 1952 1901 1988 mihi
1916 1952 2085 2001 Epichar-

1119 1996 1168 2032 mi
1199 1997 1408 2033 cantilenam
1430 1997 1526 2034 illam
1547 1999 1714 2048 pos'smocCo
1740 2000 1871 2037 οἰπτςε-ῒν
1895 2001 1938 2037 ad
1962 2013 2084 2038 aurem

1119 2054 1305 2093 utramque
1316 2044 1517 2082 insusurrari
1529 2045 1629 2083 facile
1640 2047 1754 2095 patior
1766 2061 1774 2083 :
1800 2048 1882 2084 cum
1894 2050 2083 2098 praesertim

1117 2092 1154 2127 in
1168 2092 1352 2140 Epitaphio
1365 2094 1518 2146 quodam
1530 2120 1541 2137 ‚
1564 2096 1663 2144 quod
1683 2096 1721 2132 in
1742 2096 1832 2133 libro
1845 2099 2082 2147 manuscripto

1117 2132 1290 2179 οἰδῖαποῦν
1311 2141 1512 2189 subjicitur,
1534 2144 1736 2192 Arpinatem
1749 2145 1959 2184 Ciceronem
1972 2147 2084 2196 lapide

1119 2198 1217 2225 extra
1228 2188 1384 2238 Cajetam
1396 2190 1540 2230 servari,
1564 2192 1743 2231 inveniam
1756 2220 1765 2236 ‚
1778 2208 1884 2244 quem
1898 2196 2080 2244 Lignarni-

1117 2249 1206 2326 {ieritis-
1217 2237 1236 2274 a
1247 2237 1351 2277 servis
1361 2250 1554 2279 crematum
1565 2265 1576 2282 ‚
1589 2243 1623 2281 ὃς
1633 2242 1671 2280 in
1682 2244 1914 2293 Zacynthum
1926 2245 2077 2284 delatum

1135 2300 1169 2327 ui
1199 2298 1336 2337 eputat.
1566 2320 1570 2324 -

461 2458 677 2518 F1N1s
718 2460 1114 2523 Hm-omAE
1156 2463 1238 2521 M.
1272 2463 1342 2521 T.
1374 2463 1722 2525 Cicssuon.

1267 3036 1339 3113 (g
1380 3038 1448 3112 2)
1913 3040 1980 3097 C.
2007 3041 2071 3096 ιο
