2360 3400
590 88 687 119 DE

75 184 88 190 κ
136 157 302 191 virtutibus
315 166 321 185 :
334 152 445 186 idcirco
453 153 523 184 illos
533 173 541 188 ,
554 155 587 184 in
597 154 707 195 quibus
718 163 765 184 eas
776 156 900 185 virtutes
912 153 968 184 ess'e
979 162 1090 186 remur,

134 203 152 232 εὶ
172 208 273 231 natura
294 198 354 238 ipsa
375 197 499 238 diligere
515 197 663 237 cogimur.
687 199 784 237 Atque
802 198 847 226 hae
865 196 989 237 quidem
999 195 1090 226 causae

134 240 281 282 diligendi
303 237 495 281 graviffimae:
522 242 531 258 ¹
555 236 768 278 poffuntenim
782 237 920 278 praeterea
933 236 1090 267 nonnullae

135 281 194 313 effe
204 283 343 311 leviores.
368 280 454 310 Fides
463 289 563 310 autem
575 288 607 309 ut
619 279 758 309 habeatur
767 300 776 313 ‚
788 279 902 310 duabus
913 279 1000 308 rebus
1010 276 1088 307 effici

130 318 247 365 potest:
269 321 287 352 si
312 321 554 352 existimabimur
574 321 672 360 adepti
687 320 883 360 conjunffam
894 318 1088 359 curnJ'ustitia

128 365 334 406 prudentiam.
355 374 425 394 nam
446 373 486 393 Ετ
508 373 555 393 11s
573 372 685 392 Fine-M
695 362 858 396 habemus,
876 371 951 402 quos
960 361 1027 401 plus
1037 361 1085 390 in-

133 407 267 448 telligere
278 426 285 440 ‚
305 406 396 447 quam
417 415 474 435 nos
485 425 494 439 ‚
515 404 709 437 arbitramur,
726 404 902 444 quosque&
912 402 1010 433 futura
1018 411 1088 441 pro-

132 449 242 489 spicere
251 450 402 478 credimus
410 467 418 481 ‚
431 448 465 477 δε
476 447 547 477 cum
558 455 603 476 res
613 454 709 487 agatur
718 465 726 479 ,
742 448 774 475 in
783 445 1005 485 discrimenque
1013 453 1087 473 ven-

132 500 199 520 tum
219 489 253 520 sit
264 510 272 523 ,
288 490 428 530 expedire
446 499 510 519 rem
524 509 532 521 ,
554 487 587 518 ὅ(
602 485 765 518 consilium
784 497 822 516 ex
842 495 976 527 tempore
987 494 1088 525 capere

133 531 225 572 poss'e.
252 533 328 562 hanc
349 533 433 561 enim
454 530 560 560 utilem
582 538 692 559 omnes
711 527 904 562 existimant,
928 536 1087 568 veramque

131 574 332 614 prudentiam.
352 572 444 615 Justis
453 582 552 603 autem
564 571 597 601 ὃς
608 569 675 601 fidis
686 570 874 604 hominibus,
888 569 919 600 id
929 568 1087 603 est,b0nis‚

129 619 170 646 ita
195 615 268 646 fides
286 615 429 647 habetur.
449 623 481 644 ut
504 613 586 644 nulla
604 611 637 643 fit
655 615 688 642 in
700 611 888 645 hisfraudis,
903 612 1087 651 *injuriaeque

130 657 268 696 suspicio.
293 659 333 686 Ita
358 667 393 686 ue
417 657 464 685 his
482 656 607 686 salutem
625 653 757 684 nostram
770 673 778 688 ‚
798 655 844 683 his
863 653 1018 686 fortunas,
1040 654 1088 681 his

129 698 241 728 liberos
250 667 413 728 mensiune
424 699 578 728 committi
588 696 775 726 arbitramur.
789 698 904 726 Harum
915 695 1005 735 igitur
1014 694 1086 724 dua-

128 750 196 770 rum
216 740 251 769 ad
277 738 367 769 fidem
389 737 678 778 faciendamjustitia
688 737 755 777 plus
767 737 862 777 pollet
875 747 880 766 :
892 734 1084 777 quippecum

127 791 160 811 ea
179 780 238 811 fine
257 780 412 821 prudentia
435 781 502 810 satis
522 779 835 812 habeataufitoritatis,
855 778 1012 818 prudentia
1023 777 1083 807 fine

122 822 236 863 justitia
255 823 333 852 nihil
355 823 450 853 valeat
465 822 500 851 ad
511 821 678 851 faciendam
694 819 796 851 fidem.
819 829 886 857 Qio
899 830 989 850 ENIM
1010 828 1085 860 Qus

124 865 272 895 versutior
285 884 294 897 ,
314 864 347 894 δε
357 863 496 894 callidior
508 862 560 895 est,
574 864 631 892 hoc
641 861 776 896 invifior,
788 862 820 893 &
833 861 997 902 suspectior
1009 883 1018 896 ,
1030 863 1084 892 de-

124 906 215 936 tra&a
235 907 382 946 opinione
399 904 567 945 probitatis.
591 904 798 944 Quamobrem
819 905 1082 943 intelligentiaeju-

123 947 203 979 stitia
225 946 387 986 conjunehi
401 967 408 980 ‚
426 955 571 987 quantum
590 946 671 976 volet
687 966 695 979 ‚
719 946 839 976 habebit
857 946 892 976 ad
911 946 1080 976 faciendam

124 988 215 1020 fidem
229 991 355 1020 vitium.
374 988 487 1028 justitia
497 987 556 1018 sine
567 987 725 1028 prudentia
734 986 866 1018 multum
878 990 989 1027 poterit
1003 998 1009 1017 z
1022 986 1082 1017 fine

64 1039 107 1065 ιο
123 1031 238 1071 justitia
249 1032 327 1061 nihil
339 1031 450 1062 valebit
460 1030 625 1070 prudentia.
648 1029 717 1062 Sed,
729 1039 767 1060 ne
785 1032 852 1070 quis
863 1028 895 1059 sit
904 1029 1080 1063 admiratus,

118 1083 174 1104 cur
186 1094 194 1107 ‚
214 1072 287 1104 cum
299 1075 377 1103 inter
386 1074 504 1103 omneis
515 1071 711 1112 philosophos
721 1072 836 1101 constet
846 1091 854 1105 ‚
871 1072 885 1101 a
896 1081 1005 1112 meque
1015 1072 1079 1111 ipso

120 1116 196 1155 saepe
206 1115 388 1155 disputatum
401 1114 446 1148 sit,
457 1116 508 1155 qui
521 1123 612 1143 unam
624 1113 756 1146 haberet,
767 1114 887 1143 omneis
901 1113 1006 1143 habere
1018 1115 1080 1143 vir-

121 1166 199 1187 tutes
218 1166 320 1186 :nunc
331 1159 372 1187 ita
382 1157 534 1196 sejungam
547 1175 555 1189 ‚
573 1153 651 1196 quasi
662 1153 749 1195 poffit
760 1155 916 1196 quisquam
929 1175 937 1188 ,
951 1156 1004 1195 qui
1014 1165 1078 1185 non

119 1199 202 1228 idem
214 1198 343 1239 prudens
354 1197 386 1228 sit
398 1218 406 1232 ,
416 1197 511 1237 justus
526 1195 585 1227 ess'e
599 1196 672 1227 :alia
686 1195 729 1226 est
739 1198 789 1227 illa
801 1217 809 1230 ,
820 1198 892 1227 cum
901 1199 1008 1227 veritas
1017 1197 1078 1237 ipsa

119 1240 284 1271 limaturin
301 1240 502 1280 disputatione
513 1259 521 1273 ‚
542 1239 689 1269 subtilitas
704 1238 775 1268 :alia
788 1258 797 1272 ,
816 1238 887 1269 cum
907 1238 942 1269 ad
953 1241 1077 1279 opinio-

119 1292 190 1312 nem
215 1291 417 1313 communem
440 1291 543 1312 omnis
561 1280 808 1311 accommodatur
831 1283 935 1311 oratio.
960 1283 1080 1323 Qam-

117 1323 223 1354 obrem
236 1344 244 1358 ,
259 1334 291 1354 ut
300 1324 407 1365 vulgus
417 1343 424 1356 ‚
437 1325 476 1353 ita
488 1333 544 1353 nos
555 1324 613 1353 hoc
624 1322 692 1353 loco
702 1323 857 1362 loquimur
867 1341 876 1356 ,
888 1331 921 1352 ut
930 1323 1004 1352 alios
1015 1321 1077 1352 for-

117 1368 193 1398 teis‚
216 1366 292 1396 alios
312 1366 409 1395 bonos
420 1367 518 1398 viros,
542 1365 617 1394 alios
629 1363 954 1403 prudenteisdicamus.
974 1365 1078 1404 Popu-

117 1407 228 1437 laribus
242 1417 326 1437 enim
341 1407 439 1437 verbis
453 1405 495 1436 est
506 1406 655 1447 agendum
670 1425 677 1438 ‚
697 1406 730 1435 ὃ(
743 1405 850 1435 usitatis
863 1425 872 1439 ,
892 1405 964 1436 cum
977 1406 1077 1446 loqui—

117 1458 188 1479 mur
206 1449 245 1479 de
265 1451 413 1488 opinione
431 1449 566 1487 populari
583 1467 592 1480 ,
614 1447 703 1486 idque
716 1447 824 1477 eodem
838 1447 932 1477 modo
943 1446 1076 1478 fecitPa—

117 1493 232 1522 naetius.
255 1490 312 1520 Sed
331 1490 366 1520 ad
383 1487 567 1529 propositum
578 1497 771 1518 revertamur.
796 1491 863 1518 Erat
877 1491 1012 1529 igiturex
1024 1491 1076 1519 tri-

117 1531 175 1562 bus
188 1552 197 1566 ‚
218 1541 283 1572 quae
293 1531 327 1561 ad
338 1532 465 1573 gloriam
477 1531 647 1570 pertinent,
669 1530 727 1559 hoc
736 1531 857 1559 tertium
871 1549 879 1563 ‚
899 1538 931 1559 ut
943 1540 1013 1559 cum
1024 1531 1075 1560 ad—

117 1575 279 1604 miratione
299 1574 463 1603 hominum
484 1592 492 1606 ,
512 1573 627 1602 honore
646 1570 682 1601 ab
701 1572 738 1600 iis
758 1570 843 1612 digni
859 1571 1072 1610 judicaremur.

115 1615 315 1646 Admirantur
332 1616 424 1655 igitur
447 1615 655 1644 communiter
673 1613 852 1653 illiquidem
863 1615 988 1647 omnia,
1008 1623 1075 1654 quae

115 1666 223 1699 magna
233 1676 242 1691 ,
266 1656 299 1687 &
316 1665 423 1696 praeter
432 1657 616 1696 opinionem
631 1654 712 1684 suam
722 1654 1013 1685 animadverterunt:
1028 1656 1070 1686 se-

112 1701 239 1739 paratim
258 1707 358 1729 autem
369 1700 402 1728 in
413 1696 555 1738 singulis,
573 1695 592 1725 si
602 1696 781 1735 perspiciunt
791 1698 981 1735 nec-opinata
989 1706 1072 1737 quae-

114 1741 185 1771 dam
198 1741 285 1770 bona.
312 1741 408 1781 itaque
417 1749 471 1769 Eos
484 1747 582 1769 vinos
594 1738 757 1776 suspiciunt
766 1757 774 1771 ‚
786 1737 988 1778 maximiique
998 1737 1071 1768 effe-

114 1791 184 1812 runt
200 1781 337 1812 laudibus
351 1801 359 1815 ‚
381 1784 414 1811 in
438 1780 548 1821 quibus
558 1778 732 1810 existimant
742 1778 770 1808 se
781 1779 976 1809 excellenteis
987 1780 1071 1820 quas-

112 1824 183 1854 dam
197 1844 206 1857 ,
231 1824 264 1854 &
284 1821 443 1864 singulares
452 1825 576 1853 virtutes
587 1821 748 1861 perspicere
764 1831 769 1849 :
790 1820 960 1860 despiciunt
970 1830 1070 1851 autem

113 1875 166 1896 eos
177 1885 186 1898 ,
199 1865 231 1896 δε
240 1873 443 1896 contemnunt
454 1884 463 1898 ‚
475 1867 507 1895 in
516 1863 625 1905 quibus
636 1863 714 1892 nihil
724 1863 842 1892 virtutis
852 1882 860 1896 ‚
872 1863 950 1892 nihil
960 1864 1068 1896 animi,

115 1908 196 1938 nihil
226 1916 391 1938 nervorum
419 1915 535 1946 putant.
568 1914 632 1934 non
651 1906 735 1934 enim
756 1906 876 1934 omneis
895 1913 947 1933 eos
965 1913 1072 1935 conte-

114 1958 228 1979 mnunt
238 1969 248 1983 ,
270 1949 307 1979 de
316 1949 426 1989 quibus
435 1948 514 1978 male
527 1945 710 1977 existimant.
730 1956 799 1976 nam
814 1955 890 1987 quos
901 1947 1070 1986 improbos,

112 1991 278 2021 maledicos
292 2010 300 2025 ,
315 1990 522 2020 fraudulentos
531 1997 651 2030 putant,
664 1988 696 2018 &
706 1988 740 2018 ad
749 1987 916 2018 faciendam
928 1990 1070 2027 injuriam

112 2032 276 2064 instru&os
296 2052 305 2066 ,
328 2034 344 2051 ⁸
361 2041 414 2062 eos
432 2031 510 2062 haud
530 2039 735 2062 contemnunt
751 2030 876 2070 quidem
888 2049 897 2064 ‚
918 2029 966 2061 sed
977 2029 1014 2071 de
1024 2031 1071 2060 his

113 2074 195 2105 male
218 2073 401 2106 existimant.
425 2073 630 2112 Quamobrem
646 2091 654 2105 ‚
677 2072 728 2110 (ut
744 2076 813 2102 ante
824 2071 908 2111 dixi)
930 2081 1068 2102 contem-

110 2118 257 2146 nunturii
271 2137 280 2151 ‚
302 2119 315 2144 3
327 2119 377 2157 qui
389 2115 515 2157 net-fibi,
536 2125 583 2145 nec
594 2114 701 2148 alteri,
722 2113 893 2148 utdicitur5
912 2115 945 2144 in
958 2113 1069 2155 quibus

112 2158 216 2188 nullus
225 2158 318 2192 labor,
332 2158 416 2188 nulla
429 2157 584 2190 industria,
601 2156 684 2186 nulla
692 2165 761 2186 cura
771 2154 822 2185 est.
833 2158 851 2182 4
861 2155 1071 2187 Admiratione

110 2198 312 2231 afficiunturii
327 2219 336 2234 ‚
355 2201 409 2241 qui
418 2202 528 2230 anteire
538 2208 651 2231 ceteros
663 2200 769 2228 virtute
779 2206 920 2237 putantur
930 2218 939 2231 ,
952 2197 985 2228 &
994 2195 1066 2228 cum

109 2244 201 2272 omni
210 2252 307 2272 carere
314 2241 458 2272 dedecore
470 2261 480 2275 ‚
500 2251 564 2273 tum
576 2239 650 2270 vero
660 2241 697 2269 iis
707 2240 790 2270 vitiis
804 2259 811 2272 ‚
823 2239 933 2280 quibus
942 2239 994 2270 alii
1003 2249 1066 2270 non

109 2281 198 2313 facile.
208 2282 329 2324 poss'unt
340 2283 489 2314 obsistere.
511 2293 581 2314 nam
593 2282 626 2312 δε
636 2290 860 2314 νοιυΡτΑΊ-εε,
872 2279 1068 2313 biandiffimae

107 2325 263 2360 dominae,
286 2327 415 2366 maJores
433 2329 540 2366 parteis
558 2325 654 2356 animi
673 2326 690 2354 a
706 2325 815 2354 virtute
829 2322 1069 2364 detorquentt&

782 74 1233 120 Orricris

1323 74 1366 120 L
1400 90 1418 120 1
1454 89 1494 120 Β.
1565 76 1630 122 11.
1965 93 2086 148 1235

1132 150 1273 182 dolorum
1288 151 1359 184 cum
1372 154 1573 187 admoventur
1582 156 1659 188 faces
1669 177 1678 193 ‚
1700 166 1802 199 pra-,ter
1813 160 1942 191 modum
1954 160 2090 202 plerique

1132 201 1337 224 exterrentur:
1356 206 1463 232 vira,
1482 208 1590 234 mons,
1615 200 1728 232 divitiae
1740 222 1749 235 ‚
1769 211 1918 242 paupertas
1930 223 1939 237 ‚
1967 204 2090 235 omneis

1131 235 1272 265 homines
1292 238 1552 271 vehementiffime
1571 252 1759 282 permovent.
1783 246 1857 284 Qae
1867 246 1961 286 quiin
1973 254 2088 276 utram-

1129 284 1186 322 que
1195 286 1310 323 partem
1325 281 1445 311 excelso
1455 283 1560 312 animo
1569 293 1739 325 magnoque
1752 285 1936 326 despiciunt,
1956 296 2088 328 cumque

1128 319 1227 365 aliqua
1236 320 1281 349 his
1290 322 1400 367 ampla,
1413 322 1446 352 &
1456 324 1578 354 honesta
1590 336 1633 355 res
1643 326 1761 360 obieeta
1771 327 1822 361 est,
1836 337 1916 364 totos
1927 328 1961 359 ad
1972 329 1999 359 se
2010 339 2087 359 con-

1129 367 1228 405 vertit,
1241 360 1357 401 &rapit
1371 382 1380 396 ‚
1392 372 1458 394 tum
1469 368 1535 404 quis
1545 375 1609 396 non
1623 367 1785 399 admiretur
1795 370 1986 408 splendorem
1999 391 2007 404 ‚
2020 371 2090 410 pul-

1126 401 1392 447 chritudinemque
1411 407 1529 436 virtutis
1545 410 1555 436 Ξ
1576 410 1654 447 Ergo
1668 409 1701 439 δε
1714 410 1775 440 haec
1790 412 1884 440 animi
1896 411 2089 451 despicientia

1128 441 1386 474 admirabilitatem
1409 456 1546 487 magnam
1567 448 1636 479 facit
1653 460 1658 477 2
1680 450 1713 480 «Sc
1733 452 1871 481 maxime
1890 452 2006 491 justitia
2025 454 2035 493 (
2049 464 2086 485 ex

1127 492 1184 522 qua
1203 493 1262 530 una
1278 487 1393 531 ivirtute
1411 489 1470 518 viri
1491 489 1565 519 boni
1584 491 1789 531 appellantur)
1809 492 1935 524 mirifica
1946 496 2083 534 quaedam

1128 525 1318 556 multitudini
1337 527 1473 558 videtur:
1495 540 1550 560 nec
1567 533 1687 571 injuria.
1713 535 1816 563 Natio
1826 536 2014 575 enimjustus
2024 536 2082 568 esse

1126 565 1239 605 potest,
1251 569 1445 608 quimortem
1459 591 1467 605 ,
1479 574 1532 612 qui
1543 572 1682 604 dolorem
1694 594 1702 608 ,
1721 577 1772 616 qui
1785 574 1921 606 exsilium
1934 597 1941 610 ‚
1954 581 2004 617 qui
2016 589 2086 619 ege-

1126 607 1229 638 statem
1244 618 1351 656 timet,
1371 620 1419 658 aut
1429 615 1521 653 quiea
1537 633 1544 647 ,
1563 625 1627 655 qua:
1640 617 1684 646 liis
1696 617 1918 648 suntcontraria
1930 638 1939 652 ‚
1951 621 2083 659 aequitati

1124 659 1288 690 anteponit.
1309 662 1502 695 maximeque
1522 656 1703 688 admirantur
1714 668 1782 688 eum
1797 679 1804 693 ‚
1825 661 2010 700 quipecunia
2021 672 2084 694 non

1125 701 1282 722 movetur:
1305 695 1387 734 quod
1402 698 1507 737 inquo
1527 700 1593 728 viro
1611 699 1800 740 perspefifflm
1819 700 1851 731 sit
1864 722 1872 735 ,
1895 698 2005 733 shrine
2023 706 2083 743 agui

1116 732 1275 782 speil'atum
1294 736 1478 768 arbitrantur.
1503 741 1604 780 Itaque
1625 741 1674 771 illa
1688 744 1740 772 tria
1750 762 1757 776 ‚
1778 753 1843 783 quae
1860 742 2006 784 proposita
2018 746 2085 776 sunt

1124 776 1160 806 ad
1173 776 1304 825 gloriam
1318 788 1455 823 &Omnia
1474 780 1589 820 justitia
1609 782 1733 814 conticit
1747 794 1751 812 1
1779 785 1811 814 ὃς
1823 786 2083 821 benevolentiam,

1126 817 1209 857 quod
1219 817 1354 866 prodesse
1364 821 1576 862 vultplurimis
1587 844 1595 858 ,
1608 824 1639 854 &
1650 825 1691 855 ob
1701 826 1825 856 eandem
1837 829 1952 858 causam
1965 848 1974 862 ,
1986 827 2079 859 fidem

1124 859 1157 888 δε
1178 859 1410 908 admirationem
1422 883 1430 897 ‚
1451 864 1535 904 quod
1553 875 1601 896 eas
1620 876 1665 897 res
1681 867 1813 908 spernit,
1834 869 1866 899 &
1879 870 2024 911 negligit,
2045 870 2083 902 ad

1123 910 1194 941 quas
1205 903 1339 943 plerique
1350 904 1533 940 inflammati
1548 908 1689 939 aviditate
1698 911 1861 949 rapiuntur.
1885 916 1927 942 Ac
1937 921 2003 941 mea
2016 914 2083 952 qui-

1123 944 1193 973 dem
1205 944 1350 992 sententia
1360 949 1462 977 omnis
1473 951 1547 979 ratio
1559 969 1567 983 ,
1583 959 1673 991 atque
1685 951 1835 982 institutio
1846 954 1912 984 virae
1924 954 2084 990 adjumen-

1122 992 1149 1014 ta
1160 985 1324 1016 hominum
1336 986 1477 1020 desiderat
1490 1000 1494 1019 :
1510 991 1541 1020 in
1553 993 1727 1033 primisque,
1741 1002 1772 1024 ut
1782 993 2080 1035 habeas‚quibuscum

1121 1025 1209 1074 postis
1220 1026 1394 1061 familiareis
1403 1030 1540 1062 conferre
1551 1033 1705 1067 sermones
1718 1036 1815 1076 :quod
1826 1035 1868 1066 est
1878 1036 2012 1071 difficile,
2024 1037 2080 1067 nisi

1120 1068 1249 1115 speciem
1260 1079 1319 1117 prae
1331 1080 1358 1102 te
1371 1071 1445 1102 boni
1458 1076 1515 1103 viri
1531 1074 1615 1105 feras.
1641 1079 1719 1117 Ergo
1729 1080 1818 1107 etiam
1830 1077 1965 1109 solitario
1976 1080 2080 1108 homi-

1120 1119 1152 1139 ni
1163 1130 1171 1143 ,
1192 1120 1280 1151 atque
1301 1122 1333 1142 in
1357 1123 1425 1154 agro
1436 1125 1529 1146 vitam
1540 1120 1654 1158 agenti,
1677 1119 1915 1158 opiniojustitiae
1926 1118 2082 1151 necessiiriu

1117 1151 1160 1182 est
1173 1162 1285 1193 :eoque
1295 1156 1386 1185 etiam
1399 1159 1494 1196 magis
1506 1177 1513 1191 ‚
1525 1158 1607 1199 quod
1619 1157 1639 1188 si
1650 1169 1713 1190 eam
1726 1170 1787 1190 non
1799 1162 1962 1196 habebunt,
1976 1162 2080 1201 injusti

1119 1194 1326 1241 habebuntur:
1339 1198 1434 1227 nullis
1446 1198 1588 1238 piaesidiis
1598 1201 1690 1241 saepti,
1702 1202 1809 1232 multis
1821 1201 2080 1243 afficienturinju-

1117 1245 1178 1265 riis.
1201 1241 1300 1277 Atque
1311 1240 1348 1269 iis
1359 1242 1463 1274 etiam,
1479 1244 1530 1282 qui
1543 1243 1688 1277 vendunt,
1701 1254 1818 1278 emunt,
1829 1245 2015 1279 conducunt,
2028 1247 2076 1276 lo*

1118 1287 1186 1308 cant
1206 1299 1215 1312 ,
1235 1282 1503 1323 contrahendisque
1523 1286 1652 1325 negotiis
1673 1286 1866 1326 implicantur
1884 1306 1893 1321 ,
1915 1287 2024 1323 iustitia
2042 1288 2079 1319 ad

1116 1328 1179 1349 rem
1197 1321 1358 1360 gerendam
1378 1323 1534 1356 necess'aria
1544 1325 1598 1357 est.
1622 1328 1706 1366 cujus
1717 1337 1795 1359 tanta
1805 1331 1851 1358 vis
1863 1329 1906 1360 est
1919 1349 1927 1363 ,
1950 1338 1983 1360 ut
1994 1339 2014 1359 N
2027 1339 2047 1359 ε
2059 1339 2078 1359 e

1116 1370 1127 1390 1
1141 1371 1160 1390 ι.
1171 1372 1191 1390 1.
1204 1372 1214 1391 1
1240 1371 1293 1400 Q
1306 1374 1316 1393 1
1327 1375 1348 1393 D
1360 1375 1379 1393 r:
1390 1375 1416 1395 M
1431 1386 1440 1399 ,
1464 1369 1515 1407 qui
1528 1366 1679 1399 maleficio
1689 1389 1697 1403 ‚
1722 1370 1755 1400 &
1775 1370 1881 1401 scelere
1894 1372 2067 1411 pascuntur,

1116 1401 1225 1450 poffint
1242 1403 1301 1435 fine
1321 1406 1380 1436 ulla
1393 1409 1665 1447 particuiajust‘itiae
1676 1413 1788 1442 vivere.
1811 1422 1881 1443 nam
1898 1415 1952 1454 qui
1970 1423 2077 1443 eorum

1114 1455 1246 1493 cuipiam
1257 1450 1329 1494 {qm
1339 1458 1396 1479 una
1408 1450 1621 1482 latrocinantur
1633 1472 1640 1485 ,
1653 1452 1766 1483 furatur
1774 1453 1890 1494 aliquid
1900 1475 1908 1488 ‚
1920 1463 1968 1485 aut
1978 1457 2078 1495 eripit5

1118 1496 1142 1517 is
1153 1485 1206 1534 sibi
1217 1497 1256 1517 ne
1267 1498 1298 1519 in
1309 1490 1468 1522 latrocinio
1477 1492 1600 1532 quidem
1612 1495 1756 1534 relinquit
1766 1495 1868 1525 locum
1881 1506 1887 1525 :
1899 1496 1950 1526 ille
1959 1505 2073 1530 autem„

1113 1538 1164 1567 qui
1176 1530 1353 1575 *archipirata
1363 1531 1490 1566 dicitur,
1513 1533 1568 1565 nisi
1579 1536 1763 1575 aequabiliter
1773 1537 1903 1576 praedam
1915 1536 2076 1577 dispertiat,

1114 1578 1162 1599 aut
1173 1570 1365 1617 interficiatur
1377 1573 1392 1603 a
1403 1573 1490 1604 sociis
1502 1594 1511 1608 ‚
1531 1584 1581 1607 aut
1594 1577 1789 1617 relinquatur.
1811 1579 1980 1618 quinetiam
1998 1579 2079 1619 leges

1108 1611 1262 1642 latronum
1275 1612 1334 1643 esse
1344 1614 1505 1649 dicuntur,
1526 1617 1637 1658 quibus
1654 1627 1775 1658 pareant
1789 1639 1799 1653 ,
1817 1629 1891 1660 quas
1906 1619 2076 1651 observent.

1114 1655 1216 1700 Itaque
1225 1664 1347 1695 propter
1358 1657 1535 1697 aequabilem
1545 1659 1651 1698 praedae
1661 1662 1851 1700 partitionem
1866 1681 1874 1695 ,
1893 1661 1926 1692 δε
1936 1663 2079 1705 Bargulus

1112 1695 1233 1734 Illyrius
1253 1697 1328 1727 latro
1341 1717 1350 1731 ‚
1371 1698 1407 1728 de
1425 1709 1488 1739 quo
1508 1699 1550 1732 est
1569 1701 1646 1741 apud
1667 1703 1905 1742 Theopompum
1921 1723 1941 1739 ‚p
1955 1714 2076 1746 magnas

1113 1746 1185 1776 opes
1196 1737 1298 1784 habuit
1309 1749 1314 1767 :
1326 1739 1359 1769 &
1368 1740 1467 1770 multo
1479 1742 1608 1781 majores
1616 1745 1747 1774 Viriatus
1758 1743 1933 1775 Lusitanus:
1945 1748 1995 1777 cui
2006 1748 2079 1787 qui-

1112 1778 1184 1808 dem
1204 1788 1294 1810 etiam
1317 1783 1466 1812 exercitus
1486 1782 1581 1814 nostri
1597 1804 1608 1818 ‚
1638 1786 1890 1826 imperatoresque
1909 1785 2073 1822 cefl‘erunt:

1113 1829 1203 1860 quem
1214 1821 1248 1850 C.
1261 1822 1372 1853 Laelius
1382 1842 1391 1856 ‚
1411 1825 1436 1852 is
1447 1842 1456 1856 ‚
1474 1827 1528 1864 qui
1540 1825 1654 1865 sapiens
1666 1827 1820 1867 usurpatur
1831 1847 1839 1862 ‚
1854 1837 1961 1868 praetor
1971 1828 2072 1870 fregit,

1114 1864 1146 1891 ὅ(
1158 1865 1345 1894 comminuit
1354 1883 1363 1897 ‚
1383 1863 1630 1907 ferocitatemque
1644 1869 1707 1902 eius
1720 1870 1758 1899 ita
1770 1868 1900 1909 repressit
1910 1890 1918 1904 ,
1939 1880 1972 1901 ut
1985 1870 2074 1902 facile

1112 1903 1230 1934 bellum
1240 1905 1367 1946 reliquis
1381 1906 1515 1939 traderet.
1540 1908 1619 1940 Cum
1634 1911 1728 1950 igitur
1742 1919 1819 1942 tanta
1831 1912 1879 1942 vis
1887 1911 2010 1952 justitiae
2025 1913 2070 1947 sit,

1112 1955 1143 1992 ut
1156 1955 1189 1976 ea
1202 1947 1292 1992 etiam
1302 1949 1455 1979 latronum
1467 1959 1539 1989 opes
1553 1948 1654 1981 firmet
1663 1972 1672 1985 ‚
1693 1960 1779 1993 atque
1789 1963 1892 1994 augeat
1901 1974 1909 1988 ‚
1928 1964 2073 1994 quantam

1111 1997 1175 2026 ejus
1185 1998 1250 2018 vim
1261 1990 1339 2019 inter
1348 1989 1427 2030 leges
1437 2009 1446 2024 a
1458 1988 1473 2011 ⁶
1487 1991 1640 2032 &judicia
1651 2013 1658 2027 ‚
1669 1994 1847 2025 &instituta
1857 1998 1929 2036 reip.
1939 1996 2004 2026 fore
2015 2006 2075 2036 pu-

1112 2033 1231 2061 tamus?
1275 2032 1354 2061 Mihi
1364 2032 1490 2073 quidem
1502 2043 1566 2064 non
1577 2036 1652 2075 apud
1664 2035 1773 2066 Medos
1784 2036 1882 2067 solum
1893 2057 1901 2071 ,
1916 2046 1948 2068 ut
1958 2040 1999 2068 ait
2007 2041 2072 2069 He-

1111 2071 1237 2103 rodotus
1248 2091 1257 2106 ‚
1269 2072 1319 2103 sed
1330 2078 1420 2105 etiam
1432 2075 1508 2114 apud
1520 2077 1647 2116 majores
1659 2077 1778 2108 nostros
1788 2099 1797 2112 ,
1813 2083 1827 2107 7
1836 2078 1958 2119 justitiae
1967 2079 2073 2111 fruen-

1110 2113 1155 2144 dae
1162 2113 1245 2145 causa
1253 2115 1394 2146 videntur
1401 2117 1478 2147 olim
1489 2117 1566 2148 bene
1577 2121 1685 2149 morati
1696 2129 1777 2160 reges
1785 2120 1949 2151 constituti.
1960 2116 1975 2141 8
1985 2124 2068 2153 Nam

1110 2166 1179 2186 cum
1191 2165 1377 2196 premeretur
1390 2159 1478 2199 inops
1492 2160 1658 2191 multitudo
1671 2161 1708 2191 ab
1721 2164 1759 2191 iis
1769 2181 1778 2196 ,
1797 2164 1849 2203 qui
1863 2164 1990 2203 majores
2000 2174 2072 2204 opes

1111 2197 1274 2228 habebant:
1293 2198 1330 2230 ad
1349 2209 1447 2231 unum
1467 2201 1598 2242 aliquem
1615 2202 1833 2243 confugiebant
1845 2224 1853 2239 ‚
1874 2207 1980 2236 virtute
1995 2215 2072 2245 pra-,—

1112 2239 1258 2270 stantem:
1278 2243 1330 2282 qui
1342 2244 1435 2273 9cum
1446 2243 1619 2282 prohiberet
1630 2245 1740 2283 injuria
1750 2248 1899 2276 tenuiores
1911 2266 1919 2280 ,
1932 2250 2069 2288 aequitate

1109 2280 1339 2318 constituenda3
1360 2286 1389 2303 ¹⁰
1399 2284 1537 2318 summos
1546 2295 1615 2316 cum
1627 2285 1745 2316 infimis
1761 2297 1822 2328 pari
1834 2289 1898 2327 jure
1912 2289 2069 2320 retinebat.

1111 2323 1284 2365 Eademque
1292 2324 1570 2358 constituendarum
1583 2327 1682 2369 legum
1693 2327 1751 2359 fuit
1761 2330 1842 2360 causa
1852 2348 1860 2363 ‚
1876 2340 1941 2371 quae
1951 2340 2053 2372 regum
2061 2351 2069 2360 .‚

2013 2374 2070 2415 Jus

101 2422 2065 2442 Ἦ

146 2464 171 2482 1.
189 2456 476 2489 ‘Pfflmenimpraeterea
484 2455 644 2488 nonnullaeeffi
661 2452 786 2488 leviora]
807 2453 884 2480 Nihil
896 2454 991 2480 horum
1004 2453 1063 2480 vifi-

105 2492 188 2519 turin
198 2492 277 2528 prim.
290 2492 430 2523 Palatino‚-
449 2492 476 2517 δι
488 2494 561 2517 certe
577 2497 680 2526 poterat
698 2497 784 2517 totuin
796 2488 890 2516 abesse.
913 2489 986 2526 supra
996 2500 1065 2526 quo-

109 2537 160 2563 que
172 2527 272 2562 reposui
287 2535 360 2562 atque
367 2529 401 2554 hae
410 2528 502 2561 quidem
512 2527 583 2561 cause
594 2545 603 2559 ‚
622 2525 719 2553 fiducia
729 2524 787 2552 mss.
798 2525 1000 2563 editionumque
1009 2527 1066 2563 pri-

110 2572 226 2590 marum.

146 2608 173 2624 2.
190 2603 236 2625 Eos
246 2600 314 2624 haud
328 2605 476 2624 contemnunt
494 2598 614 2632 quidem]
635 2597 749 2625 palatin.
767 2597 846 2634 prim.
866 2607 902 2625 eos
919 2604 1068 2626 contemnum

106 2636 199 2669 quidem
209 2637 364 2668 neutiquam:
382 2633 453 2669 quod
464 2635 490 2660 &
501 2634 528 2660 iii
549 2641 661 2669 quatuor
680 2634 737 2661 mss'.
757 2634 856 2670 reperit
865 2634 952 2661 Aldus
962 2635 1067 2671 Nepos,

106 2680 138 2697 ac
150 2670 244 2706 probat
256 2679 264 2700 3
285 2678 313 2696 iit
326 2671 408 2706 magis
419 2670 570 2706 antiquum.
587 2670 614 2697 iu
626 2669 740 2698 Palatin.
751 2669 858 2698 secund.
868 2678 925 2698 erat
937 2689 946 2704 ,
967 2680 1002 2697 eos
1013 2680 1066 2698 con-

105 2714 217 2733 temnunt
226 2706 317 2742 quidem
326 2716 458 2741 nunquam.

145 2751 173 2778 3.
192 2745 289 2776 βρύκει
299 2744 347 2776 fibi
363 2744 506 2774 unalteri,
525 2749 552 2768 ut
571 2742 686 2777 dicisum]
707 2742 818 2770 Reduxi
829 2741 974 2770 lec'iioiiem
987 2751 1065 2778 quam

107 2779 237 2806 intulerat
251 2777 362 2806 editioni
381 2779 430 2804 sune
449 2778 585 2805 ViCtorius
598 2798 606 2810 ,
624 2779 807 2806 confirmatam
828 2780 843 2805 ii
855 2779 968 2806 l‘alatiii.
980 2780 1010 2806 F.
1030 2780 1066 2806 D.

106 2815 274 2850 aliorumque
286 2814 456 2840 membranis.
478 2814 584 2850 vulgata
594 2816 663 2841 euim
681 2815 854 2848 alleriprofitm
865 2834 873 2847 ,
892 2823 920 2841 ut
930 2815 1029 2842 dicitur.

143 2858 171 2884 4.
191 2852 354 2878 Admiratione
363 2853 498 2884 afficiuntur
506 2854 536 2883 ii,
545 2851 614 2885 ἐγω]
636 2852 746 2877 Secutus
757 2850 810 2877 sum
825 2851 909 2878 i‘aiat.
920 2852 948 2878 &
960 2851 1068 2878 Guliel-

109 2887 213 2914 mianos
226 2896 234 2918 ;
258 2888 322 2914 item
334 2886 478 2914 editionem
491 2888 600 2922 primam
609 2908 615 2913 .
633 2894 727 2913 ceterae
737 2895 782 2914 aut
799 2887 956 2913 admiratione
964 2888 1069 2921 «stradam

106 2924 254 2957 cfficiuntur.
274 2930 319 2950 aut
328 2924 485 2949 admiratione
494 2924 598 2957 quadam
609 2924 664 2949 υειὸ
682 2923 829 2956 afficiuntur.
849 2929 895 2949 aut
905 2921 971 2948 adeo
989 2923 1070 2950 adnul-

107 2962 199 2986 rariom
209 2966 287 2986 autem
297 2961 358 2992 affin.
374 2968 432 2994 quae
443 2959 555 2985 varietas
571 2959 631 2986 iiitis
641 2960 731 2995 prodit
742 2959 884 2985 falsantem
896 2957 1039 2994 scripturae.

148 3004 174 3028 5.
194 2999 261 3021 Hunc
271 2997 454 3028 ignispemmm
463 2996 649 3029 arbitramur]
672 2995 830 3022 i'aroemiam
843 2993 955 3021 redolet.
961 2996 1069 3028 spellam

104 3039 205 3063 aarum,
216 3030 326 3067 probare
336 3030 382 3056 cst.
404 3030 512 3058 Plautus
523 3031 599 3058 Perii·
610 3043 616 3059 x
640 3041 684 3057 non
692 3033 767 3057 hercle
777 3034 814 3058 cui‘
823 3040 887 3057 nnuc
894 3032 934 3058 hoc
942 3031 998 3056 dum
1009 3033 1068 3064 spe·

104 3068 220 3092 &ndum
231 3068 290 3099 scia.
310 3065 443 3093 Probatur
451 3074 540 3094 autem
560 3068 615 3102 igni
626 3068 740 3103 optime.
757 3066 790 3097 ab
798 3076 865 3096 auro
873 3067 958 3104 igitur
975 3066 1005 3096 ad
1018 3068 1068 3095 ho—

105 3103 206 3129 minem
216 3101 290 3131 fasta
299 3101 436 3130 transsatio
445 3103 494 3131 est.
514 3103 688 3133 Gulielmius.

1141 2455 1169 2481 6.
1190 2458 1224 2481 Et
1233 2457 1351 2490 juditia,
1369 2456 1398 2488 ἐν
1412 2459 1524 2490 instituta
1541 2458 1665 2492 reipubl]
1687 2459 1728 2485 ita
1749 2459 1863 2486 Palatia.
1886 2469 1970 2496 neque
1989 2461 2069 2488 aliter

1108 2490 1290 2519 Lambiniani.
1312 2492 1397 2520 editio
1412 2494 1533 2521 Romana
1551 2494 1636 2530 prima
1648 2513 1656 2526 ,
1673 2495 1808 2528 &judicia
1828 2498 1952 2528 constituta
1969 2499 2070 2531 reipubl.

1108 2537 1160 2555 iion
1171 2526 1292 2554 absurde.
1313 2529 1416 2565 vulgati
1426 2530 1485 2562 alii,
1495 2530 1523 2561 ἐγ
1532 2532 1641 2563 instituta
1651 2533 1749 2563 reipubl.

1143 2570 1172 2604 7.
1191 2566 1295 2598 Justiiiae
1306 2566 1413 2598 fruenda
1429 2567 1527 2600 causa]
1548 2566 1591 2593 Sic
1603 2566 1686 2592 l’alat.
1705 2568 1731 2592 8<
1744 2568 1774 2594 F.
1795 2566 1976 2604 seditionesque
1996 2569 2069 2597 :inti-

1108 2608 1226 2635 quiores,
1237 2600 1316 2627 etiam
1328 2601 1477 2628 vieiorina.
1497 2601 1791 2636 aliaeservandaejuffitiae.

1121 2670 1126 2675 ⁶
1144 2635 1171 2662 8.
1190 2640 1255 2663 Nam
1274 2646 1325 2663 cum
1338 2644 1484 2670 premeretur
1502 2641 1568 2671 inops
1590 2639 1745 2672 multituda]
1767 2640 1810 2665 Sic
1827 2641 1989 2676 Moguntina
2007 2640 2068 2668 edi-

1107 2677 1147 2697 tio
1167 2673 1286 2699 omnium
1306 2674 1425 2710 princeps
1446 2674 1473 2700 &
1493 2675 1616 2701 Romana
1637 2674 1740 2706 altei·a;
1762 2685 1846 2710 neque
1864 2677 1944 2703 aliter
1962 2677 2068 2704 invenit

1107 2707 1134 2734 in
1146 2706 1196 2734 suis
1214 2708 1317 2736 duobus
1337 2710 1395 2736 mss'.
1414 2709 1500 2737 Aldus
1511 2711 1614 2746 Nepos.
1637 2710 1772 2738 Palatinus
1793 2711 1878 2738 noster
1897 2720 2010 2748 uterque
2020 2713 2068 2740 lia·

1107 2742 1152 2769 bet
1162 2747 1187 2770 in
1196 2747 1238 2771 orio
1247 2747 1381 2773 multitudo.
1405 2745 1554 2773 Gulielmio
1563 2746 1682 2782 placebat
1696 2766 1703 2779 ,
1724 2747 1794 2782 quod
1814 2748 1957 2775 habebatur
1976 2750 2003 2776 in
2016 2752 2069 2776 tri-

1108 2779 1156 2806 bus
1168 2780 1276 2807 Suffridi
1289 2781 1346 2808 mss'.
1362 2789 1509 2815 premeretur
1525 2785 1551 2808 in
1560 2785 1603 2809 orio
1611 2786 1677 2816 inops
1687 2785 1822 2810 multituda.
1841 2792 1870 2811 at
1880 2785 1943 2811 mihi
1955 2785 2022 2812 illud
2042 2790 2068 2811 in

1107 2818 1252 2877 otiolnatqm
1273 2817 1379 2845 videtur
1395 2817 1426 2845 ab
1436 2818 1522 2845 altero
1531 2821 1606 2852 inops.
1632 2818 1732 2855 vulgati
1743 2819 1800 2847 serc-
1813 2839 1822 2852 ,
1837 2828 1984 2854 prementur
2001 2825 2069 2849 initio

1109 2861 1148 2877 mu
1159 2859 1206 2877 mu
1222 2863 1244 2878 ο.

1145 2896 1175 2922 9.
1194 2889 1389 2922 camprohsberet
1405 2890 1497 2930 injuria
1515 2889 1656 2924 tenuiores]
1679 2891 1764 2919 Paiut.
1775 2900 1816 2928 pr.
1834 2893 1937 2920 accedit
1954 2892 2067 2920 1εὲἶίοηί
2085 2921 2089 2927 ,

1111 2923 1257 2951 νὶᾶοῐίηκ
1267 2927 1382 2958 injuriam
1390 2929 1513 2952 tenuium.

1110 2995 1116 3000 ι
1150 2967 1192 2985 ιο.
1213 2964 1315 2987 Summos
1334 2970 1385 2987 cnm
1402 2962 1489 3001 infimis
1505 2965 1562 2995 pari
1571 2963 1631 2996 jure
1652 2965 1793 2999 retinebat]
1816 2965 1954 2992 Editiones
1965 2965 2069 3001 primae,

1109 3002 1174 3022 item
1186 2996 1269 3023 i'aiat.
1286 2997 1314 3022 8(
1325 2997 1456 3031 Langrani
1469 3016 1477 3029 ,
1501 3005 1530 3024 iit
1540 2998 1567 3024 ὃ(
1580 2999 1747 3027 Lambiniani
1766 3001 1794 3026 8<
1805 3001 1899 3028 Aldini
1912 3020 1920 3033 ,
1940 3011 1990 3028 nna
2010 3010 2070 3027 cum

1112 3031 1186 3072 D..&
1199 3033 1230 3058 F.
1241 3031 1345 3059 servant
1359 3033 1623 3066 omninoperrinehat.
1632 3035 1796 3073 adnotatque
1806 3037 1980 3069 Gulielmius,
1992 3035 2072 3063 Rad-

1112 3066 1287 3104 scriptiim,1'd
1293 3070 1328 3095 et?
1339 3086 1347 3099 ‚
1361 3070 1462 3103 perfelle‘
1470 3071 1574 3096 tenebat.
1594 3072 1621 3098 ὃς
1635 3072 1738 3099 videtur
1758 3073 1903 3102 revocanda
1921 3082 1973 3100 vox
1985 3073 2072 3099 minus

1113 3102 1159 3133 sed
1171 3110 1247 3139 nota,
1257 3104 1298 3133 vel
1308 3104 1343 3134 ob
1352 3105 1782 3145 exemplariumconspirationem.

1382 3141 1589 3170 Rrrrrrrz
1950 3145 2074 3171 rhium

2113 422 2146 447 it

2095 2048 2137 2075 12.
