2295 3400
581 143 650 188 M.
733 139 1091 185 Tunnii

167 136 269 210 47⁷4

171 228 275 258 omnia
285 224 377 256 ,τέ-ς,
398 222 604 262 incendiisque
624 229 760 254 terreret,
785 224 795 240 ¹
810 230 873 251 non
888 219 984 250 modo
1003 220 1119 252 υἱηανε,
1147 215 1153 251 f

171 270 279 298 verum
300 277 387 296 etiam
408 265 513 293 :ware
525 272 682 303 oporteret.
707 265 787 293 Huic
800 273 854 304 rgo
869 284 876 296 ‚
898 262 1008 295 Simili,
1034 263 1068 292 8<
1087 263 1126 291 ita

171 352 336 391 praeiipiarn
347 358 416 377 cum
427 347 586 387 praesertim
596 356 681 376 rcum
693 366 701 378 ,
720 347 803 386 cujus
815 347 865 376 ille
877 347 1052 376 inimicitias
1062 355 1126 375 non

174 391 272 422 solum
285 390 407 429 suscepit
416 397 537 429 propter
546 389 670 418 salutern
682 397 779 418 meam
792 408 799 421 ,
820 387 926 418 verum
937 389 1026 419 etiarn
1038 397 1126 428 appe-

172 435 247 463 tivit.
271 431 327 462 Sed
338 429 357 461 fi
366 440 456 461 etiam
466 440 547 460 nunc
558 431 732 471 illaqueatus
744 431 801 467 jam
814 433 957 461 omnium
967 430 1068 472 legum
1078 439 1129 469 pe-

174 474 295 507 riculis,
317 474 447 503 irretitus
463 471 537 502 odio
549 472 700 502 bonorum
720 474 882 506 omnium,
907 471 1129 513 exspeClxttione

175 515 311 556 supplicii
319 516 381 555 jam
390 524 453 545 non
462 514 602 544 diuturna
613 514 782 554 implicatus
789 534 797 548 ‚
818 513 928 545 feretur
938 524 1037 545 tamen
1048 511 1130 543 liaesi-

175 566 258 590 tans,
280 557 312 586 &
328 559 362 587 in
373 566 421 586 me
432 558 580 596 impetum
600 555 764 596 impeditus
780 556 874 587 facere
887 555 1045 586 conabitur
1059 567 1063 584 z
1086 565 1130 584 re-

176 598 273 629 sistim
286 619 293 631 ‚
310 599 342 628 δε
354 608 402 628 aut
418 597 601 628 concedente
613 617 621 631 ,
646 606 696 628 aut
713 601 803 629 etiam
822 598 979 637 adjuvante
998 597 1129 630 Milone,

174 642 240 677 eius
251 649 394 670 conatum
405 639 540 670 refutabo
553 650 558 667 τ
569 639 653 670 velut
663 639 800 670 hesterno
810 640 945 673 dieucum
957 641 1033 669 milii
1046 638 1130 668 stanti

175 692 272 713 tacens
287 684 460 714 minaretur,
469 691 544 711 voce
557 691 673 711 tantum
688 683 768 722 attigi
780 682 878 723 legum
894 684 1028 714 initium,
1042 681 1073 711 &
1084 682 1130 718 ju-

174 724 245 755 dicii
281 723 485 754 conseditillei
516 726 673 754 conticuit.
706 725 799 753 Diem
811 722 948 756 dixisset,
966 733 998 753 ut
1010 723 1126 752 fecerat.

175 765 328 799 fecissem,
352 775 383 795 ut
395 766 423 795 ei
434 764 531 795 statim
541 767 644 795 tertius
654 764 670 795 ii
687 774 810 804 praetore
820 766 884 795 dies
895 765 1049 795 diceretur.
1077 767 1130 794 sit-

175 819 231 844 que
244 809 301 838 hoc
311 807 348 838 sic
358 807 546 837 moderetur:
561 806 592 836 &
602 808 728 847 cogitet,
746 805 765 836 si
783 816 941 836 contentus
953 805 984 836 sit
996 808 1030 836 iis
1042 805 1131 835 scele-

179 846 262 881 r'ibus
276 871 284 883 ,
299 860 365 890 quae
373 847 525 880 commisit
536 869 545 882 ,
567 848 694 888 effejam
706 849 908 879 consecratum
919 849 1033 878 Miloni
1047 858 1052 876 :
1072 851 1085 866 ²
1097 845 1131 876 si-

177 892 258 933 quod
270 895 301 921 in
312 901 362 921 me
372 891 467 921 telum
482 891 665 923 intenderit,
686 889 783 920 statim
802 900 850 920 me
867 889 924 920 effe
945 898 1130 930 arrepturum

175 944 257 962 arma
268 933 460 973 judiciorum,
481 941 568 972 atque
587 934 697 972 legum.
720 933 812 972 Atqui
830 932 930 971 paullo
943 931 1032 965 ante,
1055 934 1084 961 P.
1097 932 1129 961 C.

173 977 357 1006 concionem
369 974 472 1004 habuit
483 994 491 1007 ‚
516 983 580 1014 quat
601 973 642 1003 eil:
651 972 687 1002 ad
699 983 747 1003 me
758 983 817 1003 tota
828 973 938 1004 delata:
956 974 1042 1012 cujus
1057 982 1131 1002 con-

174 1018 274 1047 cionis
290 1014 426 1058 primum
442 1016 615 1045 universum
634 1024 844 1055 argumentum
858 1036 866 1048 ,
893 1015 1131 1055 sententiamque

175 1059 284 1089 audite.
310 1058 381 1088 cum
401 1058 521 1087 riseritis
539 1056 762 1096 impudentiam
787 1058 940 1090 hominis,
960 1066 1026 1087 tuin
1045 1055 1060 1086 a
1082 1066 1130 1085 me

141 1109 161 1139 5
175 1100 212 1131 de
223 1109 283 1131 tota
297 1101 445 1130 concione
453 1097 590 1128 audietis.
612 1100 660 1128 De
670 1098 868 1139 religionibus
879 1098 962 1129 sacris
973 1118 981 1131 ‚
1003 1099 1035 1128 &
1045 1107 1131 1127 caere-

176 1144 292 1172 moniis
313 1139 354 1170 est
378 1141 593 1173 concionatus,
615 1148 709 1180 patres
734 1141 916 1180 conscripti,
936 1139 1079 1171 Clodius:
1099 1142 1131 1169 P.

175 1186 299 1224 inquam
311 1203 318 1216 ,
332 1182 456 1211 Clodius
468 1181 542 1211 sacra
553 1201 564 1214 ,
574 1182 606 1211 &
617 1182 670 1211 reli
695 1183 778 1213 iones
786 1183 897 1223 negligi
909 1203 916 1215 ,
928 1182 1054 1214 violari,
1066 1180 1133 1220 pol-

171 1226 215 1256 lui
229 1245 236 1259 ,
248 1223 368 1265 questus
378 1222 431 1253 est.
453 1233 517 1252 non
529 1224 641 1253 mirum
651 1244 661 1256 ‚
682 1224 758 1254 ihoc
769 1224 856 1253 vobis
867 1224 1030 1253 ridiculum
1049 1221 1133 1252 vide-

171 1276 226 1297 tur.
251 1268 341 1296 etiarn
356 1266 404 1295 sua
414 1266 523 1295 concio
539 1264 596 1305 rifit
611 1266 748 1294 hominem
758 1285 766 1299 ,
787 1265 945 1305 quomodo
955 1265 1015 1304 ipse
1025 1264 1133 1304 gloria—

173 1311 200 1338 ri
222 1309 312 1341 solet,
331 1307 470 1337 ducentis
493 1305 653 1336 confixum
675 1307 952 1337 senatusconsultis:
979 1316 1046 1346 quir.
1064 1305 1133 1335 sunt

173 1351 279 1380 omnia
300 1349 501 1379 contiaillum
518 1358 571 1388 pro
582 1349 779 1389 religionibus
793 1347 871 1378 fasia
882 1368 891 1383 ‚
913 1349 1134 1388 hominemque

174 1401 266 1425 eum,
287 1392 338 1432 qui
350 1390 558 1431 pulvinaribus
571 1392 662 1420 Bonae
678 1390 739 1421 deae
754 1389 890 1429 stuprum
907 1390 1061 1423 intulerit,
1083 1399 1133 1419 ea-

173 1443 231 1474 que
242 1434 318 1464 sacra
327 1452 335 1466 ‚
351 1442 418 1474 quae
430 1432 488 1460 vIri
497 1431 578 1460 oculu
589 1452 597 1464 ,
620 1441 658 1461 ne
669 1431 869 1472 imprudentis
900 1431 1004 1461 uidem
1015 1451 1023 1465 ‚
1035 1430 1133 1471 adspi-

173 1477 201 1506 ci
212 1475 255 1506 fas
266 1473 308 1505 est
319 1493 327 1508 ‚
348 1484 413 1504 non
424 1473 523 1504 solum
536 1473 675 1513 adspefflm
686 1473 766 1503 virili
778 1493 788 1507 ,
808 1473 856 1503 sed
895 1474 983 1514 agitio
995 1492 1003 1507 ‚
1018 1472 1134 1512 stupro-

173 1527 232 1558 que
254 1517 391 1550 violarit,
410 1516 444 1545 in
463 1516 612 1545 concione
629 1515 666 1545 de
689 1514 887 1556 religionibus
898 1525 934 1544 ne
957 1514 1043 1544 leikis
1059 1524 1135 1545 con-

173 1560 268 1600 queri.
292 1561 396 1599 Itaque
402 1566 484 1587 nunc
494 1558 634 1597 proxima
645 1559 755 1587 concio
767 1557 792 1597 ej
798 1566 830 1586 us
839 1525 1025 1596 exspe32tur
1035 1555 1067 1585 de
1077 1563 1134 1597 pu·-

175 1600 288 1630 di'citia.
316 1599 398 1641 Qid
408 1600 493 1629 enim
504 1597 626 1628 interest
635 1618 643 1632 ,
661 1596 765 1628 utrum
775 1598 810 1629 ab
821 1598 961 1629 altaribus
977 1595 1136 1640 religiofis-

174 1640 257 1672 fimis
267 1641 383 1682 fugatus
392 1661 400 1674 ‚
412 1640 448 1670 de
460 1640 555 1673 sacris,
567 1639 599 1670 &
609 1639 806 1681 religionibus
818 1647 1017 1680 conqueratur
1026 1659 1035 1674 ‚
1049 1649 1085 1669 an
1096 1648 1133 1669 ex

175 1684 312 1714 sororum
321 1681 462 1712 cubiculo
473 1680 600 1721 egressus
611 1701 618 1714 ‚
639 1681 785 1721 pudorem
796 1702 806 1715 ,
826 1681 1062 1721 pudicitiamque
1083 1681 1135 1710 de-

173 1723 299 1755 fendat?
317 1723 508 1764 Responsum
520 1722 716 1762 Haruspicum
727 1724 784 1753 hoc
795 1733 895 1753 recens
912 1723 948 1753 de
969 1722 1091 1752 fieniitu
1104 1724 1136 1752 in

178 1769 330 1797 concione
338 1766 489 1795 recitavit:
502 1766 534 1794 in
546 1774 606 1804 quo
615 1774 685 1795 curn
699 1765 764 1794 aliis
774 1765 881 1795 multis
891 1765 1034 1804 scriptum
1047 1766 1134 1794 eriam

174 1807 251 1838 illud
261 1807 304 1838 est
322 1806 365 1846 (id
378 1805 459 1847 quod
468 1805 603 1845 audistis)
622 1806 681 1835 loca
695 1806 795 1846 sltem,
826 1806 860 1839 &1
879 1806 1008 1847 religiosa
1020 1806 1138 1846 profana

175 1848 279 1878 haberi.
304 1851 340 1878 In
351 1858 383 1878 ea
393 1848 475 1878 causa
488 1845 544 1877 effe
555 1847 635 1877 dixit
653 1847 784 1878 domum
795 1858 893 1878 meam
905 1868 912 1882 ‚
929 1852 944 1878 a
954 1845 1137 1888 religiosill'i-

175 1901 229 1921 mo
248 1890 393 1921 sacerdote
405 1909 413 1923 ‚
434 1892 464 1919 P.
474 1889 604 1922 Clodio,
623 1889 834 1920 consecratam.
868 1889 991 1920 Gaudeo
1011 1889 1087 1918 mihi
1101 1888 1137 1918 de

176 1941 242 1962 toto
252 1933 309 1962 hoc
320 1931 438 1962 ostento
449 1951 458 1964 ‚
481 1930 563 1971 quod
573 1931 651 1961 haud
665 1931 727 1961 scio
738 1951 746 1965 ,
766 1941 803 1962 an
813 1929 1020 1972 gravissimutn
1031 1930 1136 1960 multis

174 1975 222 2004 his
232 1976 316 2004 annis
329 1975 397 2003 huic
409 1973 509 2003 ordini
521 1981 692 2002 nuntiatum
704 1972 739 2003 sit
749 1993 757 2006 ,
783 1972 881 2003 datam
899 1982 963 2002 non
975 1971 1070 2002 modo
1087 1973 1136 2012 ju-

175 2015 249 2047 stam
257 2036 266 2049 ,
279 2015 327 2046 sed
337 2017 428 2046 etiam
438 2013 628 2044 necessariam
638 2015 752 2044 causam
763 2012 821 2044 effe
840 2013 971 2044 dicendi.
991 2016 1134 2053 Reperie-

175 2059 213 2088 tis
233 2059 317 2087 enim
342 2066 379 2086 cx
396 2057 454 2086 hoc
474 2064 540 2086 toto
558 2056 697 2097 prodigio
709 2077 717 2089 ,
739 2065 826 2097 atque
844 2055 984 2096 responso
997 2075 1006 2089 ,
1028 2066 1085 2085 nos
1102 2055 1137 2085 de

175 2098 261 2130 istius
272 2099 377 2129 scelere
390 2119 399 2131 ,
420 2108 453 2128 ac
472 2097 592 2131 furore,
620 2108 651 2128 ac
675 2097 711 2128 de
730 2097 978 2137 impendentibus
995 2098 1136 2138 periculis

176 2142 322 2171 maximi-5
332 2160 341 2174 ‚
365 2139 457 2179 prope
467 2140 529 2179 jam
540 2149 603 2168 voce
617 2140 699 2176 Iovis
710 2141 819 2179 optimi
830 2141 958 2170 maximi
969 2149 1139 2180 praemone-

176 2183 212 2212 ri.
236 2181 291 2212 Sed
300 2180 435 2221 primum
447 2181 574 2221 expiabo
585 2181 765 2222 religionem
788 2181 900 2212 aedium
921 2191 1055 2211 mearum
1075 2179 1095 2210 fi
1107 2180 1137 2210 id

176 2222 273 2254 facere
290 2222 360 2253 vere
379 2242 387 2256 ‚
412 2234 444 2253 ac
463 2222 523 2252 fine
544 2223 716 2263 cujusquam
737 2222 924 2253 dubitatione
944 2232 1060 2263 potero.
1093 2221 1137 2252 sin

177 2263 662 2305 scrupulustenuiss'imusresidere
674 2264 781 2304 aliquis
792 2264 959 2294 videbitur:
983 2274 1048 2294 non
1069 2274 1138 2294 mo-

178 2305 219 2337 do
227 2307 370 2347 patienti,
390 2305 438 2336 scd
449 2308 539 2336 etiam
548 2305 654 2335 libenti
663 2307 767 2335 animo
777 2307 924 2345 portentis
934 2305 1060 2336 deorum
1074 2307 1136 2335 im—

141 2353 161 2386 6
181 2348 354 2379 mortalium
367 2367 376 2382 ,
396 2348 594 2388 religionique
613 2347 732 2387 parebo.
755 2346 811 2377 Sed
827 2357 894 2387 quae
911 2346 1032 2377 tandem
1043 2345 1084 2376 est
1103 2350 1136 2376 in

182 2391 236 2420 hac
248 2389 319 2420 urbe
329 2398 408 2420 tanta
418 2389 528 2419 domus
539 2409 547 2423 ,
563 2388 599 2419 ab
608 2387 662 2418 ista
671 2388 825 2429 religionis
836 2388 1002 2428 suspicione
1013 2396 1074 2417 tam
1085 2398 1137 2417 va-

180 2441 234 2462 cua
245 2451 254 2465 ,
264 2440 348 2472 atque
360 2433 452 2471 pura?
472 2433 664 2472 Qamquam
673 2429 774 2460 vestrae
791 2429 900 2459 domus
910 2449 917 2462 ‚
938 2431 968 2460 P.
980 2431 1012 2458 C.
1023 2438 1136 2459 cetero-

181 2483 309 2514 rumque
319 2474 434 2504 civium
446 2492 454 2506 ,
479 2472 578 2502 multo
587 2473 727 2502 maxima
744 2481 781 2501 ex
792 2480 870 2511 parte
890 2471 956 2501 sunt
973 2470 1073 2501 liberae
1093 2480 1139 2500 re-

178 2515 293 2555 ligione
307 2535 316 2548 ,
336 2523 438 2545 tamen
455 2523 514 2544 una
533 2523 599 2543 mea
609 2513 718 2543 domus
734 2513 858 2553 judiciis
868 2512 1014 2543 omnibus
1031 2512 1139 2542 libera-

180 2564 208 2586 ta
219 2576 228 2588 ‚
251 2558 281 2586 in
297 2558 348 2586 hac
360 2556 432 2586 urbe
443 2576 451 2590 ‚
475 2556 538 2586 sola
547 2554 597 2585 est.
621 2557 667 2585 Te
678 2557 763 2585 enim
774 2554 892 2595 appello
904 2574 913 2589 ‚
934 2555 1063 2584 Lentule
1074 2574 1082 2587 ,
1104 2554 1137 2584 δε

180 2605 207 2627 te
219 2616 228 2630 ‚
248 2599 391 2638 Philippe.
415 2607 454 2628 ex
471 2599 527 2627 hoc
540 2597 740 2637 Haruspicum
754 2597 894 2636 responso
911 2595 1042 2626 decrevit
1055 2596 1137 2626 sena-

181 2682 260 2710 retis.
282 2680 442 2720 potestisne
456 2679 563 2710 referre
577 2681 613 2710 de
628 2690 694 2711 mea
707 2679 825 2710 domo?
842 2690 908 2721 quae
921 2680 964 2719 (ut
976 2679 1039 2709 dixi
1064 2679 1134 2712 sola,

181 2723 214 2752 in
230 2722 282 2752 hac
295 2722 366 2752 urbe
381 2743 389 2755 ,
409 2725 497 2753 omni
510 2722 656 2763 religione
667 2743 676 2756 ‚
696 2721 994 2763 omnibusjudiciis‚
1016 2722 1037 2751 li
1061 2729 1136 2751 erata

220 2854 242 2871 r.
262 2850 314 2872 Non
323 2847 382 2872 mado
391 2850 487 2872 vincere
499 2867 506 2879 ,
523 2848 607 2873 versun
625 2851 696 2874 etiam
706 2851 801 2874 ‘vincire
819 2846 954 2881 opor-seren]
978 2847 1136 2878 Lambinus,

183 2891 227 2908 n‘m
238 2883 297 2907 modo
307 2885 410 2914 vincire,
423 2884 507 2909 veriam
517 2887 587 2909 ctiam
596 2888 703 2915 vincere,
714 2886 765 2915 ὀνο.
786 2883 955 2917 meoiudicio
965 2882 1134 2918 ineptissiine.

183 2918 262 2953 louge
274 2919 343 2944 enini
359 2919 416 2954 plu>-
427 2920 490 2946 artis
507 2920 623 2951 vincere,
640 2921 720 2955 quum
732 2920 831 2945 vincire
842 2919 957 2945 belluam
969 2919 1137 2944 indomitam.

184 2954 299 2981 vincitur
312 2963 413 2981 mortua
426 2974 433 2986 ,
456 2956 570 2981 vincitur
591 2956 659 2982 viva.
680 2965 733 2990 quo
752 2955 805 2991 ipso
820 2954 963 2989 jucundius
982 2953 1041 2981 {line
1061 2954 1137 2981 nobis

182 2989 291 3025 aliisque
302 2989 399 3025 praebet
411 2990 596 3026 speStac-ulum.
616 2992 653 3017 ait
664 2991 734 3018 idem
745 2992 781 3018 ita
791 2991 840 3018 effi:
851 2992 877 3018 in
890 2990 947 3017 mss.
957 2990 990 3017 de
1001 2990 1062 3022 suis,
1075 2989 1138 3016 scire

182 3026 235 3061 ipsc
246 3026 340 3061 potest.
361 3033 388 3052 at
408 3026 565 3054 1'all.110stri
584 3029 745 3054 ‘vinci'vericm
755 3031 826 3054 etiam
844 3032 949 3054 vincere.
988 3027 1139 3055 Pal-nonus

186 3069 272 3089 totum
284 3061 350 3088 istud
363 3062 459 3088 omifit.
964 3084 968 3087 .

219 3106 247 3123 2.
266 3101 291 3123 Si
309 3099 400 3131 quodin
419 3108 451 3122 mc
469 3099 538 3122 telum
555 3099 707 3133 immania]
731 3099 812 3126 Malui
826 3098 891 3126 istud
911 3108 970 3125 cuni
990 3098 1141 3130 Parnono,

184 3133 296 3159 rai-sind.
307 3136 333 3159 &
346 3136 372 3160 S.
385 3133 456 3160 x'ift.
473 3144 552 3169 quam
564 3143 623 3159 eum
640 3135 729 3172 rulgg.
739 3136 867 3171 inteffcrjt,
886 3134 979 3167 iisdem
989 3135 1141 3166 auftoribus

182 3177 259 3198 antea
272 3169 360 3206 scripsi
370 3171 467 3206 ssijam
477 3170 643 3206 conjuratum.

1169 272 1205 291 TC!
1226 272 1244 290 115
1267 283 1272 289 .

175 310 211 340 de
225 319 272 338 mi·
283 328 290 341 ‚
310 318 340 336 ac
349 307 384 336 dc
394 308 482 345 patria
494 314 601 335 merito
612 306 678 334 viro
690 324 698 338 ‚
715 314 883 345 numquam
897 314 963 334 mea
973 304 1126 334 voluntate
1170 271 1326 334 organun
1336 304 1563 344 conscripsisset,
1585 317 1623 337 ne
1643 318 1700 338 una
1717 308 1840 349 quidem
1860 309 1954 349 attigit
1970 307 2064 336 littera
2079 316 2124 336 re-

1172 138 1714 189 Cicnnonis

1169 218 1218 250 est.
1239 228 1328 290 <piam
1339 219 1474 260 primum
1487 224 1629 254 inimicus
1639 225 1698 264 ipse
1710 225 1739 253 in
1751 223 1800 257 ilia
1812 221 1992 264 tempestate,
2003 232 2033 253 :ic
2045 222 2121 254 noste

1296 261 1366 291 cum
1376 272 1471 293 cetera
1484 265 1589 296 scelera
1603 265 1670 296 stilo
1684 267 1738 296 illo
1754 268 1873 306 impuro
1895 269 1907 293 ³
1918 269 1984 295 Sex.
1997 265 2123 296 Clodius

1171 346 1301 387 ligionis.
1326 345 1436 376 deinde
1452 347 1575 378 eandem
1595 348 1722 379 domum
1738 351 1866 390 populus
1880 352 1971 379 Rom.
1984 349 2066 384 cuius
2080 346 2125 378 est

1172 388 1290 418 summa
1316 387 1441 428 potestas
1469 391 1610 420 omnium
1635 401 1732 421 rerum
1754 412 1762 425 ‚
1791 393 1924 421 comitiis
1942 391 2128 422 centuriatis,

1174 431 1314 459 omnium
1327 438 1447 460 aetaturn
1457 451 1465 464 ‚
1487 431 1688 474 ordinumque
1700 431 1841 474 suffragiis
1853 453 1861 467 ,
1876 433 1983 462 eodem
1996 432 2057 467 iure
2069 429 2129 460 effe

1172 470 1273 510 juss'it,
1293 482 1354 513 quo
1367 470 1476 502 fuisset.
1500 472 1601 504 Postea
1614 485 1668 504 vos
1682 495 1690 508 ‚
1711 478 1740 505 P.
1753 477 1786 505 C.
1807 485 1868 504 non
1881 473 1962 515 quod
1977 473 2068 503 dubia
2082 481 2129 505 res

1175 511 1261 546 effet,
1283 513 1331 544 sed
1345 523 1376 543 ut
1390 515 1458 544 huic
1471 513 1575 549 furiae,'
1598 514 1618 545 si
1628 516 1739 546 diutius
1751 520 1783 545 in
1798 517 1850 545 hac
1861 517 1931 545 urbe
1943 535 1951 549 ,
1969 524 2058 555 quarn
2074 513 2127 543 de-

1174 554 1233 585 lere
1242 564 1361 595 cuperet
1372 576 1380 588 ,
1393 565 1535 590 maneret,
1546 561 1632 587 4vox
1642 557 1866 587 interdiceretur
1875 575 1883 590 ‚
1895 555 2063 586 decrevistis
2073 576 2082 588 ‚
2094 563 2128 586 ut

1175 597 1211 626 de
1229 607 1365 627 mearum
1383 597 1495 628 aedium
1512 600 1658 639 religione
1671 598 1706 628 ad
1716 598 1895 638 pontificum
1910 598 2072 638 collegium
2083 606 2131 626 re·

1175 637 1308 668 serretur.
1331 642 1405 680 Qae
1419 649 1497 670 tanta
1511 641 1616 682 religio
1630 640 1673 670 est
1684 661 1692 674 ‚
1712 651 1768 681 qua
1779 642 1887 670 nonin
1898 639 2003 669 nostris
2013 638 2132 668 dubita-

1176 680 1312 710 tionibus
1324 701 1332 713 ,
1343 691 1429 722 atque
1441 684 1471 711 in
1483 684 1626 712 maximis
1638 681 1896 722 superstitionibus
1908 702 1916 715 ‚
1927 683 2015 711 unius
2026 683 2056 711 P.
2065 683 2132 710 Ser-

1175 722 1261 755 viiii,
1278 732 1309 752 ac
1321 724 1363 752 M.
1376 724 1495 752 Luculli
1506 724 1646 764 responso
1656 744 1663 757 ‚
1679 735 1710 754 ac
1720 724 1812 754 verbo
1825 723 2006 753 liberemur?
2028 725 2075 752 De
2088 721 2132 752 sa-

1174 766 1231 793 cris
1241 764 1381 804 publicis,
1391 764 1517 794 deludis
1528 768 1673 795 maximis
1682 787 1690 800 ‚
1702 766 1739 796 de
1747 766 1875 796 deorum
1886 767 2040 795 Penatium
2051 784 2058 797 ,
2069 766 2130 793 Ve-

1174 803 1255 846 staeq3
1267 808 1369 836 matris
1377 809 1578 840 cae1·em0niis‚
1590 807 1626 837 de
1643 808 1695 838 illo
1710 808 1772 848 ipso
1785 805 2019 847 sac1·ificio,quod
2033 804 2063 835 fit
2072 815 2128 845 pro

1176 847 1266 877 salute
1275 849 1380 887 populi
1390 850 1523 879 Romani
1534 869 1541 883 ‚
1551 849 1633 890 quod
1644 849 1710 890 post
1721 853 1853 880 Romam
1864 848 2029 882 conditam,
2039 848 2128 887 hujus

1177 890 1267 918 unius
1286 888 1352 925 casti
1371 892 1469 920 tutoris
1485 891 1667 933 religionum
1685 892 1790 921 scelere
1807 891 1952 921 violatum
1968 888 2010 919 est
2023 910 2031 922 ,
2050 887 2133 929 quod
2150 887 2155 908 ῗ

1180 939 1237 960 tres
1246 930 1406 970 pontifices
1417 928 1598 967 statuissent,
1617 933 1647 963 id
1661 933 1775 973 semper
1788 933 1900 973 populo
1911 934 2004 961 Rom.
2017 931 2131 970 semper

1178 972 1290 1002 senatui
1303 993 1310 1007 ‚
1334 973 1524 1014 semperipsis
1534 974 1591 1004 diis
1604 975 1826 1005 immortalibus
1839 975 1904 1004 satis
1915 972 2048 1003 sand‘tum
2061 991 2070 1006 ‚
2090 972 2134 1001 sa-

1176 1015 1213 1043 tis
1231 1013 1387 1054 augustum
1409 1035 1417 1048 ,
1445 1016 1512 1046 [Eitis
1531 1017 1705 1057 religion
1726 1014 1781 1046 esse
1799 1016 1899 1046 visum
1919 1014 1970 1044 est.
2001 1018 2040 1044 At
2057 1011 2134 1043 verb

1178 1065 1277 1086 meam
1288 1056 1417 1087 domum
1428 1059 1458 1087 P.
1471 1059 1616 1088 Lentulus
1628 1078 1635 1091 ‚
1651 1068 1711 1088 cos.
1724 1058 1755 1087 &
1766 1056 1905 1098 pontifex
1914 1076 1922 1090 ‚
1936 1059 1966 1086 P.
1976 1055 2133 1087 Servilius,

1177 1097 1371 1129 MLucullus
1383 1118 1391 1132 ‚
1404 1100 1587 1138 QMetellus
1596 1119 1604 1133 ,
1617 1100 1798 1132 tvl-Glabrio,
1813 1096 1981 1128 MMess'aia
1992 1117 1999 1131 ,
2012 1098 2135 1127 L-Len-

1176 1138 1256 1168 tulus
1268 1158 1276 1172 ‚
1296 1137 1408 1170 flamen
1425 1141 1571 1171 Martialis
1586 1151 1591 1169 t
1615 1144 1636 1172 P
1658 1141 1767 1174 Galba,
1789 1140 2003 1181 5QMetellus
2021 1140 2135 1178 Scipio„

1177 1182 1209 1209 C.
1221 1182 1371 1214 Fannius,
1388 1181 1592 1220 MLepidus,
1612 1184 1646 1212 L.
1659 1183 1819 1215 Claudius,
1837 1192 1888 1211 rex
1900 1182 2047 1211 sacrorum
2061 1190 2066 1208 ι
2084 1182 2130 1209 Μ.

1177 1225 1304 1252 Scaurus
1314 1241 1323 1255 ,
1339 1223 1386 1252 M.
1395 1221 1506 1252 Crass'us
1517 1243 1525 1256 ‚
1538 1225 1570 1252 C.
1581 1225 1670 1253 Curio
1682 1245 1689 1256 ‚
1706 1227 1774 1254 Sex.
1786 1224 1877 1253 Cacsar
1886 1242 1895 1256 ‚
1909 1221 2019 1252 flamen
2029 1222 2135 1262 Qiri-

1175 1264 1251 1293 nalis
1263 1274 1268 1292 :
1290 1265 1496 1304 QCornelius
1507 1284 1515 1298 ,
1529 1267 1561 1294 P.
1572 1265 1779 1295 Albinovanus
1791 1285 1798 1298 ‚
1812 1265 2022 1304 QTerentius
2033 1283 2041 1296 ‚
2053 1271 2134 1302 pon-

1176 1304 1271 1336 tifices
1282 1314 1416 1335 minores
1429 1325 1438 1339 ‚
1456 1305 1539 1336 causa
1548 1316 1668 1347 cognisa
1678 1327 1687 1341 ,
1708 1307 1825 1336 duobus
1837 1309 1910 1336 iocis
1920 1304 2000 1335 dieta
2009 1324 2017 1338 ‚
2036 1305 2135 1333 maxi-

1178 1357 1227 1377 ma
1236 1345 1404 1387 frequentia
1412 1346 1676 1387 ampliffimorum,
1686 1359 1718 1378 ac
1728 1346 2008 1388 Cipieritiffimorum
2017 1347 2136 1376 civium

1176 1387 1307 1419 adstante
1317 1408 1326 1422 2
1340 1391 1426 1419 omni
1436 1389 1580 1419 relictoue
1592 1410 1601 1423 ,
1615 1400 1671 1420 una
1683 1400 1796 1424 mente,
1808 1400 1914 1420 ornnes
1925 1389 2134 1419 libei-aveiunt.

1178 1433 1265 1472 Nego
1284 1439 1428 1471 umquam
1448 1413 1513 1470 poi}
1534 1431 1608 1461 sacra
1625 1432 1786 1462 constituta
1799 1453 1807 1466 ‚
1828 1441 1960 1472 quorum
1975 1430 2078 1460 eadem
2094 1427 2136 1460 est
2157 1438 2178 1472 7

1177 1473 1335 1512 antiquitas
1346 1492 1354 1505 ,
1373 1482 1439 1512 quae
1450 1471 1537 1512 ipfius
1550 1474 1631 1503 urbis
1641 1493 1649 1508 ‚
1670 1473 1730 1504 ulla
1742 1474 1778 1504 de
1792 1484 1822 1503 re
1833 1493 1842 1507 ‚
1861 1483 1899 1502 ne
1910 1473 1946 1502 de
1960 1474 2054 1512 capite
2066 1473 2136 1512 qui-

1180 1514 1250 1544 dem
1273 1515 1425 1553 virginum
1435 1513 1600 1544 Vestalium
1613 1536 1621 1548 ‚
1642 1524 1700 1545 tam
1718 1514 1859 1556 frequens
1875 1515 2038 1556 collegium
2053 1512 2137 1552 judi-

1178 1553 1263 1585 casse.
1288 1565 1470 1596 quamquem
1490 1565 1535 1585 AD
1552 1566 1736 1587 ,memoriis
1759 1554 1997 1597 disquisitionem
2016 1553 2140 1585 interest

1178 1594 1274 1627 adess‘e
1284 1598 1537 1638 quamplurimos.
1561 1600 1603 1628 Ita
1622 1598 1664 1628 est
1682 1601 1765 1628 enim
1780 1599 1985 1637 interpretatio
1999 1597 2049 1626 illa
2058 1606 2139 1635 pon-

1179 1637 1295 1669 titicum
1309 1659 1316 1672 ,
1331 1638 1465 1668 utiidem
1475 1638 1650 1679 potestatem
1663 1639 1943 1679 habeantjudicum.
1964 1638 2140 1678 Religionis

1179 1681 1350 1720 explanatio
1371 1681 1419 1710 vel
1438 1680 1473 1710 ab
1495 1691 1556 1710 uno
1574 1680 1717 1721 pontifice
1735 1690 1830 1721 perito
1849 1681 1928 1710 reete
1949 1678 2139 1719 fieripotest:

1180 1722 1262 1762 quod
1275 1721 1356 1751 idem
1367 1722 1399 1751 in
1409 1721 1523 1761 judicio
1532 1725 1636 1762 capitis
1645 1723 1760 1756 durum,
1769 1731 1855 1762 atque
1865 1725 2007 1762 iniquum
2019 1720 2072 1751 est.
2096 1729 2140 1752 ta-

1181 1774 1254 1794 men
1270 1761 1307 1793 sic
1320 1765 1471 1803 reperietis
1483 1784 1494 1797 ,
1511 1763 1728 1805 frequentiores
1737 1762 1896 1804 pontifices
1905 1763 1942 1792 de
1955 1772 2021 1792 mea
2030 1762 2140 1797 domo,

1181 1805 1272 1846 quam
1283 1814 1429 1845 umquam
1440 1804 1476 1834 de
1486 1807 1677 1835 caeremoniis
1688 1808 1839 1846 virginum
1848 1802 1997 1845 judicaffe.
2018 1802 2140 1834 Postero

1180 1848 1228 1876 die
1239 1845 1360 1886 frequen
1366 1845 1493 1876 tissimus
1503 1847 1630 1881 senatus,
1641 1856 1668 1877 te
1679 1848 1800 1882 consule
1813 1845 1962 1887 designato
1974 1866 1983 1880 ‚
1994 1845 2143 1879 Lentule,

1181 1888 1332 1918 sententiae
1343 1889 1477 1928 principe
1489 1908 1497 1922 ‚
1512 1891 1542 1918 P.
1552 1889 1684 1918 Lentulo
1695 1909 1703 1922 ‚
1720 1889 1752 1918 δε
1763 1889 1937 1929 QMetello
1949 1908 1957 1921 ,
1967 1897 2048 1918 coss.
2061 1885 2142 1917 refe-

1180 1929 1317 1960 rentibus
1328 1949 1336 1963 ,
1358 1928 1457 1960 statuit
1466 1949 1475 1964 ‚
1495 1929 1568 1960 cum
1577 1940 1684 1960 omnes
1695 1932 1851 1971 pontifices
1863 1950 1871 1964 ‚
1894 1932 1946 1971 qui
1958 1938 2040 1959 erant
2050 1929 2144 1967 hujus

1181 1971 1307 2004 ordinis,
1318 1970 1465 2002 adessent:
1476 1981 1607 2013 cumque
1618 1973 1678 2006 alii,
1689 1975 1741 2013 qui
1753 1972 1920 2002 honoribus
1929 1971 2033 2012 populi
2042 1973 2141 2000 Rom.

1180 2012 1394 2043 antecedebant
1406 2032 1414 2047 ‚
1443 2014 1539 2044 multa
1556 2014 1591 2043 de
1610 2015 1730 2053 collegii
1750 2013 1862 2051 judicio
1884 2013 1973 2043 verba
1990 2011 2138 2046 feciss‘ent,

1181 2055 1346 2095 omnesque
1355 2055 1449 2085 iidem
1460 2055 1618 2086 scribendo
1628 2048 1776 2086 adessent:
1787 2055 1917 2086 domum
1930 2064 2028 2084 meam
2038 2074 2046 2088 ,
2055 2054 2143 2093 judi·
2163 2088 2165 2090 ,

1181 2099 1230 2127 cio
1244 2095 1424 2137 pontificum
1438 2117 1445 2130 ,
1465 2097 1596 2138 religione
1612 2096 1763 2127 liberatam
1778 2097 1884 2128 videri.
1912 2099 1960 2127 De
1978 2097 2035 2126 hoc
2052 2097 2143 2137 igitur-
2165 2105 2169 2107 “

1181 2140 1250 2169 loco
1264 2139 1342 2168 sacro
1355 2137 1542 2178 potiffimum
1557 2138 1698 2170 videntur
1709 2140 1885 2179 Haruspices
1899 2138 1995 2169 dicere
2006 2157 2015 2172 ,
2033 2147 2085 2178 qui
2095 2137 2143 2166 lo-

1181 2190 1234 2211 cus
1253 2180 1333 2210 solus
1350 2190 1388 2210 ex
1401 2182 1524 2220 privatis
1538 2181 1613 2211 locis
1624 2182 1768 2211 omnibus
1780 2183 1837 2211 hoc
1846 2178 1996 2220 praecipue
2006 2179 2078 2218 juris
2089 2179 2143 2208 ha-

1185 2222 1254 2256 bet,
1274 2231 1306 2252 ut
1319 2222 1356 2252 ab
1368 2221 1434 2262 ipsis
1444 2243 1453 2256 ,
1475 2224 1526 2263 qui
1536 2223 1621 2254 sacris
1629 2224 1757 2263 praesunt
1768 2243 1776 2256 ,
1798 2222 1875 2252 sacer
1884 2231 1947 2251 non
1959 2218 2143 2259 effejudica-

1181 2272 1229 2294 tus
1239 2262 1292 2293 sit?
1315 2266 1429 2294 Verum
1445 2265 1549 2294 referte
1562 2275 1567 2292 z
1587 2264 1669 2305 quod
1683 2274 1721 2293 ex
1739 2267 1767 2294 S.
1779 2266 1811 2293 C.
1829 2261 1922 2293 facere
1944 2261 2069 2292 debetis.
2093 2268 2146 2292 aut

1182 2305 1269 2335 vobis
1279 2307 1416 2346 cognitio
1428 2304 1544 2335 dabitur
1555 2325 1563 2339 ,
1583 2307 1633 2345 qui
1644 2306 1736 2344 primi
1747 2305 1783 2334 de
1794 2305 1846 2334 hac
1858 2304 1952 2334 domo
1963 2303 2144 2333 sententiam

1184 2345 1303 2376 dixistis
1315 2365 1323 2379 ‚
1339 2347 1372 2376 δε
1382 2356 1447 2376 eam
1459 2347 1603 2387 religione
1614 2347 1701 2376 omni
1712 2345 1872 2375 liberastis:
1895 2354 1943 2375 aut
1954 2345 2070 2376 senatus
2080 2344 2143 2384 ipse

1182 2387 1329 2426 judicabit
1341 2407 1350 2419 ‚
1365 2389 1416 2426 qui
1428 2406 1436 2420 ‚
1453 2397 1514 2416 uno
1525 2388 1579 2417 illo
1590 2388 1653 2417 solo
1663 2386 1794 2418 antistite
1803 2388 1952 2418 sacrorum
1963 2386 2143 2416 diss'entien-

1184 2427 1480 2472 tc,frequentiffimus
1490 2429 1728 2469 anteajudicavit
1739 2440 1744 2457 :
1755 2428 1850 2462 aut‚id
1860 2429 1944 2469 quod
1953 2429 2030 2459 certe
2043 2426 2146 2462 fiet2ad

1182 2471 1339 2510 pontifices
1350 2471 1498 2508 rejicietur
1508 2491 1516 2504 ‚
1529 2481 1659 2512 quorum
1671 2469 1836 2501 auEioritati
1851 2491 1860 2504 ‚
1883 2469 1969 2504 fidei,
1979 2469 2148 2510 prudentiae

1183 2512 1310 2551 majores
1322 2510 1415 2542 nostri
1426 2512 1502 2542 sacra
1511 2532 1519 2546 ‚
1532 2513 1750 2554 religionesque
1762 2513 1794 2542 &
1803 2513 1850 2554 pri
1855 2520 1936 2541 varas
1946 2532 1954 2546 ‚
1975 2512 2008 2542 &
2016 2509 2145 2551 publicae

1157 2578 1159 2587 ι
1180 2553 1442 2584 commendarunt.
1458 2554 1539 2595 Qid
1554 2564 1624 2595 ergo
1639 2555 1670 2584 hi
1683 2552 1806 2594 pofl‘unt
1819 2554 1899 2584 aliud
1911 2553 2042 2593 judicare
2053 2553 2146 2593 acju-

1157 2626 1158 2630 ,
1184 2595 1378 2625 dicaverunt?
1392 2595 1497 2625 Multae
1508 2596 1574 2626 sunt
1584 2597 1694 2626 domus
1705 2598 1737 2625 iri
1748 2597 1801 2626 hac
1812 2596 2055 2636 urbe,P.C.atque
2066 2593 2149 2625 haud

181 2646 227 2668 tus
240 2658 249 2671 ,
268 2648 299 2668 ut
313 2640 349 2669 de
363 2640 437 2669 locis
452 2638 536 2670 sacris
550 2636 692 2680 religiosis
704 2659 712 2673 ‚
733 2638 767 2668 ad
789 2639 868 2668 hunc
887 2637 1027 2668 ordinem
1048 2636 1138 2667 refer·
1156 2642 1158 2651 ⁴

1184 2638 1262 2670 scio,
1277 2647 1314 2666 an
1323 2638 1410 2676 paene
1421 2636 1537 2668 cuneiae
1550 2640 1613 2676 jure
1625 2640 1760 2678 optimo:
1776 2637 1824 2668 sed
1834 2638 2006 2677 tamenjure
2015 2638 2147 2677 privato.

1179 2680 1246 2719 jure
1256 2678 1434 2709 hereditario
1446 2699 1455 2711 ,
1463 2679 1530 2719 jure
1539 2679 1720 2710 austeritatis
1730 2699 1738 2713 ,
1748 2681 1814 2719 jure
1827 2681 1958 2718 mancipi
1969 2699 1978 2712 2
1986 2688 2052 2719 Jure
2061 2678 2144 2708 nexi.

1185 2730 1263 2762 nego
1280 2718 1338 2751 effe
1352 2721 1446 2751 ullam
1460 2721 1591 2752 domum
1605 2722 1693 2752 aliam
1705 2741 1714 2756 ,
1732 2721 1816 2762 aeque
1827 2723 1944 2761 privato
1950 2721 2017 2762 jure
2027 2739 2036 2752 ‚
2057 2727 2148 2766 atque

2031 2768 2149 2801 optima

1221 2855 1247 2881 3.
1267 2851 1321 2873 Sex.
1332 2848 1406 2873 Clodii
1429 2857 1466 2873 ore
1475 2849 1545 2873 tinae
1564 2847 1747 2881 conscripfiffet]
1768 2845 1966 2873 Amariffimum
1987 2844 2148 2877 convitium,

1184 2890 1210 2909 :it
1230 2882 1297 2909 illud
1317 2893 1353 2908 ore
1362 2886 1433 2909 rinno
1444 2882 1570 2910 haetenus
1589 2882 1678 2909 defuit
1696 2882 1769 2908 libris
1789 2882 1894 2909 nostris.
1917 2880 2000 2906 exstat
2012 2887 2098 2907 tamen
2118 2881 2146 2907 in

1187 2919 1244 2945 Pal.
1257 2928 1338 2951 none,
1353 2920 1379 2946 in
1391 2918 1506 2950 Tosano,
1519 2919 1544 2945 in
1558 2917 1750 2949 (jemblacenfi,
1761 2918 1787 2944 in
1799 2916 1957 2947 S.Vie‘toris‚
1971 2916 2150 2950 meminitque

1187 2955 1266 2981 etiam
1279 2955 1435 2982 Lambinus.
1458 2954 1563 2990 vulgata
1573 2973 1582 2984 ,
1592 2958 1637 2981 sex
1646 2954 1741 2980 Clodius
1749 2954 1903 2988 tonfii-tpfiffit
1917 2972 1924 2985 ,
1936 2953 2060 2979 ininiatos
2072 2951 2149 2988 fuisse

1188 2991 1268 3026 stylos
1282 2990 1439 3027 scriptorum
1452 2990 1514 3017 alibi
1526 2991 1579 3017 erit
1588 2989 1693 3016 dicendi
1704 2989 1788 3016 locus.

1226 3034 1254 3059 4.
1276 3030 1323 3052 Vox
1341 3027 1544 3061 interdicti-eruin]
1575 3026 1631 3052 Alii
1654 3025 1852 3052 intercluderetur
1861 3023 1966 3060 legunt.
1985 3023 2153 3052 Gulielmiu}

1189 3062 1332 3089 conabatur
1343 3066 1529 3096 interciperetur.
1548 3071 1598 3098 ego
1612 3062 1725 3098 vulgatae
1735 3060 1896 3088 adlioeseiim.
2079 3072 2087 3077 ⁸

1228 3107 1255 3131 5.
1275 3101 1433 3134 QMerellus.
1446 3099 1554 3134 sapim]
1585 3100 1645 3125 Vox
1664 3099 1773 3125 Metellus
1791 3117 1800 3129 ,
1829 3106 1898 3123 nunc
1916 3096 2031 3133 primum
2051 3092 2153 3122 accedit

1192 3134 1302 3169 vulgato
1320 3154 1328 3170 ,
1348 3134 1516 3165 madentibus
1536 3134 1648 3168 Geuibl.
1664 3132 1728 3161 Tos.
1746 3132 1858 3162 Breuni.
1877 3134 1906 3162 S.
1926 3132 1998 3161 Vist.
2015 3141 2045 3160 ac
2063 3131 2149 3163 Palat.

1192 3179 1275 3201 nono.
2125 3199 2132 3206 ·

2044 3212 2071 3238 ι.
2081 3205 2145 3232 Mu?

2259 303 2263 311 .

2248 316 2263 349 ,ξ

2259 504 2262 514 .
