2316 3395
236 168 327 218 114
656 147 1154 200 M Tunn11

228 238 325 266 rimus
334 255 341 269 ,
360 231 432 275 quid
451 230 563 264 intersit
581 232 660 262 inter
676 237 828 260 oratorum
848 226 943 258 studia
957 235 1043 268 atque
1054 234 1180 257 naturas.

226 280 407 309 suavitatem
419 277 571 308 Isocrates,
585 273 776 305 subtilitatem
786 268 883 310 Lysias
895 278 1042 303 ,acumen
1053 270 1183 309 Hyperi-

227 319 278 350 des
290 339 298 352 ,
319 320 452 349 sonitum
472 318 628 348 AEschines
639 334 647 348 ,
668 316 732 343 vim
746 310 969 342 Demosthenes
980 310 1093 341 habuit.
1116 312 1182 351 quis

229 370 335 390 eorum
358 370 421 390 non
435 361 566 400 egregius
579 360 589 386 ?
609 365 709 386 tamen
719 356 784 395 quis
794 354 968 394 cujusquam
979 351 1035 382 nisi
1046 353 1089 383 sui
1101 351 1184 382 fimi-

228 403 264 432 lis
276 405 287 431 ?
308 404 488 432 Gravitatem
500 399 655 429 Africanus
667 417 674 430 ‚
692 397 845 426 lenitatem
857 395 968 425 Laelius
979 414 987 428 ,
998 394 1183 434 asperitatem

230 444 334 477 Galba,
348 442 499 483 profluens
509 439 650 481 quiddam
662 438 764 468 habuit
774 437 868 467 Carbo
879 457 887 471 ‚
900 437 932 467 &
941 446 1095 466 canorum.
1118 437 1183 476 quis

230 487 341 515 horum
362 495 424 514 non
442 485 578 523 princeps
599 479 785 520 temporibus
804 479 865 509 illis
881 477 959 508 fuit?
978 478 1010 508 &
1022 478 1074 508 suo
1084 486 1184 507 tamen

192 530 210 564 8
229 528 352 568 quisquc
364 528 394 555 in
407 534 514 566 genere
530 524 660 563 princeps.
704 521 759 551 Sed
777 520 849 561 quid
868 530 923 562 ego
940 529 1039 550 vetera
1057 521 1185 560 conqui—

229 578 291 598 ram
304 588 311 600 ‚
332 567 400 596 cum
415 567 491 598 mihi
502 565 588 595 liceat
598 565 640 593 uti
651 563 843 603 praesentibus
853 562 1001 602 exemplis
1010 582 1018 596 ,
1042 571 1126 602 atque
1138 563 1185 591 vi-

228 612 274 639 vis
285 612 295 638 Ρ
313 608 394 650 Qid
406 606 564 645 jucundius
578 605 696 635 auribus
707 603 815 635 nostris
826 614 970 645 umquam
981 603 1087 634 accidit
1098 603 1184 640 hujus

228 652 362 680 oratione
373 650 490 680 Catuli?
507 658 571 689 quae
584 646 625 678 est
634 656 704 688 pura
714 645 752 676 fic
763 667 771 680 ,
790 655 823 676 ut
832 645 937 676 Latine
948 646 1031 686 loqui
1041 645 1126 685 paene
1138 645 1185 674 so-

230 693 275 722 lus
287 691 437 722 videatur:
457 689 496 720 sic
513 699 612 720 autem
634 690 728 730 gravis
739 708 747 721 ‚
768 696 800 717 ut
810 689 843 718 in
853 686 989 729 singulari
999 687 1140 728 dignitate
1151 696 1186 715 O—

230 736 312 763 mnis
321 742 423 763 tamen
432 731 502 762 adsit
510 732 679 761 humanitas
691 750 700 765 ‚
712 740 744 760 ac
753 730 843 770 lepos.
867 729 948 771 Qid
960 729 1075 758 multa?
1093 726 1186 757 istum

227 775 352 805 audiens
361 774 503 816 equidem
515 772 552 803 fic
560 772 691 813 judicare
700 772 782 802 soleo
792 791 799 804 ‚
811 770 956 811 quidquid
967 779 1017 800 aut
1026 769 1185 802 addideris,

227 825 277 846 aut
288 818 461 849 mutaveris,
473 824 523 845 aut
531 811 842 846 detraxeris,vitios1us
855 813 887 842 &
899 812 1027 842 deterius
1039 810 1184 841 futurum.

227 859 309 899 Qid
328 857 428 888 noster
446 859 494 887 hic
503 857 594 887 Caesar
606 859 616 885 ?
639 865 742 885 nonne
753 864 866 884 novam
877 853 1026 894 quandam
1037 854 1185 882 rationem

226 900 326 930 attulit
335 901 479 930 orationis
490 919 498 932 ‚
511 898 543 929 δε
553 897 672 928 dicendi
683 906 776 938 genus
788 895 909 926 induxit
918 894 1012 935 prope
1023 892 1164 936 fingulare
1177 896 1186 922 ?

227 943 303 983 Qis
315 951 459 982 umquam
472 950 526 974 res,
540 949 643 980 practer
653 940 745 971 hunc,
757 939 876 977 tragicas
887 935 971 976 paene
983 936 1101 966 comice
1114 955 1122 969 ,
1135 937 1187 965 tri-

227 982 295 1013 steis
306 983 429 1014 remisse
440 1002 448 1016 ‚
460 983 571 1013 severas
582 980 672 1011 hilare
685 999 693 1013 ‚
713 979 855 1010 forenseis
867 979 979 1009 scenica
989 977 1081 1018 prope
1091 987 1188 1007 venu-

227 1024 298 1055 state
310 1024 459 1055 natitavit:
480 1033 566 1064 atque
576 1025 616 1052 ita
627 1043 634 1055 ‚
656 1030 688 1051 ut
708 1031 804 1062 neque
820 1022 906 1060 jocus
926 1019 1133 1062 magnitudine
1143 1028 1187 1049 re-

226 1077 295 1096 rum
316 1066 539 1098 excluderetur,
561 1074 615 1094 nec
625 1065 747 1105 gravitas
757 1063 871 1093 facetiis
883 1063 1089 1092 minueretur?
1112 1064 1187 1091 Ecce

226 1109 383 1148 praesentes
393 1108 452 1137 duo
463 1108 554 1147 prope
568 1106 692 1146 :equales
703 1104 853 1144 Sulpicius
864 1104 896 1134 &
905 1106 999 1134 Cotta.
1032 1102 1104 1143 quid
1126 1111 1186 1133 tam

226 1153 306 1180 inter
325 1151 353 1180 se
363 1148 524 1179 diffimile?
541 1147 613 1189 quid
625 1156 684 1177 tam
697 1149 727 1177 in
740 1147 792 1176 suo
802 1156 907 1187 genere
918 1144 1056 1185 praestans
1068 1147 1078 1173 ?
1098 1145 1187 1174 lima-

225 1200 272 1222 tus
282 1193 364 1224 alter,
377 1193 409 1221 δε
422 1190 536 1220 subtilis
549 1210 557 1222 ,
578 1199 642 1219 rem
652 1189 803 1229 explicans
814 1189 940 1227 propriis
951 1207 959 1221 ,
980 1186 1110 1227 aptisque
1120 1196 1188 1215 ver-

224 1233 271 1263 bis
284 1244 289 1262 :
310 1234 387 1261 llael'cs
398 1235 429 1261 in
442 1232 525 1261 causa
534 1232 650 1271 semper
662 1242 667 1259 z
690 1230 723 1260 ἃ*
734 1250 742 1263 ‚
753 1229 928 1271 quidjudici
939 1228 1128 1268 probandum
1142 1227 1185 1261 sit,

225 1274 299 1305 cum
317 1272 483 1304 acutissime
501 1273 595 1307 vidit,
619 1270 733 1302 omiffis
751 1273 853 1302 ceteris
871 1271 1053 1311 argumentis
1065 1289 1073 1303 ‚
1095 1271 1129 1299 in
1149 1279 1185 1298 eo

225 1325 364 1346 mentem
377 1317 606 1356 orationemque
617 1313 729 1355 defigit
759 1313 906 1352 Sulpicius
916 1321 1015 1342 autem
1025 1309 1186 1341 fortifi'imo

225 1357 358 1399 quodam
368 1359 463 1387 animi
473 1359 601 1397 impetu,
612 1354 780 1396 plenissima
790 1355 822 1385 &
833 1356 967 1384 maxima
977 1353 1187 1386 voce,summa

224 1401 422 1430 contentione
431 1400 564 1438 corporis
576 1418 584 1432 ‚
604 1399 636 1428 ὃς
646 1397 788 1438 dignitate
798 1405 898 1426 motus
909 1416 916 1430 ‚
936 1395 1099 1425 verborum
1111 1404 1188 1434 quo-

226 1452 284 1482 que
305 1451 338 1471 ea
357 1440 540 1482 gravitate&
550 1442 635 1479 copia
647 1439 689 1469 est
699 1459 708 1473 ‚
729 1448 761 1468 ut
771 1448 848 1468 unus
858 1437 893 1468 ad
905 1436 1067 1467 dicendum
1078 1436 1187 1466 instru-

185 1485 208 1517 9
230 1481 373 1513 eliffimus
384 1483 399 1512 a
410 1491 511 1512 natura
521 1481 578 1511 effe
589 1481 730 1511 videatur.
754 1479 801 1510 Ad
812 1479 1010 1519 nosmetipsos
1016 1478 1080 1518 jam
1089 1488 1187 1508 rever-

227 1535 288 1556 tor:
313 1525 470 1565 (quoniam
483 1522 520 1553 fic
529 1522 644 1558 fuimus
655 1523 770 1562 semper
781 1522 941 1561 comparati
953 1540 961 1554 ,
981 1529 1011 1550 ut
1021 1521 1186 1550 hominum

226 1566 418 1598 sermonibus
429 1563 507 1606 quafi
517 1567 549 1594 in
560 1565 681 1606 aliquod
691 1564 896 1594 contentionis
904 1561 1055 1602 judicium
1065 1571 1186 1591 vocare—

226 1609 307 1649 mur)
325 1607 398 1650 quid
418 1617 478 1637 tarn
490 1605 629 1637 diffimile
640 1626 648 1640 ‚
668 1605 760 1647 quam
771 1615 826 1647 ego
838 1607 870 1634 in
880 1603 1008 1634 dicendo
1020 1623 1028 1637 ,
1048 1603 1080 1633 ὃς
1091 1605 1188 1632 Anto-

225 1653 296 1680 nius
309 1654 318 1679 ?
344 1648 417 1680 curn
429 1649 479 1679 ille
491 1650 515 1678 is
526 1647 559 1679 fit
568 1657 667 1679 orator
677 1668 685 1681 ,
708 1656 740 1677 ut
749 1646 827 1677 nihil
838 1656 874 1676 eo
883 1644 970 1685 poffit
980 1643 1037 1675 ess'e
1048 1643 1188 1684 praestan-

227 1694 286 1722 tius
299 1702 305 1721 ι
324 1701 380 1733 ego
390 1699 502 1724 autem,
514 1699 695 1731 quamquam
706 1697 820 1719 memet
829 1690 890 1717 mei
899 1689 1036 1728 poenitet,
1047 1696 1118 1716 cum
1129 1687 1186 1716 hoc

228 1734 365 1764 maxime
376 1741 478 1763 tamen
488 1734 520 1762 in
531 1733 751 1772 comparatione
763 1730 936 1770 conjungar.
960 1728 1126 1761 Videtisne,
1136 1738 1186 1768 ge-

226 1785 284 1805 nus
295 1776 352 1805 hoc
360 1774 442 1816 quod
454 1772 486 1804 sit
496 1776 624 1804 Antonii
636 1776 646 1802 ?
664 1772 752 1806 forte,
764 1772 938 1804 vehemens,
951 1778 1144 1800 commotum
1154 1771 1187 1799 in

224 1816 342 1858 agendo
353 1837 362 1850 ,
381 1817 598 1856 praemunitum
610 1835 618 1849 ‚
641 1814 674 1845 δε
693 1824 731 1844 ex
750 1815 837 1844 omni
857 1821 937 1852 parte
947 1813 1039 1842 causae
1050 1812 1186 1852 saeptum,

225 1869 289 1889 acre
300 1878 309 1892 ‚
321 1867 442 1888 acutum
454 1877 461 1891 2
483 1857 671 1887 enucleatum
684 1876 692 1890 ‚
713 1858 745 1886 in
757 1864 931 1896 unaquaque
941 1864 971 1883 re
983 1862 1186 1886 commorans,

226 1899 353 1930 honeste
364 1899 482 1932 cedens,
494 1898 774 1939 acriterinsequens,
787 1906 910 1929 terrens,
924 1895 1187 1936 supplicans,sum-

226 1951 277 1972 ma
296 1943 440 1972 orationis
460 1943 596 1971 varietate
608 1961 616 1974 ‚
638 1941 720 1970 nulla
736 1937 904 1969 nostrarum
921 1939 1038 1966 aurium
1047 1937 1186 1967 satietate.

227 1986 295 2014 Nos
306 1992 406 2014 autem
417 2003 425 2016 ‚
446 1984 628 2023 quicumque
639 1983 671 2011 in
682 1980 810 2011 dicendo
829 1981 934 2010 sumus
956 1978 1112 2020 (quoniam
1129 1976 1187 2007 esse

224 2026 325 2066 aliquo
346 2027 379 2054 in
397 2034 525 2054 numero
542 2025 629 2054 vobis
648 2023 808 2062 videmur)
828 2022 906 2052 certe
924 2029 1027 2051 tamen
1044 2020 1079 2050 ab
1097 2020 1186 2059 hujus

227 2065 362 2097 multum
381 2076 487 2107 genere
506 2065 650 2096 distamus
664 2075 669 2093 z
689 2064 772 2105 quod
804 2064 867 2094 uale
879 2061 913 2093 sit
924 2083 932 2096 ,
952 2072 1018 2092 non
1028 2061 1070 2092 est
1080 2071 1186 2091 meum

225 2109 324 2139 dicere
336 2129 344 2142 ‚
354 2117 507 2147 propterea
516 2106 599 2148 quod
618 2109 764 2136 M1N1ME
794 2106 836 2135 ibi
846 2106 970 2146 quisque
980 2113 1070 2133 notus
1081 2102 1124 2133 est
1134 2123 1142 2136 ‚
1156 2103 1188 2132 &

226 2149 411 2180 difficillime
431 2149 467 2179 de
485 2149 513 2179 se
533 2148 657 2189 quisque
676 2148 781 2178 sentit:
805 2146 854 2177 sed
866 2154 968 2175 tamen
978 2143 1188 2185 diffimilitudo

227 2192 358 2232 intelligi
369 2190 465 2231 potest
476 2211 484 2223 ‚
507 2190 539 2220 &
548 2199 586 2220 ex
596 2198 697 2219 motus
709 2189 771 2218 mei
783 2187 987 2218 mediocritate
999 2206 1007 2219 ,
1028 2186 1061 2215 δε
1080 2195 1119 2215 ex
1139 2195 1185 2218 eo,

226 2233 321 2275 quod,
338 2233 447 2274 quibus
458 2231 588 2272 vestigiis
598 2233 732 2271 primum
744 2229 839 2260 institi
851 2249 858 2262 ‚
871 2230 902 2258 in
914 2230 950 2257 iis
958 2226 1018 2257 fere
1031 2227 1113 2257 soleo
1123 2236 1189 2266 per-

226 2285 308 2305 orare
320 2286 324 2303 :
346 2277 378 2305 &
389 2273 469 2315 quod
480 2274 632 2314 aliquanto
642 2282 691 2302 me
703 2272 800 2312 major
808 2273 841 2300 in
852 2269 950 2300 verbis
961 2289 969 2302 ‚
984 2269 1060 2299 &in
1070 2268 1189 2297 senten-

228 2320 277 2348 tiis
290 2317 447 2357 eligendis,
458 2315 548 2356 quam
560 2325 641 2349 eum,
655 2314 748 2347 labor,
762 2314 794 2344 δε
803 2322 871 2343 cura
881 2319 1010 2352 torquet,
1022 2318 1186 2342 verentem,

227 2369 276 2392 ne,
290 2357 309 2387 si
320 2358 421 2398 paullo
432 2357 595 2387 obsoletior
603 2355 695 2386 fuerit
703 2358 810 2388 oratio,
822 2364 886 2384 non
896 2353 985 2394 digna
995 2350 1190 2391 exspestatio-

227 2411 268 2430 ne
280 2420 287 2433 ‚
302 2401 334 2430 ὅ(
345 2398 462 2429 silentio
472 2397 559 2428 fuisse
569 2398 711 2428 videatur.
735 2396 826 2438 Qiod
838 2394 900 2425 siin
911 2394 1000 2424 nobis
1013 2414 1021 2427 ,
1043 2392 1190 2433 quiadsu-

230 2452 299 2471 mus
312 2463 320 2474 ‚
342 2450 429 2471 taritae
447 2438 701 2471 diffimilitudines
713 2459 721 2472 ,
745 2447 805 2468 tam
817 2445 901 2467 certae
913 2446 958 2466 res
967 2436 1110 2476 qu'usque
1121 2444 1191 2474 pro-

232 2486 314 2523 priae‚
330 2483 360 2512 δε
372 2485 402 2512 in
413 2492 445 2512 ea
455 2485 591 2512 varietate
601 2480 662 2511 fere
674 2481 783 2510 melius
793 2479 809 2510 a
820 2476 1116 2510 deteriore‚facultate
1128 2485 1191 2505 ma-

231 2535 288 2566 pis.
301 2524 390 2564 quam
401 2534 508 2565 genere
519 2523 712 2564 distinguitur
723 2542 730 2555 ‚
743 2531 828 2562 atque
840 2530 932 2554 omne
942 2519 1077 2548 laudatur
1087 2538 1095 2552 ,
1110 2517 1191 2558 quod

232 2564 265 2597 in
276 2568 328 2596 suo
338 2576 444 2607 genere
456 2564 623 2605 pei·fe&t1m
634 2564 676 2594 est
688 2575 692 2592 :
712 2564 784 2604 quid
794 2563 919 2594 censetis
929 2581 938 2595 ‚
958 2559 979 2590 fi
992 2569 1099 2590 omnes
1111 2579 1119 2593 ,
1139 2561 1191 2599 qui

230 2608 343 2648 ubique
364 2608 431 2637 sunt
440 2628 447 2640 ‚
469 2615 518 2637 aut
527 2605 648 2636 fuerunt
658 2615 788 2637 oratores
799 2625 808 2638 ,
828 2602 969 2644 ampleEti
982 2602 1169 2632 voluerimus
1181 2603 1190 2630 ?

230 2659 347 2680 numne
357 2648 420 2678 sore
434 2670 440 2681 ‚
454 2658 487 2678 ut
497 2669 504 2682 ‚
526 2657 600 2688 quot
610 2657 739 2678 oratores
750 2667 758 2681 ,
778 2646 906 2677 totidem
917 2644 1000 2686 paene
1010 2645 1192 2684 reperiantur

230 2701 337 2733 genera
355 2690 474 2720 dicendi
486 2693 496 2718 ?
524 2692 570 2719 Ex
580 2699 636 2730 qua
647 2699 713 2720 mea
723 2689 920 2729 disputatione
931 2684 1051 2717 forsitan
1061 2692 1192 2715 occurrat

231 2732 306 2763 illud
318 2753 325 2766 ‚
347 2731 366 2761 sl
376 2732 459 2772 paene
470 2732 705 2761 innumerabiles
717 2729 771 2760 sint
789 2727 868 2770 quasi
885 2728 992 2758 formae
1003 2747 1011 2762 ‚
1033 2726 1190 2769 figuraeque

232 2774 354 2804 <licendi
367 2794 375 2807 ‚
400 2774 494 2813 specie
505 2773 629 2812 dispares
642 2793 649 2807 ,
666 2782 772 2813 genere
782 2771 942 2802 laudabiles
955 2781 959 2799 :
981 2779 1045 2800 non
1054 2766 1134 2809 posse
1146 2778 1189 2801 ea,

234 2825 299 2855 quae
311 2818 388 2845 inter
399 2816 427 2845 se
436 2814 598 2854 discrepant
610 2834 617 2848 ‚
630 2815 736 2844 iisdem
747 2814 899 2854 praeceptis
911 2833 919 2846 ,
939 2821 1024 2852 atque
1036 2813 1066 2840 in
1077 2819 1134 2840 una
1144 2811 1191 2840 in-

236 2859 389 2887 ststutione
407 2856 542 2886 formari.
580 2855 669 2897 Qiod
688 2866 750 2886 non
770 2855 812 2886 est
831 2857 885 2885 ita:
910 2850 1192 2894 diligentissimeque

236 2901 294 2928 hoc
304 2898 347 2927 est
358 2901 399 2927 eis
413 2919 420 2930 ,
430 2900 480 2938 qui
490 2897 649 2927 instituunt
660 2897 774 2938 aliquos
786 2918 795 2930 ‚
807 2906 892 2938 atque
904 2896 1045 2926 crudiunt
1055 2914 1063 2928 =
1083 2893 1191 2924 viden-

238 2941 254 2970 ι’
262 2950 323 2973 um,
335 2938 394 2980 quo
407 2939 453 2968 sua
463 2949 614 2979 quemque
625 2947 726 2968 natura
736 2939 869 2968 maxime
881 2937 956 2968 ferre
966 2936 1108 2967 videatur·
1138 2938 1191 2965 Et-

237 2984 320 3012 ciiiin
341 2981 498 3013 videmus,
529 2990 561 3009 ex
587 2980 676 3009 eodem
697 2979 775 3020 quasi
791 2980 864 3010 ludo
882 2981 1072 3010 summorum
1091 2980 1124 3007 in
1141 2977 1195 3007 suo
1212 3004 1215 3018 ι

1212 3020 1215 3031 “
1233 3022 1308 3051 viter
1317 3018 1488 3060 loquendo,
1508 3016 1595 3048 facile
1607 3017 1760 3058 superabit.
1784 3016 1888 3048 Nostri
1900 3019 2002 3048 minus
2011 3017 2132 3048 student
2141 3017 2193 3047 lit-

237 3034 252 3053 1:
258 3023 378 3064 musque
389 3031 495 3063 genere
504 3020 651 3053 artificum
664 3022 696 3052 &
707 3021 916 3062 magistrorum
927 3019 1020 3051 exiss'e
1033 3019 1194 3060 discipulos

1232 146 1760 195 thznouts

1223 227 1392 259 diffimileis
1410 230 1487 259 inter
1503 229 1530 260 se
1541 248 1549 262 ,
1570 236 1699 258 attamen
1709 225 1890 262 laudandos,
1910 226 1981 258 cum
1993 227 2028 260 ad
2039 227 2181 272 cujusque

1225 279 1359 301 naturam
1370 270 1518 301 institutio
1528 269 1660 300 do&oris
1671 269 1956 300 accommodaretur.
1978 271 2069 308 Cujus
2079 271 2122 302 est
2132 272 2181 302 vel

1221 311 1362 345 maxime
1371 311 1482 353 insigne
1501 311 1574 341 illud
1595 312 1772 351 exemplum
1792 312 1836 350 (ut
1845 321 1953 342 ceteras
1963 315 2048 342 arteis
2060 315 2181 344 omitta-

1226 355 1308 393 mus)
1318 355 1399 395 quod
1409 354 1527 384 dicebat
1537 353 1678 383 Isocrates
1689 373 1700 387 ‚
1715 352 1824 383 (1οᾶοῑ
1833 352 1984 394 singularis
1996 375 2003 387 ‚
2027 355 2055 384 se
2065 349 2183 384 calca'rr'-

1226 394 1275 425 bus
1286 398 1318 425 in
1330 397 1450 435 Ephoro
1462 416 1470 429 ,
1485 394 1590 425 contra
1599 404 1698 425 autem
1710 397 1741 425 in
1753 396 1956 435 Theopompo
1960 395 2042 432 frems
2051 398 2095 426 uti
2106 397 2183 426 sole-

1226 448 1267 467 re.
1291 439 1416 468 alterum
1430 439 1515 467 enim
1530 437 1728 466 exsultantem
1739 437 1900 466 verborum
1911 437 2029 468 audacia
2039 447 2182 478 reprime-

1225 479 1274 509 bat
1285 499 1293 513 ,
1314 479 1441 508 alterum
1458 477 1648 509 cunctantem
1660 498 1669 512 ,
1690 479 1722 508 &
1731 477 1809 518 quafi
1819 479 2068 509 verecundantem
2080 481 2184 509 incita-

1227 520 1285 551 bat.
1317 523 1423 561 Neque
1433 530 1484 550 eos
1496 518 1618 550 simileis
1630 518 1814 550 cffiecitinter
1824 520 1850 550 se
1863 541 1871 553 ,
1895 519 1942 550 sed
1963 519 2079 550 tantum
2098 521 2182 551 alteri

1227 561 1347 592 affinxit
1358 582 1366 595 ,
1386 561 1421 591 de
1440 562 1533 592 altero
1551 561 1669 591 limavit
1678 581 1687 595 ‚
1708 570 1740 591 ut
1749 561 1779 591 id
1788 561 1991 591 conformaret
2001 564 2033 591 in
2043 572 2181 602 utroque,

1227 604 1308 645 quod
1321 604 1470 645 utriusque
1480 612 1582 634 natura
1592 611 1749 643 pateretur.
1782 605 1854 633 Haec
1863 602 1901 633 eo
1913 603 1989 632 mihi
2000 603 2184 643 praedicenda

1227 646 1348 675 fuerunt
1358 666 1366 679 ‚
1387 654 1435 679 ut,
1457 644 1476 675 si
1497 655 1562 675 non
1571 646 1675 675 omnia
1686 666 1693 680 ‚
1713 654 1779 685 quae
1788 650 2023 684 proponerentur
2032 645 2048 675 a
2057 655 2107 675 me
2120 665 2128 679 ,
2148 645 2184 676 ad

1230 689 1373 717 omnium
1384 686 1515 717 vestrum
1528 687 1660 717 studium
1672 707 1680 720 ,
1701 686 1734 716 &
1743 686 1778 716 ad
1788 696 1880 727 genus
1891 686 1919 716 id
1932 707 1941 720 ,
1960 687 2041 727 quod
2059 687 2183 728 quisque

1227 727 1360 759 vestrum
1373 730 1404 759 in
1415 728 1544 759 dicendo
1554 728 1700 769 probaret,
1710 728 1948 761 adhaerescerent,
1966 728 1996 758 id
2006 728 2021 758 ἐι
2032 738 2080 758 me
2091 739 2186 769 genus

1229 772 1360 811 exprimi
1370 771 1527 804 sentiretis,
1538 770 1620 811 quod
1630 770 1766 800 maxime
1778 771 1856 800 mihi
1866 768 1917 809 ipsi
1927 771 2108 809 probaretur.
2131 773 2186 809 Er-

1227 823 1266 853 go
1277 814 1338 842 haec
1349 812 1382 842 &
1391 812 1503 853 agenda
1512 812 1622 842 suntab
1633 820 1761 845 oratore,
1773 821 1838 853 quae
1849 812 2009 851 explicavit
2019 814 2183 845 Antonius,

1230 854 1263 884 &
1280 853 1405 884 dicenda
1424 853 1662 894 quodammodo.
1686 855 1821 895 Qinam
1833 855 1921 893 igitur
1931 853 2051 883 dicendi
2063 852 2105 883 est
2115 863 2186 883 mo-

1229 895 1284 926 dus
1306 895 1434 929 melior,
1456 894 1539 934 (nam
1551 895 1587 925 de
1596 894 1715 925 afflone
1724 894 1790 935 post
1799 895 1913 935 videro)
1923 894 2013 936 quarn
2024 903 2055 925 ut
2067 895 2185 928 Latine,

1230 946 1263 967 ut
1272 937 1410 978 plane‚ut
1418 937 1531 971 ornate,
1542 946 1575 967 ut
1583 937 1618 967 ad
1629 936 1669 971 id,
1681 936 1894 977 quodcumque
1903 946 2012 977 agetur,
2022 936 2100 977 apte,
2112 947 2184 966 con—

1228 987 1424 1020 gruenterque
1434 978 1578 1009 dicamus.
1598 981 1695 1019 Atque
1705 988 1809 1008 eorum
1820 978 1944 1019 quidem
1955 998 1962 1012 ‚
1976 988 2041 1019 quae
2052 978 2113 1008 duo
2123 981 2185 1018 pri-

1229 1030 1279 1050 ma
1288 1020 1364 1054 dixi,
1375 1022 1523 1050 rationem
1535 1030 1598 1050 non
1608 1020 1732 1050 arbitror
1741 1020 1902 1061 exspectari
1914 1020 1928 1050 a
1939 1031 2000 1053 me,
2011 1022 2088 1060 puri,
2104 1020 2183 1049 dilu-

1228 1062 1346 1104 cidique
1363 1062 1522 1092 sermonis.
1546 1072 1643 1103 neque
1653 1063 1737 1091 enim
1748 1072 1894 1092 conamur
1902 1062 2007 1092 docere
2020 1072 2089 1091 eum
2101 1061 2183 1091 dice-

1229 1114 1259 1135 re
1271 1125 1279 1138 ,
1299 1107 1352 1145 qui
1371 1105 1454 1145 loqui
1465 1104 1590 1134 nesciat:
1613 1114 1668 1133 nec
1679 1104 1788 1143 sperare
1801 1125 1809 1137 ‚
1828 1105 1880 1152 qui
1891 1103 1998 1133 Latine
2008 1112 2072 1132 non
2082 1101 2181 1142 poffit,

1228 1146 1309 1176 hunc
1319 1146 1421 1176 ornate
1431 1144 1488 1175 effe
1498 1145 1652 1175 disturum
1665 1156 1670 1173 :
1682 1155 1777 1185 neque
1788 1147 1927 1185 vero‚qui
1939 1154 2002 1174 non
2012 1144 2185 1185 dicat,quod

1227 1188 1525 1228 intelligamus,hunc
1535 1186 1710 1227 poss'e‚quod
1721 1186 2025 1219 admiremur-‚dicere¹
2050 1187 2184 1226 Linqua-

1229 1231 1316 1259 musi
1339 1231 1397 1258 itur
1406 1229 1467 1258 haec
1479 1249 1487 1261 ,
1508 1239 1574 1268 quae
1583 1229 1797 1269 cogitationem
1809 1227 1918 1257 habent
1935 1226 2055 1257 facilem
2066 1247 2074 1261 ,
2096 1228 2185 1258 usum

1228 1281 1300 1301 nece
1327 1272 1432 1300 arium.
1465 1280 1535 1300 nam
1554 1270 1680 1300 alterum
1697 1269 1819 1299 traditur
1839 1269 1941 1298 litteris
1953 1289 1961 1303 ‚
1989 1268 2184 1310 doEtrinaque

1228 1312 1336 1353 puerili
1350 1323 1354 1341 :
1378 1312 1505 1342 alterum
1515 1311 1672 1341 adhibetur
1682 1310 1722 1341 ob
1732 1321 1797 1341 eam
1807 1310 1935 1343 causam,
1947 1320 1979 1340 ut
1989 1311 2181 1352 intelligatur,

1227 1353 1300 1395 quid
1311 1354 1435 1395 quilque
1445 1353 1521 1383 dicat
1533 1364 1538 1382 2
1561 1352 1642 1393 quod
1652 1353 1790 1382 videmus
1802 1354 1842 1382 ita
1850 1350 1908 1382 effe
1918 1350 2111 1382 necess'arium
2123 1372 2131 1386 ‚
2152 1361 2187 1383 ut

1227 1405 1329 1426 tamen
1339 1405 1374 1425 eo
1387 1396 1490 1425 minus
1510 1395 1588 1424 nihil
1606 1393 1663 1424 effe
1681 1392 1777 1434 poffit.
1809 1393 1866 1424 Sed
1884 1403 1990 1424 omurs
2010 1403 2184 1433 LOQJIENDI

1229 1446 1427 1467 ELEGANT1A
1439 1457 1447 1470 ,
1468 1446 1651 1477 quamquam
1660 1436 1811 1475 expolitur
1820 1436 1941 1466 scientia
1950 1437 2126 1468 litterarum,
2140 1444 2184 1466 ta-

1227 1489 1299 1509 men
1318 1487 1438 1520 augetur
1458 1478 1590 1519 legendis
1609 1477 1776 1508 oratoribus
1795 1477 1827 1507 δε
1836 1478 1941 1517 po'e'tis.
1965 1477 2031 1507 sunt
2041 1479 2124 1507 enim
2138 1477 2185 1507 illi

1226 1530 1340 1551 veteres
1352 1541 1359 1554 ‚
1378 1522 1431 1561 qui
1449 1530 1552 1550 ornare
1571 1519 1710 1549 nondum
1729 1527 1866 1559 poterant
1882 1529 1913 1548 ea
1924 1539 1932 1552 ‚
1952 1529 2019 1560 quae
2034 1518 2183 1552 dicebant,

1229 1572 1337 1592 omnes
1354 1561 1447 1602 prope
1466 1561 1601 1601 praeclare
1617 1562 1709 1591 locuti
1723 1572 1727 1590 ι
1744 1571 1875 1602 quorum
1885 1561 2022 1591 sermone
2032 1559 2184 1591 ass'uefa5fi

1228 1606 1385 1645 quierunt,
1398 1614 1436 1634 ne
1445 1606 1597 1643 cupientes
1608 1603 1732 1644 quidem
1743 1622 1752 1636 ‚
1763 1611 1904 1643 poterunt
1912 1602 1997 1643 loqui
2005 1622 2013 1636 ‚
2033 1600 2088 1632 nisi
2099 1604 2183 1632 Lati-

1227 1656 1274 1676 ne.
1299 1648 1406 1686 Neque
1417 1654 1518 1675 tamen
1529 1647 1584 1675 erit
1596 1645 1743 1675 utendum
1753 1644 1851 1674 verbis
1862 1645 1910 1678 iis,
1921 1644 2030 1684 quibus
2037 1644 2098 1684 jam
2108 1653 2184 1674 con-

1226 1687 1351 1718 suetudo
1360 1686 1457 1717 nostta
1467 1697 1530 1716 non
1541 1689 1644 1720 utitur,
1656 1685 1710 1717 nisi
1720 1686 1840 1728 quando
1851 1685 1977 1716 ornandi
1988 1684 2183 1726 causa,parce.

1226 1729 1307 1770 quod
1318 1728 1491 1759 ostendam:
1513 1728 1561 1758 sed
1580 1727 1689 1759 usitatis
1706 1731 1745 1758 ita
1762 1729 1872 1768 poterit
1889 1729 1952 1761 uti,
1975 1726 2140 1757 leffiffimis
2152 1735 2186 1757 ut

1227 1779 1323 1801 utatur
1332 1773 1358 1800 is
1369 1791 1377 1804 ‚
1388 1772 1439 1812 qui
1449 1772 1480 1800 in
1489 1771 1639 1800 veteribus
1649 1773 1704 1800 erit
1714 1771 1828 1810 scriptis
1838 1769 1967 1800 studiose
1978 1789 1986 1803 ‚
2003 1769 2036 1799 &
2046 1767 2181 1799 multum

2204 612 2245 638 10

1227 1812 1387 1843 volutatus.
1427 1815 1536 1853 Atque,
1548 1821 1580 1842 ut
1590 1813 1696 1842 Latine
1708 1813 1878 1853 loquamur,
1890 1820 1955 1841 non
1964 1810 2065 1841 solum
2074 1810 2183 1841 viden·
2204 1812 2216 1840 Ι
2230 1815 2243 1840 ¹

1227 1854 1302 1884 dum
1312 1853 1364 1888 est,
1377 1863 1410 1884 ut
1419 1854 1452 1884 &
1462 1854 1550 1884 verba
1559 1853 1716 1884 efferamus
1725 1863 1835 1895 ea,quae
1847 1854 2012 1892 nemojure
2022 1853 2182 1892 reprehen-

1227 1896 1275 1926 dat
1287 1907 1292 1925 :
1315 1896 1347 1926 δε
1356 1906 1389 1926 ea
1398 1894 1435 1925 sic
1446 1896 1478 1925 &
1488 1894 1598 1926 casibus
1610 1916 1618 1930 ,
1639 1895 1865 1935 &temporibus
1876 1914 1884 1928 ‚
1904 1894 1936 1924 &
1945 1904 2053 1936 genere
2064 1914 2072 1928 ‚
2084 1894 2117 1924 &
2126 1903 2184 1924 nu-

1228 1947 1312 1967 mero
1322 1938 1533 1968 conservemus
1544 1957 1552 1970 ‚
1566 1946 1596 1967 ut
1607 1937 1717 1979 nequid
1728 1937 1932 1977 perturbatum
1943 1955 1951 1969 ‚
1962 1946 1994 1966 ac
2004 1935 2181 1976 discrepans,

1227 1988 1277 2009 aut
1286 1978 1498 2019 praeposterum
1510 1978 1543 2009 fit
1555 1990 1560 2007 z
1581 1979 1629 2009 sed
1642 1981 1732 2009 etiam
1743 1979 1854 2020 lingua,
1869 1978 1901 2008 &
1912 1977 2040 2017 spiritus,
2054 1977 2087 2008 &
2098 1979 2183 2008 vocis

1228 2021 1318 2051 sonus
1329 2020 1370 2051 est
1380 2021 1441 2061 ipse
1452 2020 1662 2051 moderandus.
1683 2021 1768 2051 Nolo
1779 2021 1910 2060 exprimi
1920 2021 2027 2049 litteras
2037 2018 2182 2059 putidius,

1228 2063 1302 2092 nolo
1312 2063 1460 2093 obscurari
1470 2063 1669 2104 negligentius
1683 2073 1688 2091 z
1709 2063 1783 2092 nolo
1793 2061 1881 2091 verba
1890 2060 2009 2090 exiliter
2017 2062 2185 2091 exanimata

1229 2106 1311 2134 exire
1321 2124 1329 2138 ,
1341 2105 1415 2134 nolo
1425 2103 1527 2134 inflata
1537 2124 1545 2137 ‚
1566 2104 1598 2134 δε
1606 2102 1684 2144 quafi
1693 2103 1824 2131 anhelata
1832 2103 1959 2143 gravius.
1982 2111 2052 2131 nam
2063 2101 2099 2132 de
2109 2111 2184 2132 voce

1229 2145 1370 2175 nondum
1379 2155 1411 2174 ea
1421 2145 1507 2179 dico,
1526 2155 1591 2185 quae
1601 2144 1805 2174 suntaffionis
1817 2163 1824 2177 ‚
1844 2143 1892 2173 sed
1906 2143 1982 2177 hoc,
2004 2143 2085 2184 quod
2106 2144 2184 2173 mihi

1230 2196 1300 2216 cum
1310 2187 1448 2216 sermone
1458 2184 1535 2226 quafi
1544 2185 1744 2225 conjun&um
1753 2185 1878 2215 videtur.
1913 2187 1988 2214 Sunt
2004 2187 2087 2215 enirn
2108 2194 2186 2216 certa

1229 2230 1299 2258 vitia
1311 2247 1320 2261 ,
1331 2237 1397 2268 quae
1406 2237 1499 2257 nemo
1511 2226 1554 2257 est
1565 2247 1573 2260 ‚
1584 2229 1659 2268 quin
1669 2225 1796 2267 effugere
1806 2228 1904 2266 cupiat
1913 2246 1921 2260 ‚
1935 2227 2038 2256 mollis
2048 2235 2110 2257 vox
2122 2246 2130 2260 ‚
2150 2235 2185 2258 ut

1231 2269 1387 2299 muliebris
1398 2288 1407 2301 ‚
1428 2277 1477 2298 aut
1486 2266 1564 2309 quasi
1574 2277 1657 2299 extra
1667 2269 1796 2298 modum
1807 2269 1916 2298 absona
1926 2288 1935 2302 ‚
1954 2276 2040 2309 atque
2049 2267 2182 2299 absurda.

1211 2324 1212 2329 ¹
1229 2310 1272 2340 est
1280 2319 1379 2340 autem
1387 2311 1496 2340 vitium
1509 2329 1517 2343 ‚
1538 2310 1620 2351 quod
1630 2310 1773 2340 nonnulli
1782 2309 1813 2339 de
1822 2308 1956 2346 industria
1965 2309 2184 2340 conse6hmrur.

1229 2351 1351 2383 Rustica
1361 2361 1433 2384 vox,
1445 2351 1477 2382 &
1487 2351 1606 2393 agrestis
1616 2351 1760 2393 quosdam
1771 2350 1896 2382 deleEtat
1907 2371 1915 2385 ‚
1930 2350 1990 2393 quo
2002 2354 2185 2392 magis-anti-

1229 2395 1372 2435 quitatem
1385 2413 1394 2427 ,
1414 2391 1435 2422 fi
1451 2395 1491 2423 ita
1502 2394 1602 2427 sonet,
1622 2403 1729 2423 eorum
1740 2394 1837 2424 sermo
1849 2395 1973 2424 retinere
1982 2393 2134 2427 videatur,
2153 2403 2186 2424 ut

1230 2445 1307 2469 tuus,
1320 2435 1433 2468 Catule,
1446 2435 1562 2468 sodalis,
1574 2437 1608 2465 L.
1622 2438 1706 2465 Cotta
1717 2455 1725 2469 ‚
1737 2435 1862 2475 gaudere
1873 2436 1949 2464 mihi
1960 2435 2079 2465 videtur
2087 2437 2186 2477 gravi-

1231 2484 1286 2507 tate
1298 2477 1406 2518 linguae
1417 2497 1426 2509 ,
1447 2477 1579 2517 sonoque
1588 2479 1672 2507 vocis
1681 2476 1783 2517 agresti
1796 2497 1803 2510 ,
1820 2476 1938 2507 &illud
1948 2476 2029 2517 quod
2039 2477 2183 2518 loquitur,

1230 2519 1360 2559 priscum
1370 2518 1469 2548 visum
1488 2519 1523 2548 iri
1542 2527 1625 2558 putat
1634 2538 1642 2552 ,
1664 2517 1683 2548 si
1693 2518 1780 2558 plane
1792 2517 1881 2548 fuerit
1892 2517 2086 2549 rusticanum.
2111 2522 2122 2537 ²
2131 2520 2184 2549 Me

1230 2569 1330 2591 autem
1342 2569 1409 2590 tuus
1420 2560 1509 2589 sonus
1520 2580 1528 2593 ‚
1551 2560 1583 2590 δε
1594 2561 1714 2590 suavitas
1725 2559 1777 2590 ista
1786 2559 1929 2590 delerit-at:
1948 2562 2057 2590 omitto
2073 2559 2186 2590 verbo-

1231 2612 1298 2632 rum
1310 2621 1319 2634 ,
1340 2611 1520 2643 quamquam
1532 2601 1573 2631 est
1583 2610 1683 2642 caput:
1703 2600 1811 2632 verum
1821 2601 1852 2632 id
1863 2600 1947 2632 affert
1964 2602 2037 2631 ratio
2049 2621 2058 2635 ‚
2077 2601 2188 2632 docent

1232 2644 1344 2677 litterae,
1356 2642 1517 2673 confirmat
1526 2643 1711 2674 consuetudo
1722 2643 1882 2685 &legendi
1892 2664 1900 2678 ,
1914 2643 2102 2684 &loquendi
2115 2653 2120 2672 :
2136 2643 2186 2674 sed

1232 2686 1308 2715 hanc
1319 2685 1386 2715 dico
1396 2685 1565 2715 suavitatem
1578 2704 1586 2718 ‚
1607 2695 1671 2726 quae
1691 2687 1754 2715 exit
1772 2695 1809 2716 ex
1824 2695 1895 2715 ore:
1914 2695 1980 2726 quae
1989 2684 2113 2726 quidem
2125 2704 2134 2719 ,
2153 2693 2187 2715 ut

1232 2726 1308 2767 apud
1321 2729 1439 2757 Graecos
1450 2746 1459 2760 ,
1471 2728 1641 2757 Atticorum
1653 2747 1661 2760 ,
1674 2725 1754 2757 sicin
1764 2728 1875 2757 Latino
1885 2727 2034 2760 sermone,
2046 2727 2133 2766 hujus
2143 2725 2187 2757 est

1233 2769 1312 2799 urbis
1332 2768 1469 2798 maxime
1486 2770 1612 2808 propria.
1641 2769 1765 2798 Athenis
1772 2769 1835 2807 jam
1846 2768 1898 2798 diu
1908 2768 2043 2799 doctrina
2051 2768 2186 2808 ipsorum

1232 2808 1460 2841 Atheniensium
1473 2810 1583 2839 interiit
1592 2830 1600 2844 ,
1625 2809 1817 2840 domicilium
1829 2808 1947 2840 tantum
1959 2812 1992 2841 in
2001 2810 2052 2841 illa
2061 2809 2131 2840 urbe
2141 2819 2188 2839 re-

1235 2860 1336 2882 manet
1346 2850 1511 2882 studiorum
1523 2871 1532 2884 ‚
1546 2851 1654 2892 quibus
1663 2860 1768 2882 vacant
1777 2854 1868 2884 cives,
1879 2853 2026 2894 peregrini
2035 2850 2186 2884 fruuntur,

1232 2895 1308 2934 capti
1327 2893 1555 2934 quodammodo
1574 2896 1701 2923 nomine
1712 2893 1791 2923 urbis
1803 2913 1811 2927 ‚
1831 2893 1863 2922 δε
1871 2893 2043 2924 au&01·itate
2055 2903 2061 2921 :
2085 2901 2187 2922 tamen

1233 2933 1443 2966 eruditiffimos
1460 2936 1602 2964 homines
1619 2933 1761 2965 Asiaticos
1779 2935 1880 2976 quivis
1898 2933 2087 2964 Atheniensis
2099 2933 2189 2964 indo-

1235 2976 1309 3010 ἂυε,
1322 2987 1386 3006 non
1393 2976 1492 3006 verbis
1501 2996 1508 3009 ‚
1523 2976 1570 3006 sed
1580 2976 1655 3006 sono
1663 2978 1746 3007 vocis
1756 2996 1765 3009 ‚
1777 2985 1831 3005 nec
1841 2985 1901 3006 tam
1914 2976 1990 3006 bene
2001 2996 2010 3008 ,
2021 2975 2111 3016 quam
2124 2976 2188 3005 sua-

2111 3060 2193 3093 teris,

280 3148 300 3164 1.
323 3144 362 3165 Mt·
373 3146 449 3164 autem
466 3147 523 3165 mm
534 3139 607 3172 fimm
616 3141 645 3171 (ἲν
653 3138 789 3173 fica—ritas]
810 3139 899 3166 Hodie
911 3139 1016 3174 quidem
1027 3139 1064 3165 ita
1076 3138 1192 3174 publica·
1216 3142 1217 3165 l
1239 3137 1338 3178 vulgati
1350 3135 1578 3170 servant-lichfilita}
1588 3147 1597 3168 ,-
1608 3145 1692 3172 neque
1703 3136 1781 3162 :iliter
1792 3135 1905 3163 Palatini
1915 3134 2012 3172 septem
2023 3154 2032 3169 ‚
2043 3143 2088 3164 aut
2099 3135 2189 3162 Mem-

257 3185 295 3208 υ,
306 3184 456 3212 pugn-uque
468 3185 515 3212 pro
526 3175 571 3203 liae
582 3175 708 3211 striptiira
718 3175 862 3206 Lambinus
875 3186 880 3203 2
894 3175 936 3203 ild
949 3182 1035 3204 tamen
1047 3175 1193 3210 antiquitus

1215 3168 1218 3207 l
1236 3183 1281 3202 nni
1293 3175 1453 3208 chartaceus,
1464 3182 1541 3209 quem
1554 3171 1683 3201 consuluit
1693 3171 1864 3200 Gulielmius.

2100 3216 2110 3235 Ι
2118 3226 2123 3233 .
2132 3210 2193 3240 Sup-
