2360 3400
670 70 1108 116 Conso

146 154 216 188 fatis
233 150 428 185 concessisset.
453 151 661 194 Qamobre'm
675 173 686 187 ‚
706 151 726 183 fi
743 152 887 184 dolorum
909 152 1002 184 finem
1023 160 1107 183 mors

144 195 231 230 affert
239 215 249 230 ,
259 194 280 225 fi
289 195 447 226 securioris
455 195 489 225 &
501 195 636 225 melioris
647 197 770 226 initium
779 196 850 226 vitae
863 206 869 225 z
889 194 912 225 si
921 195 1019 226 futura
1029 194 1107 225 mala

145 239 262 270 avertit:
273 234 293 266 fi
305 236 442 267 medetur
450 237 654 276 praesentibus:
665 236 685 266 si
696 247 754 267 nos
764 246 801 267 ex
811 239 952 277 plurimis
960 238 1010 268 vel
1021 246 1106 267 mor-

142 276 254 310 borum
265 297 275 312 ,
287 279 335 308 vel
351 278 572 312 molestiarum,
582 279 628 309 vel
638 279 830 310 acerbitatum
843 280 983 319 periculis
993 280 1104 312 educit,

143 330 270 351 cuream
295 329 446 361 tantopere
465 321 618 354 accusare,
636 329 685 350 aut
706 320 848 351 dolorem
866 330 905 351 ex
931 331 965 351 ea
973 321 1105 351 derivare

142 363 275 393 velimus
287 382 294 396 ,
307 371 347 392 ex
380 373 413 392 ua
424 364 524 403 potius
534 362 786 397 consolationem,
801 373 833 393 ac
844 363 977 393 laetitiam
988 363 1104 393 haurire

142 403 189 434 fas
203 402 296 435 effet?
314 373 379 434 Nilli
391 403 411 434 si
426 424 435 438 ‚
456 404 538 445 quod
548 412 678 434 mortem
688 405 894 445 subiequitur‚
919 413 976 434 nos
985 401 1102 434 forzafl'e

143 446 289 476 sollicitos
300 447 397 477 habet.
422 446 459 476 de
476 446 623 487 quolibet
632 455 720 486 pauc-i
729 446 829 476 dicere
839 465 848 480 ‚
871 455 908 477 ne
919 446 967 476 hic
980 454 1057 476 unus
1066 445 1101 475 ad

140 487 313 518 molestiam
324 508 333 522 ,
345 488 545 528 doloremque
559 488 701 518 alendum
713 488 838 529 angulus
848 488 1039 529 relinquatur.
1049 488 1102 528 qui

138 528 280 570 profe&5
299 528 508 570 insipientibus
526 529 716 569 objiciendus
734 539 798 560 non
818 528 880 563 est,
898 540 954 560 nec
974 532 1100 560 intanto

140 580 390 613 argumentorum
414 581 519 602 acervo
531 590 540 605 ‚
560 571 669 612 quibus
688 578 819 602 mortem
837 572 930 611 ipsam
947 572 1036 603 nobis
1045 571 1101 601 ob-

139 612 283 653 stringere
299 623 445 644 conamur
456 633 465 646 ,
484 613 743 643 committendum
755 633 764 647 ‚
787 622 820 643 ut
831 615 888 644 hoc
899 624 960 644 uno
973 615 1101 644 nomine

136 656 247 685 minus
268 655 357 684 nobis
375 655 482 685 debere
500 655 643 685 videatur.
668 655 700 685 &
718 663 901 696 quamquam
921 657 984 686 baec
1005 655 1098 686 futuri

134 696 205 736 post
215 705 345 726 mortem
368 698 513 736 temporis
532 706 600 727 cura
624 698 761 726 hominis
775 700 893 737 propria
902 707 965 728 non
976 696 1028 731 fit,
1049 696 1099 727 sed

136 737 197 767 diis
208 737 432 767 immortalibus
443 757 451 771 ‚
470 741 572 778 potius
580 738 753 778 reliquenda
764 758 772 773 ‚
792 747 923 779 quorum
936 749 993 769 nos
1002 739 1050 770 vel
1061 739 1097 768 li-

136 779 281 809 beralitati
293 801 302 815 ‚
314 779 363 809 vel
375 780 522 819 supientiae
533 782 704 820 permittere
715 780 758 810 fas
769 799 778 813 ‚
791 782 935 821 piumque
945 780 1016 811 ess'et
1026 791 1032 810 :
1042 781 1094 821 qui

133 822 220 851 enim
233 821 416 851 nascentium
429 831 530 851 curam
541 822 712 861 suscipiunt,
723 824 772 863 qui
782 824 918 852 viventes
927 831 1097 863 protegunt,

133 863 217 893 alunt
227 882 237 896 ,
258 871 379 892 tuentur
390 881 399 896 ,
420 862 527 893 fovent
537 882 545 895 ‚
567 873 619 893 cur
639 866 803 893 morientes
822 863 976 894 deserant?
996 874 1095 895 tamen

134 904 248 945 aliquid
271 912 361 934 etiam
377 903 513 934 modeste
532 904 568 934 de
589 906 626 934 iis
645 907 821 945 exquirere,
843 915 907 936 non
922 905 965 936 est
978 907 1095 936 inutile.

136 945 263 976 Necesse
277 944 320 976 est
333 955 431 976 autem
441 966 450 979 ‚
475 945 507 976 sit
522 946 647 976 alterum
668 946 705 976 de
720 946 843 977 duobus
855 966 864 980 ‚
885 957 918 977 ut
932 957 981 978 aut
995 948 1096 978 sensus

130 989 255 1028 penitus
266 997 374 1017 omnes
385 998 468 1018 mors
477 987 608 1022 auferat,
620 997 712 1018 autin
722 991 816 1018 alium
827 990 980 1030 quendam
992 991 1095 1020 locum

134 1039 175 1059 ex
187 1031 233 1059 bis
247 1029 323 1060 locis
338 1039 435 1060 morte
450 1031 602 1070 migretur.
624 1030 707 1070 quod
721 1029 741 1059 si
755 1040 852 1061 morte
866 1031 967 1061 sensus
980 1030 1096 1062 exstin-

131 1073 246 1112 guitur,
257 1071 365 1102 obitus
381 1082 417 1101 ue
427 1071 526 1101 noster
535 1073 563 1101 ei
573 1071 682 1101 somno
691 1071 796 1102 similis
806 1071 857 1105 est,
868 1075 921 1112 qui
931 1082 1096 1104 nonnum-

133 1123 224 1154 quam
236 1115 324 1143 etiam
339 1133 347 1147 ‚
370 1124 418 1143 ine
431 1112 498 1143 visis
508 1113 698 1143 somniorum
710 1133 719 1147 ,
730 1112 950 1153 placatiffimam
960 1117 1093 1156 quietem

134 1153 231 1189 affert,
242 1158 314 1195 quid
327 1157 398 1185 lucri
414 1154 457 1185 est
467 1157 584 1184 emori?
596 1165 643 1185 aut
654 1156 736 1196 quod
746 1158 878 1186 omnino
887 1165 1004 1196 tempus
1015 1166 1094 1196 repe-

131 1199 182 1227 riri
195 1196 307 1236 potest,
318 1197 399 1237 quod
411 1199 437 1226 ei
450 1200 578 1237 tempori
589 1206 786 1237 anteponatur
797 1217 805 1231 ‚
820 1200 867 1228 cui
880 1199 986 1228 similis
994 1198 1094 1229 futura

130 1237 176 1268 est
193 1248 373 1278 perpetuitas
391 1241 494 1269 omnis
513 1239 723 1279 consequentis
736 1242 852 1270 aetatis?
873 1242 926 1270 Sin
943 1242 1095 1281 migratio-

132 1289 206 1310 nem
227 1282 370 1310 malimus
384 1279 441 1310 effe
454 1290 585 1310 mortem
598 1291 630 1310 in
646 1291 692 1311 eas
705 1291 770 1311 oras
780 1301 789 1314 ,
807 1291 879 1322 quas
893 1283 909 1311 e
924 1284 984 1312 vita
996 1282 1094 1322 profe-

131 1320 178 1351 ἂι
191 1325 328 1353 incolunt
340 1323 428 1363 :quid
441 1323 602 1363 optabilius
613 1342 620 1355 ‚
631 1333 722 1363 quam
734 1323 770 1353 ad
782 1333 833 1353 eos
841 1321 988 1363 proficisci
997 1344 1005 1357 ‚
1017 1334 1094 1364 quos

133 1372 286 1397 mortuos,
297 1367 402 1394 vivens
413 1364 572 1394 dilexeris:
583 1364 694 1395 &cum
705 1367 741 1394 iis
752 1374 890 1405 perpetua
902 1374 962 1395 vita
971 1368 1095 1405 pertrui,

132 1415 187 1446 qui
199 1425 208 1439 ‚
230 1414 260 1436 ut
276 1415 333 1435 nos
349 1409 379 1435 in
396 1408 482 1435 raude
499 1408 689 1439 viveremus,
711 1406 744 1436 δε
756 1406 1095 1441 libentermorercmur,

133 1448 194 1477 suls
205 1449 236 1477 &
246 1456 402 1488 praeceptis
412 1466 420 1479 ‚
444 1447 476 1476 &
487 1450 636 1486 exemplis
646 1456 797 1486 tantopere
806 1448 998 1478 laborarunt?
1018 1450 1095 1479 mihi

129 1491 211 1519 certe
232 1490 311 1519 nihii
330 1489 447 1518 videtur
466 1491 587 1517 evenire
600 1487 683 1527 posse
693 1492 805 1529 gratius
818 1508 827 1522 ‚
848 1491 938 1529 quiim
951 1509 960 1522 ‚
981 1489 1000 1519 fi
1013 1500 1095 1520 mors

130 1531 247 1561 aditum
256 1530 291 1561 ad
303 1531 358 1560 alia
370 1532 433 1559 loca
441 1528 597 1569 patefaciat
607 1548 617 1562 ‚
633 1529 668 1559 ad
679 1539 731 1559 eos
743 1532 846 1560 venire
854 1550 863 1563 ‚
876 1531 907 1559 δε
918 1540 987 1560 cum
1000 1533 1037 1560 iis
1048 1532 1094 1561 es-

131 1571 161 1602 se
171 1591 180 1605 ,
200 1582 278 1612 quos
287 1573 320 1601 &
331 1576 466 1601 maxime
476 1571 594 1604 dilexi,
607 1572 638 1601 &
649 1581 817 1612 numquam
829 1581 892 1601 non
903 1571 1028 1612 diligere
1038 1592 1046 1606 ‚
1062 1582 1094 1602 ac

131 1613 250 1643 laudare
267 1612 398 1653 poss'um.
421 1613 468 1643 Ad
479 1622 565 1642 meos
575 1622 672 1642 autem
686 1613 719 1643 δε
729 1611 834 1643 affines
846 1633 854 1646 ‚
876 1614 909 1643 &
926 1618 1041 1647 amicos
1062 1618 1104 1644 ut'

131 1664 311 1696 pervenero,
322 1664 505 1695 quantopere
517 1654 636 1684 laetabor
645 1657 656 1683 ?
666 1664 733 1695 quae
739 1654 904 1693 jucundior
911 1656 1093 1690 collocutio,

93 1707 96 1709 ·
131 1699 184 1737 qui
195 1697 311 1726 suavior
320 1697 366 1726 vel
379 1694 571 1736 congreffus,
590 1697 637 1725 vel
652 1696 857 1734 complexus?
879 1699 905 1726 Ο
921 1698 1012 1727 vitam
1024 1698 1093 1728 vere

130 1739 255 1768 vitalem
266 1758 274 1772 ‚
289 1747 320 1768 ut
328 1739 369 1768 ait
383 1740 516 1771 Ennius,
529 1737 675 1767 omnibus
687 1737 786 1771 bonis,
799 1738 954 1778 acgaudiis
961 1741 1092 1768 circum-

131 1778 278 1810 fluentem
290 1791 295 1808 z
316 1780 365 1810 sed
377 1779 492 1810 beatam
504 1782 594 1809 etiam
607 1787 738 1808 mortem
750 1799 758 1812 ,
774 1788 840 1819 quae
850 1780 884 1809 ad
898 1779 1091 1811 beatiffimam

131 1823 225 1852 vitam
238 1822 352 1851 aditum
366 1824 484 1860 aperiat.
508 1823 559 1850 Me
569 1820 693 1861 quidem
705 1840 713 1850 ,
733 1819 785 1851 etsi
803 1821 909 1851 dolore
926 1823 1090 1852 vehemen-

129 1863 353 1903 terperculsum
367 1863 400 1893 &
411 1862 557 1893 affliflum
570 1882 579 1896 ,
601 1864 647 1891 'nis
660 1871 759 1892 tamen
775 1865 902 1893 monitis
912 1883 921 1897 ,
942 1863 975 1893 &
985 1873 1092 1903 praece-

127 1908 188 1946 ptis
199 1915 262 1935 non
273 1905 465 1935 mediocriter
475 1905 594 1935 allevari
606 1904 721 1934 sentio:
740 1907 837 1945 itaque
850 1907 1005 1935 neminem
1018 1915 1092 1946 puto

128 1946 206 1980 fore,
217 1957 308 1988 quem
320 1957 383 1977 non
395 1949 526 1976 rationes
535 1966 544 1980 ‚
554 1950 569 1976 a
580 1947 669 1975 nobis
679 1954 736 1975 tam
750 1945 882 1976 studiose
894 1948 910 1977 e
921 1948 1089 1987 sapientum

129 1989 216 2019 libris
233 1988 386 2022 colleekae,
406 1990 515 2028 juvent
527 2007 536 2022 ,
555 1998 588 2018 ac
602 1987 761 2017 deleEtent.
785 1998 880 2028 eoque
895 1993 1009 2030 magis,
1030 1999 1092 2029 quo

129 2031 260 2061 leviores
271 2040 357 2061 erunt
366 2032 493 2061 aliorum
505 2029 643 2063 dolores,
663 2029 753 2070 quam
767 2030 815 2059 hic
826 2049 835 2064 ,
853 2040 914 2070 quo
925 2041 980 2060 nos
992 2040 1090 2061 tanto—

128 2082 198 2113 pere
210 2075 308 2103 vexati
319 2073 434 2102 sumus.
456 2082 525 2102 nam
541 2070 560 2100 si
575 2080 660 2101 amor
672 2090 680 2105 ‚
701 2070 721 2100 fi
735 2074 827 2111 pietas
840 2071 908 2102 filiae
919 2092 928 2106 ,
950 2071 971 2102 fi
983 2075 1089 2106 virtus,

131 2113 152 2144 fi
161 2116 288 2155 gravitas
300 2134 308 2148 ,
319 2112 338 2144 fi
351 2114 515 2144 constantia
524 2133 533 2148 ,
546 2112 565 2142 si
576 2121 669 2143 cetera
679 2133 689 2146 ‚
701 2123 767 2154 quae
777 2116 830 2142 vix
841 2116 872 2143 in
882 2113 1015 2144 faeminis
1027 2115 1086 2155 spe-

130 2155 203 2187 &ari
214 2176 222 2190 ‚
235 2156 348 2186 nedum
360 2158 470 2197 requiri
482 2156 595 2188 solent,
619 2153 829 2185 consideranda
841 2154 896 2185 fint
908 2166 913 2184 2
927 2164 1006 2186 tanta
1015 2155 1090 2186 fafita

124 2197 241 2239 Jac'mra
253 2218 261 2232 ‚
282 2197 450 2240 gravilsime
470 2199 570 2228 dolere
584 2197 757 2227 debuimus.
781 2197 829 2227 sed
840 2200 939 2228 vincat
949 2198 1087 2228 dolorem

126 2240 296 2271 consolatio
315 2252 321 2270 ;
352 2250 408 2270 nec
426 2241 484 2277 jam
497 2260 506 2273 ,
527 2239 600 2280 quid
618 2239 808 2268 amiserimus
820 2258 829 2272 ,
853 2239 901 2269 sed
914 2246 925 2272 ‚'
943 2249 1089 2280 quatenus

127 2284 289 2312 mortalem
311 2280 405 2312 filiam
422 2278 525 2322 lugere
545 2281 662 2315 deceat,
684 2283 862 2321 cogitemus.
896 2283 963 2312 Hoc
982 2292 1037 2312 nos
1056 2284 1087 2312 in

128 2333 261 2354 moerore
280 2323 382 2354 nostro
395 2343 404 2357 ,
423 2323 504 2364 quod
518 2326 597 2353 certe
611 2323 696 2353 fortis
710 2322 749 2352 est
764 2326 865 2363 aegroti
879 2343 888 2356 ,
910 2333 974 2353 non
989 2323 1086 2354 solum

128 2376 261 2406 accipere
272 2387 281 2400 ‚
293 2366 340 2396 sed
351 2369 440 2396 etiam
452 2374 608 2406 exquirere
621 2364 818 2395 medicinam.
842 2368 880 2395 At
890 2384 898 2398 ‚
910 2363 929 2394 si
942 2367 1009 2406 quis
1020 2368 1083 2399 erit,

127 2418 218 2449 quem
229 2408 317 2438 dolor
327 2408 342 2438 a
352 2411 468 2438 ratione
480 2408 635 2440 averterit,
657 2409 704 2436 cui
718 2416 779 2436 non
791 2407 858 2437 satis
869 2409 954 2437 nrma
965 2407 1086 2437 videari-

130 2459 179 2480 tui·
189 2460 240 2483 ea,
261 2460 327 2491 quae
344 2450 406 2489 jam
417 2448 497 2479 dicia
518 2449 600 2479 sunt:
625 2458 649 2478 is
660 2449 688 2479 se
699 2449 858 2478 hominem
870 2447 928 2478 ess‘e
940 2458 1088 2479 memine*

126 2494 181 2522 rit:
204 2494 281 2521 nihil
291 2500 391 2521 autem
402 2492 565 2521 humanius
574 2488 625 2519 effi
643 2499 739 2520 morte
750 2510 758 2524 ‚
781 2499 812 2520 ut
823 2510 833 2524 ,
856 2488 876 2519 fi
888 2500 970 2520 mors
980 2492 1015 2521 ab
1024 2491 1090 2530 ipso

131 2533 258 2566 divelli,
278 2542 364 2573 atque
373 2531 603 2572 auferripoffet‚
624 2533 682 2562 diis
700 2534 822 2572 propior
842 2532 994 2562 habendus
1007 2532 1103 2573 effer,-

126 2576 218 2615 quam
240 2575 420 2606 bominibus
429 2594 440 2607 ,
460 2584 515 2604 nec
525 2575 611 2603 omni
623 2583 662 2603 ex
672 2582 750 2613 parte
760 2576 833 2604 hom
841 2575 898 2604 inis
908 2584 1023 2604 nomen
1037 2573 1089 2614 ipsi

125 2625 321 2657 congrueret,
344 2619 413 2656 quia
424 2618 583 2645 communi
598 2635 607 2648 .
631 2616 663 2645 &
676 2618 822 2656 praecipua
835 2617 969 2646 hominis
982 2619 1089 2647 condi-

126 2660 211 2689 tione
228 2668 291 2688 non
308 2667 446 2688 uteretur.
471 2666 609 2697 praeterea
619 2658 757 2697 lacrymis
767 2658 845 2687 nibil
855 2657 959 2697 profici
972 2677 980 2691 ,
993 2668 1058 2699 quae
1070 2657 1090 2688 si

128 2700 203 2741 quid
222 2700 388 2738 adjumenti
406 2697 509 2729 afferre
528 2697 664 2739 poss'ent,
687 2708 751 2729 non
770 2699 869 2730 solum
888 2698 1089 2733 effundendrc‚

129 2743 180 2773 sed
200 2741 332 2773 studiose
350 2744 566 2781 conquirendae
583 2742 764 2771 viderentur.
788 2744 929 2782 Denique
941 2760 949 2775 .
970 2751 1032 2771 non
1044 2743 1091 2772 so-

129 2784 198 2814 lum
213 2783 324 2824 injuste
336 2803 345 2816 ‚
366 2783 413 2813 sed
424 2793 513 2813 etiam
527 2781 689 2823 turpiisime
702 2790 784 2824 agere
794 2786 845 2824 qui
857 2783 1022 2813 immodice
1034 2783 1088 2813 do-

130 2826 200 2856 leat.
223 2826 378 2865 turpitudo
389 2835 470 2855 enim
482 2825 565 2865 pejor
576 2825 617 2854 est
630 2826 754 2854 dolore:
776 2823 920 2866 siquidem
937 2826 1025 2855 dolor
1035 2827 1090 2855 ho·
1113 2845 1116 2865 7

131 2869 213 2898 mini
231 2867 248 2898 ὲ
266 2877 371 2898 natura
385 2866 487 2897 insitus
501 2866 564 2900 est,
584 2867 722 2907 nihilque
733 2867 820 2897 habet
831 2867 974 2897 insamiae.
997 2870 1089 2907 turpi-

132 2910 208 2940 tudo
227 2919 327 2940 autem
342 2912 450 2940 iccirco
463 2912 656 2948 vituperanda
667 2928 674 2942 ‚
697 2909 780 2949 quod
789 2909 902 2949 aliquid
916 2910 1030 2948 semper
1043 2920 1090 2939 in—

131 2951 274 2982 decorum
293 2953 451 2985 continet,
470 2953 557 2990 culpa
569 2950 768 2981 contractum.
792 2960 819 2980 at
829 2960 931 2980 omnis
943 2951 1088 2981 immodi—

128 3003 182 3023 cus
193 2994 279 3023 dolor
289 2996 383 3033 turpis
392 2992 434 3023 est
445 3013 455 3026 ,
478 2993 510 3023 ὅ(
520 2997 536 3023 a
549 3003 614 3023 viro
624 2996 738 3023 alienus
752 3003 756 3021 :
774 2992 1018 3033 quandoquidem
1029 3012 1038 3026 ,
1060 3003 1091 3022 ur

131 3037 298 3065 immodice
310 3054 319 3068 ‚
337 3043 498 3075 praeterque
509 3038 655 3065 rationem
668 3035 788 3067 doleas,
808 3035 911 3074 sponte
922 3032 1025 3065 efficis.
1049 3044 1088 3064 cx

121 3086 190 3117 >quo
200 3077 286 3118 culpa
296 3085 432 3112 exoritur
443 3087 449 3107 :
464 3086 530 3118 quae
539 3079 661 3108 homini
670 3078 808 3109 maxime
818 3075 960 3119 fugienda
968 3096 978 3113 ‚
989 3078 1091 3109 vitam*

1175 80 1207 113 1.
1277 83 1309 114 A
1380 81 1413 115 'r
1482 85 1500 116 1
1564 81 1616 117 ὀ.
1988 85 2107 134 1291

1146 149 1242 192 daque
1252 149 1295 182 est
1305 171 1313 185 ,
1325 156 1365 182 ne
1373 152 1608 194 cogitationibus
1618 150 1805 186 moniffimis
1814 172 1823 188 ‚
1837 151 1939 196 quales
1950 153 2105 185 interdum

1144 192 1260 232 perdite
1269 200 1402 224 amantes
1411 195 1556 235 suscipere
1566 195 1662 225 solent
1673 215 1682 229 ,
1692 195 1826 226 nimium
1836 195 2044 237 perturbemur
2053 215 2061 230 ‚
2072 195 2108 226 δε

1144 231 1376 266 effaeminemur.
1398 238 1473 277 quin
1491 235 1593 277 potius
1611 244 1669 268 nos
1686 237 1721 269 ad
1734 239 1897 270 Homerica
1905 242 2048 279 praecepta
2056 241 2104 269 te-

1142 274 1293 307 feramus:
1892 305 1897 309 .

1237 318 1318 348 Corde
1328 329 1380 359 age
1387 319 1516 360 fisfirmo
1529 340 1537 354 ‚
1556 326 1603 351 nec
1616 327 1643 351 te
1652 319 1792 362 submitte
1801 320 1910 352 dolori:
1966 350 1973 353 ,

1235 362 1371 400 Namque
1379 362 1421 390 ali
1443 362 1620 403 uidgmvim
1631 383 1640 397 ,
1652 363 1785 405 pejusque
1792 363 1946 405 aliquando
1956 363 2013 394 tuli
2036 363 2057 394 i„

1145 401 1249 431 Nemo
1263 403 1404 433 videlicet
1432 414 1538 435 uorum
1554 404 1657 435 funera
1669 407 1839 446 experitur,
1858 407 1908 436 cui
1925 415 1988 436 non
1999 407 2104 437 adver),

1143 442 1168 472 sa
1187 444 1282 473 multa
1300 453 1383 474 antea
1401 448 1582 486 contigerint
1600 457 1606 476 :
1637 448 1676 477 ita
1694 449 1785 477 variis
1801 449 1891 478 omni
1907 457 1944 478 ex
1957 457 2038 488 parte
2052 450 2102 478 im

1140 485 1315 515 commodis
1329 487 1460 518 humana
1473 496 1576 518 natura
1588 488 1791 519 concluditur.
1814 499 1866 520 cui·
1878 490 1969 529 igitur
1981 492 2103 531 gravio*

1143 535 1192 560 ra,
1212 527 1261 556 vel
1289 528 1368 558 certe
1385 529 1468 569 aeque
1487 532 1586 569 gravia
1606 529 1722 561 fortiter
1740 529 1856 571 paffus,
1876 533 1948 561 cum
1968 532 2103 562 maxime

1141 567 1308 599 occalluisse
1324 589 1332 603 ,
1357 569 1390 600 &
1408 571 1443 600 ad
1462 570 1600 601 dolorem
1622 581 1743 603 novum
1766 572 1939 603 obduruisse
1960 573 2100 607 deberet.

1141 609 1322 649 despondeat
1338 616 1475 642 animum
1493 632 1501 646 ‚
1523 613 1610 654 seque
1631 616 1755 645 moerori
1774 615 1890 645 tradat?
1906 614 1988 655 quod
2009 617 2099 646 etiam

1141 650 1288 690 injustum
1307 651 1385 686 effe,
1404 654 1505 693 paullo
1520 656 1587 684 ante
1602 655 1785 686 dicebamus.
1809 665 1911 687 natura
1928 658 2010 686 enim
2032 657 2100 686 usu-

1138 702 1201 722 ram
1216 693 1307 724 nobis
1321 704 1389 725 vitae
1402 695 1501 729 dedit,
1522 705 1673 737 tamquam
1689 699 1823 737 pecuniae
1838 718 1847 732 ,
1866 698 1950 728 nulla
1967 696 2099 738 praefini-

1137 743 1165 764 ta
1183 734 1242 765 die.
1283 735 1365 776 quod
1385 735 1404 766 fi
1424 757 1433 771 ‚
1456 737 1527 767 cum
1550 739 1645 772 libet,
1670 740 1720 769 sua
1737 743 1842 780 repetit
1859 759 1868 774 ,
1898 750 1931 770 ea
1947 739 2101 770 conditio·

1137 786 1175 806 ne
1196 778 1406 812 commodata,
1427 788 1459 808 ut
1476 779 1655 810 restituenda
1674 779 1753 814 sint,
1774 792 1825 812 cur
1845 782 1993 812 accusatur
2012 784 2022 810 ?
2049 790 2098 812 aut

1137 827 1192 848 cur
1210 829 1274 849 non
1292 821 1393 860 potius
1414 828 1524 851 naturae
1543 824 1647 862 gratias
1664 825 1725 863 agis
1746 843 1754 856 ,
1782 821 1863 864 quod
1885 843 1893 856 ,
1916 823 1988 854 cum
2008 823 2100 853 citius

1136 859 1278 899 potuiss'et
1292 882 1301 895 ,
1322 861 1435 892 tardius
1453 865 1623 903 repetierit,
1643 867 1732 904 quam
1746 884 1753 897 ,
1772 865 1855 905 quod
1873 864 2034 906 aliquando
2048 871 2097 895 re-

1135 904 1252 942 petierit
1272 923 1281 937 ,
1305 903 1413 939 iniusta
1431 905 1548 945 querela
1568 906 1732 946 insequeris
1755 909 1764 935 ἒ·
1792 915 1906 937 certum
1928 906 1971 937 est
1989 909 2073 937 enim
2086 928 2095 941 ‚

1136 954 1198 974 non
1209 944 1362 975 habitandi
1375 945 1478 976 locum
1490 966 1499 980 ,
1516 947 1561 976 sed
1574 947 1788 978 commorandi
1800 948 1997 979 diversorium
2011 968 2019 983 ‚
2036 959 2077 978 no
2086 967 2098 971 —

1142 986 1188 1016 bis
1209 985 1268 1016 effe
1280 986 1451 1017 conceffum
1469 999 1474 1017 :
1491 989 1507 1018 e
1521 989 1664 1029 quocum
1676 991 1861 1030 migramus,
1879 991 2003 1024 alacres,
2023 996 2099 1021 tarn-

1140 1038 1228 1068 quam
1241 1038 1279 1058 ex
1290 1029 1420 1069 hospitio
1431 1030 1619 1061 miseriarum
1630 1051 1639 1065 ,
1659 1039 1744 1072 atque
1754 1032 2023 1062 incommodorum
2035 1033 2100 1073 ple„

1138 1068 1261 1100 niffimo
1274 1091 1283 1104 ,
1303 1071 1403 1111 egredi
1421 1071 1566 1102 debemus
1578 1092 1586 1105 ‚
1604 1083 1637 1104 ac
1647 1072 1794 1103 laetiffimo
1803 1075 1908 1103 animo
1919 1073 2097 1105 adfuturam

1140 1113 1232 1142 vitam
1245 1132 1254 1145 ,
1278 1121 1431 1153 tamquam
1453 1113 1488 1144 ad
1498 1116 1620 1154 patriam
1633 1134 1641 1148 ,
1662 1115 1790 1145 evolare.
1814 1115 1895 1156 quod
1910 1117 2053 1154 sapientes
2065 1121 2097 1146 re

1140 1154 1200 1193 ipsa
1218 1153 1382 1194 piaestitiffe
1404 1165 1620 1186 memorantur.
1642 1155 1780 1196 profer
1802 1159 1905 1191 enim,
1930 1156 2031 1199 siquid
2042 1157 2095 1192 est.

1136 1196 1219 1235 quod
1241 1205 1405 1226 morientes
1416 1197 1586 1237 perturbet,
1604 1206 1655 1228 aut
1668 1201 1869 1228 morientium
1881 1197 1985 1229 affines
1996 1200 2098 1231 habeat

1138 1237 1282 1268 sollicitos
1293 1258 1303 1271 ,
1326 1238 1357 1268 id
1375 1248 1475 1268 totum
1495 1248 1544 1270 aut
1566 1249 1604 1269 ex
1614 1239 1683 1270 falsa
1693 1240 1819 1281 quadam
1832 1242 1979 1280 opinione
1988 1243 2096 1274 oritur.

1137 1279 1220 1320 quod
1230 1281 1298 1310 vitae
1309 1280 1398 1320 hujus
1411 1281 1499 1311 usum
1512 1284 1608 1311 nimis
1618 1283 1722 1312 utilem
1734 1302 1742 1316 ,
1754 1283 1961 1322 acjucuudum
1973 1283 2098 1313 arbitre-=

1139 1331 1207 1351 mur
1228 1341 1238 1355 ,
1258 1331 1308 1352 aut
1327 1331 1364 1351 ex
1386 1324 1485 1352 nimio
1508 1325 1538 1353 in
1558 1323 1758 1364 nosmetipsos
1775 1334 1898 1358 amore,
1917 1325 2096 1366 caritateque

1136 1364 1285 1402 provenit.
1307 1363 1364 1394 Sed
1383 1365 1564 1404 opinionem
1583 1365 1667 1395 illam
1683 1386 1691 1399 ‚
1716 1376 1806 1407 quam
1822 1369 1951 1396 rationes
1960 1366 2035 1396 adeo
2046 1366 2098 1396 fir-

1137 1414 1194 1434 mae
1205 1405 1404 1439 convellunt,
1425 1406 1555 1436 libenter
1573 1407 1723 1447 deponere
1734 1407 1894 1438 debemus:
1908 1408 1944 1438 ab
1955 1409 2012 1438 hoc
2021 1408 2094 1438 vero

1137 1456 1239 1477 amore
1259 1450 1360 1476 nimio
1377 1455 1460 1477 tanto
1478 1447 1622 1478 libentius
1633 1449 1790 1479 abliorrere
1803 1470 1811 1482 ‚
1833 1457 1946 1490 quanto
1955 1450 2100 1480 indecen-

1136 1489 1194 1518 tius
1214 1487 1256 1518 est
1267 1509 1276 1522 ,
1298 1491 1366 1519 vitae
1389 1498 1514 1519 munere
1523 1490 1697 1530 paranetos
1707 1491 1784 1520 velle
1794 1493 1884 1522 etiam
1894 1493 1925 1521 in
1937 1494 2012 1525 vita,
2035 1492 2097 1522 diis

1135 1532 1259 1563 invitis,
1279 1533 1464 1560 commorari
1479 1541 1484 1559 ;
1505 1541 1765 1572 communemque
1776 1535 1919 1562 omnium
1934 1553 1943 1566 ,
1964 1534 2096 1574 quiante

1135 1580 1193 1600 nos
1213 1571 1230 1600 ὀ
1248 1572 1309 1601 vita
1326 1569 1536 1606 discesserunt,
1558 1574 1768 1603 conditionem
1786 1573 1932 1604 recusare:
1956 1574 2092 1606 demum,

1136 1620 1214 1642 tanta
1235 1611 1294 1642 effe
1314 1613 1468 1646 mollitie,
1489 1623 1624 1655 tantaque
1637 1615 1845 1655 impudentia,
1866 1624 1898 1646 ut
1907 1618 1986 1646 neiri
1999 1625 2097 1646 morte

1135 1654 1259 1694 quidem
1280 1653 1522 1690 confirmemur,
1540 1666 1573 1687 ac
1590 1655 1802 1697 resipiscamus.
1826 1656 1918 1698 Qod
1937 1656 1957 1687 fi
1976 1656 2096 1688 nostroe

1135 1705 1202 1725 rum
1214 1705 1344 1725 mortem
1355 1697 1513 1730 dolemus,
1525 1699 1696 1739 cogitemus
1714 1699 1876 1739 aliquando
1894 1700 2094 1731 moriendum·

1134 1735 1202 1777 ipsis
1212 1735 1299 1767 tuifl‘e
1313 1747 1318 1764 τ
1331 1746 1463 1768 mortem
1474 1746 1574 1769 autem
1586 1743 1729 1770 incertam
1742 1739 1801 1770 elle
1811 1760 1820 1774 ,
1846 1743 1943 1771 necin
1955 1742 2097 1772 hominis

1134 1778 1257 1808 arbitrio
1278 1777 1401 1818 positam
1414 1799 1423 1813 ,
1446 1780 1495 1811 sed
1512 1780 1528 1810 ὲ
1547 1780 1675 1811 deorum
1694 1783 1850 1813 voluntate
1859 1781 2095 1824 penderezquos

1135 1819 1206 1850 vero
1229 1821 1367 1861 lugemus
1378 1840 1386 1854 ‚
1410 1830 1462 1850 eos
1481 1832 1602 1863 quoque
1617 1823 1740 1854 suorum
1752 1832 1885 1855 mortem
1896 1823 2021 1859 vidisse,
2041 1834 2094 1866 pa—

1133 1864 1301 1902 tienterque
1322 1861 1420 1892 tulisse
1435 1863 1581 1904 :ideoque
1603 1864 1655 1895 suo
1663 1866 1806 1906 exemplo
1819 1886 1827 1900 ‚
1847 1867 1920 1907 quid
1932 1876 1988 1897 nos
1999 1866 2094 1898 facere

1134 1904 1231 1934 velint
1253 1923 1261 1938 ‚
1284 1906 1440 1944 praecipere
1460 1915 1466 1934 2
1487 1905 1616 1947 denique
1634 1926 1643 1941 ‚
1663 1906 1694 1937 id
1713 1907 1795 1948 quod
1814 1908 1849 1938 ad
1868 1908 2090 1940 consolandum

1135 1948 1307 1976 maximum
1320 1966 1328 1980 ,
1349 1956 1381 1976 ac
1402 1944 1606 1978 firmiffimum
1626 1947 1688 1982 est,
1707 1959 1772 1979 non
1791 1959 1844 1980 eos
1863 1950 1954 1981 nobis
1970 1952 2093 1992 penitus

1132 1996 1248 2028 ereptos
1258 1986 1316 2018 ess‘e
1328 2007 1336 2021 ‚
1358 1997 1413 2018 nec
1424 1988 1542 2029 prorsus
1552 1989 1675 2020 amissos
1686 2010 1695 2025 ‚
1715 1991 1763 2021 sed
1772 1991 1806 2021 ad
1817 1990 1999 2032 praefinitum
2011 1999 2091 2023 tem-

1135 2039 1190 2070 pus
1213 2031 1228 2060 a
1251 2028 1359 2059 nostris
1382 2031 1479 2061 oculis
1498 2051 1506 2064 ‚
1536 2031 1694 2073 nostraque
1711 2033 1927 2064 consuetudine
1947 2043 2091 2065 remotos.

1133 2075 1249 2112 itaque,
1270 2071 1343 2101 cum
1367 2072 1403 2102 ad
1423 2082 1493 2102 eum
1511 2075 1580 2104 vitae
1593 2077 1758 2105 terminum
1771 2095 1779 2108 ‚
1799 2085 1889 2116 quem
1901 2085 2002 2106 natura
2014 2086 2090 2116 prae-

1134 2112 1244 2153 scripsit
1255 2133 1263 2147 ‚
1276 2123 1332 2143 nos
1342 2123 1462 2155 quoque
1472 2118 1700 2155 pervenerimus
1710 2136 1718 2149 ,
1740 2115 1839 2147 statim
1850 2127 1955 2148 eorum
1964 2118 2092 2148 consue-

1132 2156 1270 2185 tudinem
1281 2155 1497 2197 regustabimus
1508 2176 1516 2190 ,
1536 2157 1570 2187 δε
1581 2157 1616 2188 ad
1628 2157 1826 2189 suavissirnam
1839 2159 1886 2189 vel
1897 2160 2091 2190 consuetudi-

1133 2207 1223 2231 nem,
1243 2197 1291 2227 vel
1309 2197 1488 2228 conviaum
1509 2199 1685 2230 redibimus.
1709 2202 1842 2231 Mortem
1864 2202 1924 2231 suis
1940 2201 2088 2234 acerbam,

1131 2248 1321 2279 amatamque
1333 2241 1366 2269 iii
1378 2240 1539 2271 moriendo
1550 2239 1607 2271 ess'e
1617 2261 1626 2276 ‚
1649 2242 1792 2273 nonnulli
1804 2242 1991 2277 existimant,
2003 2245 2095 2284 atqu‘e'

1130 2281 1198 2311 ideo
1208 2279 1328 2311 fortasse
1336 2282 1541 2321 perturbantur
1551 2303 1560 2316 ‚
1572 2283 1653 2324 quod
1665 2294 1714 2314 me
1726 2284 1848 2325 quidem
1861 2304 1870 2318 ,
1891 2285 2015 2315 sublatis
2023 2288 2091 2326 gra-

1129 2323 1265 2353 vioribus
1283 2323 1407 2353 dolendi
1426 2322 1538 2357 caufis,
1562 2334 1634 2366 quas
1649 2326 1713 2365 jam
1734 2326 2087 2366 superioridisputatione

1129 2366 1287 2402 rejecimus
1309 2384 1317 2398 ‚
1345 2366 1478 2396 minime
1508 2370 1598 2408 angit.
1615 2367 1676 2407 ipse
1698 2370 1782 2398 enim
1804 2367 1933 2398 diceffus
1954 2370 2050 2398 animi
2069 2368 2087 2399 a

1128 2414 1252 2446 corpore
1261 2408 1308 2437 vel
1317 2416 1387 2436 curn
1403 2408 1489 2438 nullo
1501 2428 1509 2442 ,
1521 2410 1568 2438 vel
1578 2410 1657 2439 certe
1667 2413 1735 2440 cum
1748 2410 1872 2440 modico
1881 2410 1987 2440 dolore
1999 2409 2041 2444 fit,
2053 2410 2088 2440 δί’

1129 2449 1280 2479 interdum
1303 2446 1363 2478 sine
1383 2449 1467 2479 sensu
1482 2459 1731 2491 :nonnumquam
1754 2455 1845 2482 etiam
1858 2472 1866 2486 ‚
1888 2451 1907 2481 si
1920 2451 1999 2482 ῐεᾶὲ
2013 2452 2090 2492 sapi-

1131 2500 1199 2520 mus
1213 2510 1222 2525 ,
1243 2499 1314 2520 cum
1326 2491 1488 2531 voluptate.
1511 2491 1567 2522 Sed
1580 2493 1727 2534 quidquid
1738 2492 1782 2527 sit,
1793 2502 1890 2524 totum
1903 2494 1960 2524 hoc
1971 2496 2010 2525 ita
2022 2494 2089 2524 leve

1131 2531 1193 2566 est',
1212 2532 1310 2573 qualia
1328 2533 1397 2562 sunt
1414 2543 1462 2567 ea,
1484 2544 1550 2574 quae
1569 2534 1685 2574 pun&o
1705 2538 1848 2575 temporis
1859 2534 1943 2566 fiunt.
1967 2544 2042 2569 nec,
2066 2533 2092 2565 si·

1132 2575 1214 2604 mors
1238 2574 1339 2614 paullo
1350 2574 1471 2615 longior
1479 2577 1566 2606 alicui
1576 2579 1730 2618 contingat
1740 2597 1748 2611 ,
1767 2578 1984 2618 desperandum
1996 2575 2038 2608 est
2051 2576 2093 2608 de'

1130 2616 1254 2646 deorum
1268 2636 1276 2649 ,
1288 2620 1457 2657 naturaeque
1468 2617 1650 2658 benignitate
1663 2639 1671 2652 ,
1682 2622 1757 2659 quin
1767 2626 1804 2649 eo
1815 2629 1936 2660 quoque
1951 2621 2093 2660 tempore

1130 2663 1338 2698 properantem
1349 2657 1365 2687 ὲ
1375 2660 1434 2688 vira
1443 2659 1591 2689 discedere
1600 2659 1734 2693 foveant,
1745 2669 1832 2702 atque
1842 2662 1981 2692 allevent.
2001 2663 2091 2701 cujus'

1114 2705 1115 2708 ’
1131 2701 1173 2730 rei
1190 2702 1222 2729 in
1242 2699 1443 2730 morientibus
1458 2699 1612 2741 saepiffime
1624 2700 1703 2743 signa
1713 2704 1845 2733 minime
1859 2703 2089 2734 dubiacernunz

1133 2751 1178 2771 tur
1191 2752 1196 2770 :
1209 2740 1281 2771 cum
1304 2741 1388 2772 velut
1406 2742 1422 2772 ὲ
1442 2741 1653 2774 somnoexciti
1668 2763 1677 2778 ‚
1697 2752 1757 2785 quo
1767 2754 1904 2785 tempore
1915 2749 2091 2776 extremum·

1114 2794 1115 2797 ¹
1133 2783 1267 2823 spiritum
1281 2782 1388 2813 edituri
1401 2783 1468 2814 sunt
1478 2804 1486 2818 ,
1500 2786 1538 2814 ita
1547 2785 1709 2827 gaudentes
1720 2787 1752 2817 &
1761 2787 1870 2817 alacres
1880 2788 2021 2827 aspiciunt
2035 2807 2043 2821 ‚
2055 2789 2093 2818 ut*

1134 2823 1326 2855 libentissime
1343 2825 1459 2864 judices
1477 2826 1494 2855 ὲ
1515 2828 1575 2857 vita
1585 2826 1743 2868 proficisci.
1767 2827 1965 2870 quamobrem
1978 2839 2014 2859 ne
2026 2830 2088 2860 haec

1131 2867 1256 2908 quidem
1277 2867 1369 2897 ullam
1383 2876 1499 2907 aequam
1510 2867 1624 2899 doloris
1634 2868 1737 2900 afferre
1746 2871 1863 2902 causam
1875 2866 1995 2911 possunt
2006 2891 2014 2905 ‚
2033 2872 2088 2912 qui

1132 2910 1210 2939 certe
1233 2909 1481 2948 comprimendus
1499 2919 1533 2940 ac
1551 2912 1737 2942 minuendus
1755 2911 1816 2953 est,
1837 2912 1918 2954 quod
1931 2933 1940 2946 ,
1956 2914 2053 2944 etiam
2065 2911 2087 2942 fi

1132 2953 1213 2980 nolis
1224 2970 1232 2984 ‚
1245 2960 1380 2990 tempore
1391 2960 1491 2981 tamen
1502 2950 1565 2991 ipso
1577 2958 1753 2984 extenuatur
1763 2974 1771 2988 ,
1790 2954 1823 2985 ὃς
1832 2955 1995 2985 evanescit:
2009 2964 2093 2988 nont

1132 2992 1214 3034 quod
1233 2992 1392 3022 minuendi
1412 2993 1527 3023 doloris
1542 2996 1628 3025 visin
1644 2996 1703 3036 ipsa
1713 2996 1762 3026 die
1772 2995 1864 3037 posita
1873 2995 1906 3027 sit
1917 3017 1925 3030 ‚
1945 2997 1993 3027 sed
2005 2994 2091 3037 quod

1132 3035 1200 3064 usus
1223 3035 1285 3074 ipse
1304 3054 1312 3068 ,
1331 3036 1530 3076 cogitatioque
1548 3036 1684 3068 diuturni
1704 3044 1849 3079 temporis
1869 3039 1990 3071 doceat,
2013 3036 2093 3067 nihil

1131 3074 1190 3108 ess'e
1199 3077 1232 3108 in
1241 3085 1338 3108 morte
1349 3076 1435 3109 mali,
1447 3076 1573 3118 ideoque
1582 3079 1693 3112 leviter
1701 3099 1710 3116 ,
1723 3080 1755 3112 &
1762 3083 1909 3123 patienter
1917 3079 2092 3150 ferendami‘

1376 3121 1425 3150 Aa
1435 3128 1451 3151 a
1459 3128 1475 3151 a
1484 3129 1499 3152 a
1509 3130 1524 3152 a
1533 3130 1549 3152 a
1557 3130 1573 3152 a
1594 3130 1614 3152 2
2032 3124 2076 3152 Sc·
