2337 3400
135 116 239 178 694
546 110 616 155 M.
695 106 745 152 T
783 118 816 149 u
851 117 881 147 L
917 116 946 147 r.
982 116 1004 145 v1
1041 115 1058 144 1

143 189 208 219 culc
221 187 383 218 collocutio
398 183 495 215 nostra
507 203 514 216 ‚
535 182 629 221 pluris
649 181 721 212 0111,
742 186 832 218 quam
847 183 956 205 omnes
966 176 1102 204 Samaro-

1138 98 1680 147 CrcERoN1s

1148 172 1269 202 mallem
1284 182 1356 201 auro
1369 191 1378 204 ‚
1400 181 1455 202 aere
1465 191 1474 205 ‚
1494 182 1615 213 argento
1626 193 1634 207 ‚
1649 172 1751 204 essent.
1775 171 1830 204 Sed
1841 170 2104 212 3113310031)1111111-.

144 231 245 261 brivx.
272 230 411 268 Denique
425 246 432 260 ‚
454 225 473 254 [1
486 224 547 254 cito
559 234 585 254 te
599 222 751 253 retuleris:
771 220 869 249 sermo
884 217 987 246 nullus
997 217 1061 244 erit.
1085 211 1104 242 sl
1148 216 1198 244 Tu
1217 213 1252 244 ad
1273 223 1321 243 me
1331 213 1368 243 de
1380 213 1538 243 istisrebus
1547 216 1693 246 omnibus
1707 215 1813 246 scribas
1823 215 1918 245 velim
1930 215 2021 246 uuam
2035 215 2106 245 dili-

147 272 261 301 diutius
277 268 381 299 frustra
397 266 543 298 abfueris:
565 275 626 295 non
643 261 736 293 modo
750 260 932 291 Laberium,
954 256 998 287 sed
1017 257 1105 286 etiam
1148 253 1328 297 gentiffime.
1352 255 1399 285 Ad
1413 264 1486 284 1111.
1499 257 1584 285 Non.
1596 259 1685 287 Mart.
1938 248 1949 256 ⁴

149 312 279 343 [01110111
291 309 431 340 nostrum
442 309 597 338 Valerium
608 304 794 346 pertimesco.
826 303 904 330 Mira
913 301 997 329 enirn
1007 297 1108 338 perso-

149 364 187 383 na
197 353 300 382 induci
311 351 406 392 potest
417 351 580 381 Britannici
592 346 796 385 jureconsulti.
822 345 896 372 Haec
915 351 970 382 ego
988 349 1051 370 non
1070 340 1108 368 ri-

151 394 208 425 deo
221 415 227 426 ,
240 396 377 434 quamvis
387 403 418 423 tu
430 392 539 422 rideas:
556 391 603 421 sed
614 390 690 420 dere
701 384 878 418 severiffima
889 392 989 414 tecum
1002 403 1010 415 ,
1024 390 1055 411 ut
1064 381 1110 411 so-

150 437 198 466 lco
209 456 217 468 ‚
228 437 322 475 jocor.
346 438 483 466 Romoto
492 435 562 474 joco
574 453 582 466 ,
596 432 651 462 tibi
663 433 720 460 hoc
732 425 913 459 amiciffimo
923 427 1028 456 animo
1038 433 1111 463 prae—

150 487 231 517 cipio
243 498 251 511 ,
272 488 303 508 ut
314 498 322 511 ‚
344 476 364 506 [1
384 476 450 507 istic
469 486 535 505 mea
553 472 823 505 commendatione
837 477 918 498 tuam
933 467 1111 507 dignitatem

152 520 324 553 obtinebis,
341 518 470 559 perferas
481 516 575 548 nostri
586 513 782 546 desiderium:
808 508 993 540 honestatem
1003 528 1012 541 ‚
1026 506 1112 538 &fa-

153 562 279 592 cultates
298 571 362 591 tuas
373 570 488 602 augeas.
512 557 555 589 sin
564 567 664 588 autem
675 555 728 586 ista
736 552 1030 596 fi·igebunt‚recipias
1041 559 1067 579 te
1077 548 1111 578 ad

152 613 220 633 nos.
245 606 356 634 Omnia
369 612 470 634 tamen
481 622 489 635 ‚
508 611 574 642 quae
595 601 640 630 vis
652 619 661 633 ,
683 598 716 628 &
726 606 776 628 tua
785 598 893 626 virtute
902 590 1039 634 professio
1051 610 1059 625 ‚
1081 591 1114 621 δε

153 644 255 676 nostro
267 646 390 676 summo
401 654 466 685 erga
476 653 503 674 te
514 642 614 674 studio
625 640 816 681 consequere.

387 694 581 725 CICERO
610 688 895 722 TREBATIO.

270 743 284 771 Ι
294 751 313 771 t<
325 750 347 770 A
357 751 374 770 B
386 749 407 769 A
417 750 439 769 R
448 760 456 772 ,
468 738 542 780 quid
550 736 621 768 esset
632 757 639 770 ‚
652 735 732 777 quod
744 744 775 764 tu
787 734 864 762 mihi
875 732 987 761 litteras
997 729 1116 759 mittere

270 779 484 813 intermisisses.
515 780 664 810 Indicavit
681 778 760 807 mihi
776 775 865 805 Pansa
882 782 966 802 meus
980 792 988 804 ‚
1008 773 1117 810 Epicu-

156 835 242 855 reum
254 834 281 854 te
290 824 346 855 effe
357 824 482 856 [36111111.
506 825 532 852 O
543 821 630 852 castra
641 819 791 860 praeclara!
811 814 884 856 quid
900 823 929 844 tu
943 811 1058 843 fecisses
1069 832 1076 845 ,
1098 809 1118 840 si

156 876 184 897 te
197 870 382 900 Tarentum,
404 866 436 896 &
454 875 517 895 non
526 863 766 894 Samarobrivam
785 855 951 888 misissem?
969 856 1037 896 Jam
1053 863 1118 884 tum

157 910 237 938 mihi
253 919 317 939 non
332 908 466 949 placebas
475 928 486 940 .,
509 904 672 936 cumidem
685 901 839 932 intuebare
850 919 858 934 ,
878 896 960 938 quod
972 897 1117 926 &Titius

154 950 317 980 nmilia-:is
328 960 423 980 meus.
445 948 500 978 Sed
519 956 654 988 quonam
673 943 769 974 modo
789 943 835 980 jus
856 940 946 971 civile
965 937 1118 970 defendes,

159 992 232 1023 curn
244 995 349 1022 omnia
359 1001 406 1022 tua
417 991 499 1021 causa
510 989 598 1019 facias
608 1008 616 1021 ‚
637 997 701 1017 non
713 987 829 1016 civium
844 986 855 1013 ?
877 981 939 1012 Ubi
958 979 1048 1020 porro
1068 979 1120 1008 illa

160 1037 218 1065 erit
245 1033 377 1064 formula
405 1031 521 1062 fiducia:
549 1051 557 1064 ,
589 1040 634 1060 ur
654 1037 761 1058 mrim
780 1035 881 1056 Bonos
902 1032 989 1052 BENE.
1012 1030 1120 1051 Aetna

161 1079 333 1106 OPORTET?
357 1079 366 1094 ¹
378 1075 453 1114 Qis
465 1075 549 1103 enim
559 1071 604 1102 est
615 1091 623 1106 ‚
644 1072 696 1111 qui
705 1069 775 1100 facit
785 1068 882 1101 1111111,
903 1063 956 1094 nisi
968 1064 1015 1094 sua
1025 1062 1121 1094 causa?

164 1118 254 1158 Qod
270 1119 314 1153 jus
327 1116 434 1147 statues
454 1123 621 1144 COMMUNt
639 1120 852 1143 mvmunno,
872 1117 943 1139 cum
956 1113 1121 1136 commune

162 1161 242 1189 nihii
252 1158 341 1199 possit
353 1157 410 1188 esse
419 1157 496 1197 apud
506 1165 558 1186 eos
569 1175 576 1189 ,
586 1156 639 1196 qui
649 1155 754 1184 omnia
765 1153 920 1190 voluptate
930 1148 980 1178 sua
990 1147 1124 1176 metiun-

165 1205 232 1230 tur?
255 1200 421 1242 Quomodo
433 1208 530 1230 autem
543 1198 598 1228 tibi
608 1196 755 1237 placebit,
773 1196 886 1236 Jovsiir
904 1198 1060 1219 LAPIDEM
1074 1188 1126 1226 ju-

160 1253 225 1272 rare
236 1264 244 1276 ‚
265 1253 336 1277 cum
351 1244 422 1273 scias
433 1262 440 1275 ‚
461 1242 571 1282 Jovem
590 1242 700 1269 iratum
715 1236 771 1267 ess'e
786 1235 904 1266 nemini
919 1229 1023 1271 poffe?
1043 1228 1125 1269 Qid

160 1286 252 1327 porro
275 1285 325 1316 fiet
339 1285 452 1325 populo
465 1283 621 1313 Ulubrano
631 1301 639 1316 ‚
661 1279 683 1311 [ι
698 1290 730 1311 tu
744 1279 877 1310 statueris
889 1296 897 1310 ‚
920 1272 1126 1310 πολιτέϋεῶα]

163 1339 229 1359 11011
241 1333 395 1368 oportere?
417 1329 513 1364 Quare
523 1323 544 1354 si
553 1323 641 1365 plane
653 1323 668 1352 a
679 1322 768 1353 nobis
778 1318 893 1352 deficis,
914 1315 1040 1347 moleste
1052 1315 1126 1345 fero:

165 1370 211 1400 fin
221 1370 320 1401 Pansae
329 1367 466 1400 assentari
475 1365 679 1397 commodum
689 1363 731 1394 est
743 1384 750 1396 ,
763 1362 887 1404 ignosco
899 1371 905 1389 1
925 1362 939 1379 2
951 1357 1046 1389 modo
1058 1358 1129 1387 scri-

162 1412 202 1442 be
212 1411 373 1453 aliquando
383 1410 418 1441 ad
430 1419 486 1440 nos
498 1430 507 1443 ‚
520 1408 592 1449 quid
604 1417 669 1449 agas
681 1416 687 1436 :
708 1406 740 1436 &
750 1425 759 1440 ,
775 1408 791 1435 3
802 1404 891 1434 nobis
900 1401 974 1443 quid
985 1399 1050 1430 fieri
1059 1419 1068 1434 ‚
1079 1407 1130 1430 aut

165 1457 260 1485 curari
273 1454 357 1485 velis.

317 1502 565 1534 MCICERO
586 1501 672 1530 S.D.
695 1496 980 1529 TREBATIO.

268 1552 298 1579 D
310 1559 330 1578 E
339 1547 358 1578 ὸ
370 1558 389 1577 N
402 1558 421 1578 E
431 1557 480 1576 me
490 1545 636 1583 injustum
646 1543 704 1574 effe
714 1540 943 1574 existimasti‚ut
954 1539 1010 1570 tibi
1021 1539 1130 1569 irasce-

258 1601 326 1624 rer,
347 1589 429 1631 quod
438 1597 544 1628 parum
556 1587 633 1617 mihi
644 1585 796 1618 constans,
810 1585 841 1614 &
853 1584 987 1613 nimium
997 1579 1124 1620 cupidus

171 1633 337 1663 decedendi
347 1631 480 1661 viderere
490 1649 498 1663 ,
519 1629 560 1659 ob
574 1637 699 1669 eamque
714 1627 830 1658 causam
842 1635 892 1655 me
905 1623 1071 1654 arbitrarere
1083 1623 1131 1651 lit-

171 1684 247 1704 teras
268 1674 303 1704 ad
323 1683 351 1703 te
370 1671 488 1712 jamdiu
506 1681 571 1701 non
592 1668 723 1699 misiffe?
743 1668 822 1698 Mihi
842 1665 1025 1707 perturbatio
1034 1664 1131 1695 animi

173 1718 217 1746 tui
230 1736 238 1750 ,
259 1726 347 1757 quam
358 1715 465 1754 primis
476 1713 584 1742 litteris
593 1710 806 1751 perspiciebam
818 1730 826 1742 ‚
839 1705 1010 1738 molestiam
1020 1705 1130 1736 attulit.

174 1760 284 1798 Neque
311 1757 367 1786 alia
386 1755 446 1785 ulla
464 1753 523 1784 fuit
544 1757 556 1781 3
577 1754 659 1783 causa
677 1749 905 1782 intermiffionis
919 1747 1132 1788 epistolarum,

174 1798 231 1830 nisi
249 1798 350 1840 quod,
369 1797 421 1826 ubi
439 1794 512 1826 esses
528 1815 536 1828 ‚
556 1795 645 1834 plane
668 1793 846 1824 nesciebam.
870 1789 969 1821 Hictu
981 1799 1031 1819 me
1044 1790 1135 1818 etiam

173 1840 329 1871 insimulas
340 1859 349 1872 ‚
376 1848 431 1868 nec
442 1835 678 1868 satisfaGtionem
689 1845 788 1865 meam
799 1834 916 1873 accipis.
939 1831 1032 1863 Audi,
1047 1828 1137 1860 Testa

176 1885 221 1913 mi
234 1903 242 1917 ‚
267 1886 379 1912 Utrum
398 1878 603 1919 superbiorem
612 1887 639 1907 te
651 1878 777 1917 pecunia
785 1875 856 1906 facit
865 1894 874 1908 ,
896 1883 933 1904 an
942 1872 1024 1914 quod
1035 1881 1062 1901 te
1076 1873 1137 1901 im-

172 1935 289 1966 perator
297 1923 429 1954 consulit
448 1923 459 1950 ?
475 1922 604 1953 Moriar,
626 1923 679 1953 ni,
702 1926 830 1959 quaetua
838 1917 932 1957 gloria
943 1913 1004 1948 est,
1025 1922 1099 1953 puto
1109 1922 1138 1943 te

175 1967 268 1996 malle
281 1968 298 1996 a
307 1965 417 1996 Caesare
426 1962 544 1993 consuli
557 1981 566 1996 ,
585 1962 677 2002 quam
688 1962 825 1991 inaurari.
849 1959 879 1989 Si
889 1955 963 1987 vero
975 1965 1138 1996 utrumque

175 2008 220 2039 est
230 2019 236 2038 ι
248 2010 316 2049 quis
326 2017 354 2037 te
363 2006 447 2038 feret,
457 2013 559 2044 praeter
569 2013 629 2036 me,
643 2005 694 2043 qui
708 2003 813 2032 omnia
821 2000 899 2030 ferre
908 1997 1027 2038 poss'um
1040 2001 1051 2026 ἓ
1067 1996 1135 2029 Sed,

177 2060 212 2081 ut
222 2051 257 2080 ad
271 2059 338 2079 rem
350 2048 468 2078 redeam
479 2066 486 2080 ,
510 2054 538 2076 te
549 2044 613 2075 istic
623 2047 758 2074 invitum
770 2053 835 2073 non
845 2040 904 2072 effe
913 2061 922 2074 ,
942 2042 1140 2070 vehementer

177 2092 293 2133 gaudeo
309 2091 372 2123 :&‚
384 2087 502 2119 utillud
517 2096 576 2117 erat
585 2085 748 2117 molestum
761 2105 770 2118 ,
785 2083 822 2115 fic
832 2085 890 2113 hoc
899 2081 1132 2122 estjucundum.

181 2132 321 2164 Tantum
343 2140 468 2163 metuo,
488 2139 526 2159 ne
544 2127 705 2159 artificium
728 2136 819 2158 tuum
839 2126 894 2157 tibi
911 2133 1018 2165 parum
1036 2121 1138 2163 profit.

182 2177 265 2205 Nam
277 2176 317 2204 ita
325 2173 415 2203 audio
426 2171 490 2202 istic

225 2219 292 2246 Non
310 2226 343 2245 ex
354 2216 419 2253 jure
434 2223 522 2243 maim
538 2213 691 2253 consertum
701 2231 710 2245 ‚
722 2211 773 2251 scd
790 2210 880 2251 magis
889 2208 965 2248 ferro

226 2262 298 2288 Rem
315 2264 450 2297 repetunt.

185 2304 227 2333 Et
248 2309 280 2330 tu
297 2299 373 2330 soles
383 2298 418 2328 ad
429 2299 493 2327 vim
503 2295 677 2326 faciundam
686 2294 843 2324 adhiberi?
864 2302 963 2333 neque
973 2291 1015 2322 est
1028 2310 1037 2325 ,
1061 2289 1144 2331 quod

186 2343 272 2374 illam
293 2342 504 2380 excePtionem
523 2340 555 2366 in
575 2335 736 2366 111101111ἃο
754 2334 945 2374 pertimescas
965 2343 971 2361 :
994 2331 1110 2371 ¹*an
1124 2342 1145 2360 D

187 2394 239 2416 TU
286 2391 423 2413 Paion
456 2390 498 2410 vr
530 2385 786 2408 nomismatis
819 2383 1026 2404 ARMATIS
1059 2381 1145 2401 NON

186 2437 206 2457 v
220 2436 238 2455 ε
249 2436 269 2455 N
282 2435 301 2454 E
313 2435 335 2454 R
349 2435 359 2454 1
372 2433 394 2453 s.
417 2425 485 2453 Scio
500 2423 596 2453 enim,
608 2428 634 2449 te
646 2428 710 2448 nori
720 2415 777 2448 effe
787 2425 944 2456 procacem
964 2411 1147 2444 1013006011-

187 2469 237 2498 do.
261 2466 336 2500 Sed,
359 2475 390 2496 ut
410 2473 465 2504 ego
483 2472 603 2503 quoque
625 2470 652 2491 te
673 2459 788 2500 aliquid
805 2457 986 2488 admoneam
996 2455 1033 2485 de
1043 2454 1149 2484 vestris

187 2508 395 2541 cautionibus:
412 2509 557 2536 Treviros
576 2505 653 2533 vites
673 2501 790 2532 cense0.
809 2499 900 2530 audio
919 2497 1069 2539 capitaleis
1078 2494 1147 2526 effe.

233 2622 241 2638 1
250 2633 255 2637 .
274 2612 331 2643 Qis
341 2612 401 2634 enim
410 2610 455 2638 eff,
465 2608 574 2640 qmsacit
584 2605 646 2629 mlitl
652 2605 707 2636 m'JiJ
713 2601 745 2628 uA
755 2601 853 2635 causti]
876 2600 940 2625 Haec
951 2599 1030 2624 verba.
1039 2599 1076 2623 ita
1086 2606 1150 2623 con-

192 2657 266 2684 cepta
281 2652 339 2672 lunt
349 2645 374 2670 in
388 2643 444 2669 Pal.
464 2644 491 2669 in
501 2643 583 2668 Grut.
593 2639 626 2666 ad
637 2639 783 2673 marginem
796 2656 805 2669 ,
826 2645 886 2664 nam
897 2634 990 2661 seriem
1001 2632 1054 2669 ipsa
1071 2632 1151 2659 desti-

192 2692 272 2710 tuunt
282 2684 307 2708 in
319 2679 482 2706 editionibus
495 2697 502 2709 ,
516 2677 602 2713 prima
611 2684 640 2702 ac
651 2674 817 2702 victoriana.
837 2673 911 2700 Ante
926 2670 1056 2698 edebatur
1067 2689 1076 2702 ‚
1094 2669 1153 2702 Qis

194 2730 254 2745 enim
264 2721 298 2744 tf?
306 2720 388 2747 boum,
399 2717 507 2750 qrtijkxcit
517 2714 587 2739 nihil.

199 2780 203 2781 .
232 2768 259 2784 ι.
279 2758 364 2786 &laiso
375 2758 452 2791 scribe
470 2753 623 2788 aliquando]
644 2753 685 2778 Ita
697 2751 754 2778 Pal.
767 2759 807 2787 pr.
821 2750 902 2776 Grut.
923 2747 1040 2775 visioni
1057 2745 1155 2774 editio.

197 2795 223 2820 ὃς
245 2794 365 2819 oninium
385 2790 562 2827 antiquiffnna
583 2788 708 2815 scribunt.
730 2787 810 2822 vulgo
828 2786 932 2819 scribas.
954 2784 1028 2810 Sicut
1047 2784 1073 2809 &
1086 2779 1154 2809 illud

197 2830 353 2857 succimftius
367 2848 374 2859 ,
393 2828 408 2854 ir
419 2828 481 2854 nobis
490 2827 548 2861 qmd
557 2828 613 2859 ficri
624 2832 666 2850 aut
675 2826 759 2850 curari
766 2824 843 2854 mlix,-
864 2830 925 2848 cum
934 2820 1028 2847 edatur
1041 2838 1048 2851 ,
1066 2818 1081 2845 ἂ
1093 2818 1155 2845 nobis

197 2867 257 2901 quid
266 2865 434 2898 agi,qm·dficri
444 2870 486 2889 aut
496 2865 580 2888 curari
588 2862 660 2887 velis.
672 2859 914 2894 stewecli.quoque
924 2857 972 2884 illa
980 2856 1034 2882 duo
1044 2864 1096 2882 11011
1109 2864 1156 2881 nc-

197 2901 304 2929 cessaria
316 2899 440 2926 vocabula
449 2898 557 2935 spernit.

238 2952 264 2979 3.
283 2941 536 2975 Causainnrmiffionir
545 2937 715 2973 epistolarum]
737 2940 886 2963 Litterarum
896 2935 969 2962 alias.
990 2932 1033 2961 sed
1052 2933 1101 2959 1100
1120 2932 1155 2959 est

199 2989 233 3007 ex
246 2977 314 3005 Pau.
325 2979 437 3004 Gruter.
448 2976 580 3002 vittono.
591 2975 677 3002 statim
687 2974 742 3010 post
755 2993 763 3005 ,
775 2971 919 3008 transposui
933 2970 1023 3001 verba,
1032 2978 1068 2996 ex
1079 2967 1155 2995 Pala-

198 3018 257 3043 tino
271 3019 339 3044 (nam
351 3013 465 3047 primum
476 3018 592 3042 tantum,
605 3012 632 3037 8:
645 3010 834 3037 Gruterianum
845 3007 963 3044 persequi
974 3005 1081 3033 decrevi
1094 3025 1102 3036 ,
1121 3014 1156 3032 ex

198 3051 329 3088 temporis
337 3048 462 3084 augustiis
475 3067 482 3078 ‚
505 3056 564 3072 cum
576 3046 634 3081 quis
645 3046 727 3073 ceteri
746 3046 773 3072 iii
784 3045 861 3072 rebus
880 3044 956 3070 bonis
965 3043 1023 3069 fere
1042 3050 1154 3068 concur-

197 3096 269 3121 runt)
283 3087 311 3112 GC
322 3084 435 3112 Victorii
447 3082 564 3109 editione
574 3092 582 3113 5
593 3083 657 3113 Testa
666 3085 698 3108 mi
706 3094 714 3109 ,-
723 3082 786 3108 licet
795 3080 886 3117 pastun
897 3080 1010 3110 seratur,
1021 3081 1053 3104 nu'
1064 3079 1137 3111 Tksta.

255 3144 261 3150 .
283 3125 374 3158 Qon
387 3129 426 3146 τυ
440 3127 578 3145 paream
593 3137 600 3148 ,
621 3126 801 3146 HOMINIEUS
816 3124 956 3144 ARMATis
977 3123 1043 3142 NON
1056 3122 1156 3139 vcna-

197 3169 248 3189 Ris
256 3161 277 3195 .]
300 3160 340 3186 Ut
350 3155 504 3188 Medicaeus,
516 3154 669 3190 itaquoque
679 3153 735 3183 Pal.
748 3154 870 3189 concepit
882 3172 891 3186 ,
901 3160 986 3190 neque
997 3157 1158 3187 magnopere,

1383 313 1572 343 CICERO
1593 315 1875 346 TREBATIO.

1251 362 1282 405 ῌ
1294 369 1314 407 a
1327 369 1347 389 v
1359 369 1371 389 s
1385 369 1395 388 1
1410 369 1426 388 P
1436 368 1452 388 Ρ
1463 368 1486 389 u
1499 368 1511 388 s
1533 359 1652 405 Vettius
1675 380 1684 393 ‚
1704 363 1772 400 Cyri
1789 360 1943 392 310111108τί
1964 360 2088 391 libertus
2102 380 2111 394 ‚

1248 405 1318 432 tecit
1331 425 1338 436 ,
1362 409 1395 431 ut
1413 409 1440 430 te
1461 410 1524 430 non
1535 409 1750 431 immemorem
1761 413 1892 442 putarem
1905 405 1976 433 mei.
1988 403 2112 434 salutem

1156 454 1239 475 enim
1248 443 1346 474 verbis
1360 444 1418 473 tuis
1428 443 1504 471 mihi
1515 444 1672 472 nuntiarat.
1696 444 1789 474 Valde
1800 447 1858 482 jam
1877 445 1974 475 lautus
1985 455 2016 474 es
2029 466 2036 479 ‚
2057 446 2113 485 qui

1155 496 1272 527 gravere
1290 486 1400 515 litteras
1418 483 1454 513 ad
1473 493 1522 513 me
1535 483 1602 514 dare
1615 504 1623 517 ,
1645 485 1766 514 homini
1779 487 1940 525 praesertim
1954 487 2045 527 prope
2058 488 2115 516 do-

1158 527 1293 558 mestico.
1316 525 1407 568 Qod
1418 524 1438 554 [1
1450 525 1573 555 scribere
1587 526 1700 555 oblitus
1712 536 1741 556 es
1754 538 1759 556 1
1772 527 1876 557 minus
1886 529 1975 558 multi
1985 530 2045 568 jam
2058 549 2066 562 ‚
2081 537 2110 558 10

1155 570 1310 603 advocato,
1320 579 1373 599 cau
1379 568 1404 598 sa
1414 566 1527 597 cadent.
1539 566 1582 596 sln
1593 567 1685 597 nostri
1699 568 1811 598 oblitus
1823 578 1853 598 es
1866 579 1872 598 t
1884 569 1961 599 dabo
1971 579 2108 610 operam,

1160 622 1192 642 ut
1202 611 1276 642 istuc
1286 612 1407 641 veniam
1418 617 1485 639 ante
1495 630 1502 642 ‚
1513 609 1602 649 quam
1615 609 1703 649 plane
1715 619 1753 639 ex
1764 612 1867 640 animo
1879 619 1930 640 tuo
1940 611 2032 641 effluo
2043 623 2051 645 ·,
2071 609 2114 640 sm

1157 653 1330 684 aestivorum
1349 654 1442 682 timor
1455 660 1482 680 te
1493 650 1630 681 debilitat
1644 651 1775 692 :aliquid
1790 653 1924 693 excogita
1935 671 1944 686 ‚
1973 661 2005 682 ut
2017 651 2115 682 fecisti

1157 696 1193 727 de
1212 696 1370 726 Britannia.
1393 692 1473 724 Illud
1496 692 1619 733 quidem
1641 693 1823 733 perlibenter
1842 694 1943 724 audivi
1962 704 2000 723 ex
2009 694 2118 723 eodem

1159 736 1321 777 Chryfippo
1330 757 1337 769 ,
1348 745 1376 766 te
1391 733 1448 765 effe
1459 735 1563 765 Caesari
1578 734 1770 765 familiarem.
1794 735 1849 765 Sed
1861 735 2031 765 mehercule
2043 735 2120 764 rnal-

1158 780 1267 812 lem‚id
1279 778 1358 819 quod
1374 786 1432 807 erat
1442 779 1570 817 aequius,
1584 777 1620 806 de
1629 779 1687 806 tuis
1698 777 1785 807 rebus
1796 787 1832 807 ex
1844 779 1901 807 tuis
1911 778 2016 807 litteris
2027 777 2119 817 quam

1162 819 1316 867 saepi-ssime
1338 819 1559 861 cognoscerem.
1587 819 1678 860 Qod
1696 821 1775 849 certe
1795 821 1833 849 ita
1853 818 1957 852 fieret,
1983 817 2120 848 [11111113-

1162 862 1263 894 luisses
1282 861 1496 892 benivolentia:
1517 880 1524 894 ,
1547 860 1637 901 quam
1662 861 1764 891 litium
1780 862 1846 900 jura
1868 861 2040 901 perdiscere.
2064 858 2120 890 Sed

1165 907 1228 936 haec
1243 906 1334 945 jocati
1347 904 1448 934 sumus
1460 922 1467 936 ‚
1480 903 1512 932 &
1523 912 1575 932 tuo
1588 912 1671 932 more
1683 922 1691 936 ,
1705 904 1736 933 8:
1748 904 1893 933 nonnihil
1908 905 1998 932 etiam
2010 901 2121 932 nostro.

1162 950 1208 978 Te
1228 946 1311 977 valde
1320 954 1456 975 amamus
1467 963 1475 978 ,
1500 944 1613 985 nosque
1624 944 1638 975 a
1648 953 1675 974 te
1685 947 1778 975 amari
1787 954 1858 975 cum
1869 945 2013 975 volumus
2025 964 2034 978 ,
2055 952 2122 973 tum

1165 991 1254 1019 etiam
1266 986 1413 1018 confidim
1420 996 1462 1015 us.
1698 990 1701 991 ⁷

1399 1037 1586 1066 CICERO
1608 1037 1742 1066 TREB
1756 1039 1890 1067 ATIO.

1268 1087 1297 1114 U
1309 1092 1332 1113 Α
1345 1092 1371 1112 M
1392 1080 1450 1111 sint
1467 1080 1576 1111 morosi
1595 1084 1648 1122 qui
1665 1093 1765 1112 amant
1776 1104 1784 1117 ,
1810 1084 1906 1113 velex
1917 1083 1975 1112 hoc
1990 1081 2120 1122 intelligi

1260 1124 1363 1166 potest.
1378 1122 1504 1153 moleste
1514 1123 1645 1153 ferebam
1660 1124 1744 1153 antea
1755 1145 1763 1157 ,
1790 1134 1817 1154 te
1829 1127 1960 1154 invitum
1972 1121 2103 1154 isticesse
2117 1133 2123 1151 :

1166 1177 1273 1209 pungit
1285 1177 1333 1197 me
1345 1165 1441 1195 rursus
1454 1185 1462 1197 ‚
1486 1163 1567 1203 quod
1577 1165 1680 1195 scribis
1690 1164 1745 1195 effe
1756 1174 1783 1195 te
1798 1165 1862 1196 istic
1873 1166 2009 1196 libenter.
2017 1173 2127 1205 ..neque

1167 1212 1252 1241 enim
1263 1219 1330 1239 mea
1339 1207 1608 1238 commendatione
1618 1216 1645 1237 te
1657 1216 1721 1236 non
1730 1206 1870 1237 ’0101081311
1883 1206 1971 1237 facile
1980 1206 2110 1246 patiebar
2123 1215 2129 1234 :

1170 1253 1203 1283 &
1222 1261 1304 1282 nunc
1324 1258 1418 1290 angor
1430 1268 1437 1281 ‚
1461 1249 1626 1289 quidquam
1649 1248 1703 1278 tibi
1723 1247 1782 1279 [1110
1804 1260 1852 1279 me
1872 1248 1928 1279 effe
1945 1248 2128 1288 jucundum.

1169 1294 1226 1325 Sed
1242 1296 1300 1324 hoc
1324 1300 1426 1322 tamen
1445 1290 1527 1320 malo
1548 1290 1625 1320 ferre
1635 1300 1690 1320 nos
1704 1289 1884 1320 desiderium
1896 1311 1904 1324 ‚
1923 1291 2013 1331 quarn
2025 1299 2052 1319 te
2064 1298 2130 1318 non

1170 1346 1204 1367 ea
1215 1356 1223 1370 ,
1233 1345 1299 1377 quae
1311 1334 1406 1379 spero,
1417 1332 1569 1372 consequi·
1592 1335 1697 1370 Quum
1708 1331 1822 1362 veroin
1837 1335 1868 1362 C.
1883 1334 1981 1364 Marii,
2002 1328 2135 1361 suaviffi-

1171 1380 1216 1408 mi
1228 1399 1236 1411 ‚
1261 1374 1488 1415 doetiffimique
1509 1376 1645 1404 hominis
1664 1373 1898 1404 familiaritatem
1921 1372 2030 1404 venisti
2041 1392 2049 1406 2
2070 1381 2134 1402 non

1173 1420 1233 1450 dici
1250 1417 1347 1459 potest
1355 1417 1447 1458 quam
1461 1416 1547 1446 valde
1557 1415 1703 1457 gaudeam
1719 1418 1788 1456 :qui
1797 1415 1842 1447 fac
1853 1425 1885 1446 ut
1895 1425 1922 1446 te
1933 1415 2024 1455 quam
2033 1415 2134 1444 maxi-

1171 1461 1222 1492 me
1233 1461 1346 1502 diligat.
1359 1458 1531 1488 mihicrede
1544 1478 1552 1492 ,
1564 1458 1643 1487 nihil
1653 1467 1691 1488 ex
1704 1457 1757 1488 ista
1768 1459 1924 1498 provincia
1933 1466 2018 1499 potes
2031 1475 2040 1491 ‚
2050 1454 2132 1497 quod

1167 1502 1331 1545 jucundius
1341 1499 1384 1534 fit,
1401 1500 1564 1540 deportare.
1590 1502 1675 1534 Cura,
1688 1509 1721 1530 ut
1729 1502 1835 1530 valeas.

1321 1551 1570 1580 M.C1CERO
1591 1551 1674 1579 S.D.
1696 1550 1979 1579 TREBATIO.

1175 1597 1250 1674 IN
1259 1607 1339 1639 equo
1349 1595 1484 1631 Troiano
1495 1595 1549 1625 scis
1569 1593 1626 1624 effe
1645 1596 1678 1624 in
1698 1603 1836 1624 extremo
1847 1614 1856 1628 ‚
1876 1604 1957 1624 sano
1978 1601 2134 1623 SAPIUNT.

1220 1645 1270 1673 Tu
1281 1648 1381 1670 tamen
1391 1657 1399 1672 ‚
1418 1640 1430 1664 5
1441 1639 1485 1667 mi
1495 1636 1595 1668 vetule
1607 1656 1616 1670 ,
1631 1646 1695 1667 non
1706 1635 1770 1666 sero
1781 1656 1789 1669 ‚
1813 1638 1924 1676 primas
1937 1655 1945 1669 ,
1958 1635 2022 1664 illas
2037 1634 2136 1665 rabio-

1175 1686 1251 1716 sulas
1270 1682 1309 1713 sat
1319 1680 1411 1711 fatuas
1419 1678 1528 1709 dedisti
1543 1677 1669 1708 :deinde
1682 1698 1690 1711 ‚
1711 1677 1794 1718 quod
1806 1680 1838 1707 in
1848 1678 2000 1707 Britannia
2010 1685 2075 1706 non
2085 1677 2135 1706 ni-

1176 1728 1236 1756 mis
1246 1723 1423 1764 φιλοθέωρςν
1432 1730 1460 1751 te
1469 1719 1631 1760 praebuisti,
1642 1720 1730 1759 plane
1740 1729 1803 1749 non
1813 1718 2007 1759 reprehendo.
2026 1716 2041 1737 ⁶
2054 1727 2137 1747 nunc

1176 1769 1248 1799 vero
1268 1769 1303 1798 in
1321 1765 1456 1796 hibernis
1474 1762 1607 1800 injectus
1621 1763 1699 1793 mihi
1710 1761 1831 1791 videris:
1843 1764 1941 1802 itaque
1955 1769 1983 1791 re
1996 1770 2139 1790 commo-

1178 1821 1249 1841 vere
1268 1819 1333 1840 non
1350 1816 1446 1838 curas.
1468 1805 1681 1846 Usquequaque
1695 1804 1790 1845 sapere
1811 1810 1923 1844 oportet.
1951 1802 1981 1831 id
1987 1802 2040 1831 erit
2051 1802 2141 1831 telum

1178 1853 1360 1882 acerrimum.
1389 1851 1453 1889 Ego
1463 1845 1485 1876 fi
1494 1847 1567 1876 foris
1576 1855 1742 1876 cenitarem
1753 1864 1762 1878 ‚
1772 1847 1827 1876 Cn.
1838 1844 1965 1875 Oritavio
1978 1865 1987 1878 ,
1998 1843 2141 1874 familiari

1179 1904 1232 1925 tuo
1243 1915 1252 1929 ‚
1280 1902 1345 1924 non
1365 1887 1535 1921 deiuiffem.
1557 1889 1716 1918 cuitamen
1727 1886 1812 1921 dixi,
1832 1886 1906 1917 cum
1916 1897 1966 1916 me
1979 1885 2141 1927 aliquoties

1181 1938 1323 1967 invitaret
1335 1945 1341 1964 z
1352 1934 1414 1963 Oro
1425 1940 1464 1965 te,
1474 1932 1544 1972 quis
1552 1938 1585 1960 tu
1594 1939 1625 1960 es
1636 1934 1646 1959 ?
1657 1928 1713 1959 Sed
1725 1929 1922 1963 mehercules,
1933 1937 2014 1958 extra
2022 1929 2141 1968 jocum,

1182 1980 1280 2009 horno
1296 1976 1395 2007 bellus
1413 1972 1466 2004 est.
1495 1972 1609 2002 vellem
1631 1981 1702 2001 eum
1721 1980 1822 2002 tecum
1840 1969 2023 2001 adduxiffes.
2058 1967 2143 2010 Qid

1181 2022 1270 2062 agatis
1285 2038 1294 2054 ‚
1308 2018 1340 2049 &
1350 2015 1456 2057 ecquid
1468 2016 1502 2044 in
1511 2014 1628 2044 Italiam
1638 2014 1757 2043 venturi
1767 2011 1827 2043 fitis
1837 2014 1889 2043 hac
1901 2013 2013 2045 hieme,
2024 2010 2069 2041 fac
2079 2011 2143 2051 pla-

1183 2064 1222 2093 ne
1234 2063 1338 2092 sciam.
1363 2058 1473 2089 Balbus
1487 2056 1565 2086 mihi
1576 2054 1770 2086 confirmavit
1781 2075 1791 2089 ‚
1807 2063 1836 2084 te
1846 2054 1977 2084 divitem
1990 2052 2140 2083 futurum.

1182 2104 1215 2135 id
1235 2102 1339 2134 utrum
1358 2103 1504 2131 Romano
1523 2098 1736 2127 morelocutus
1746 2096 1798 2131 sit,
1818 2097 1894 2127 bene
1909 2102 2103 2126 nummatum
2113 2101 2144 2122 te

1182 2146 1319 2176 futurum
1331 2163 1340 2177 ‚
1362 2152 1400 2172 an
1412 2161 1420 2175 ‚
1439 2139 1597 2182 quomodo
1607 2141 1699 2169 Stoici
1709 2138 1815 2169 dicunt
1825 2159 1834 2173 ‚
1854 2148 1873 2168 o
1886 2147 1912 2167 M
1925 2147 1946 2167 N
1956 2147 1976 2166 E
1987 2147 1998 2166 1
2012 2147 2024 2166 3
2044 2145 2063 2165 E
2074 2145 2086 2164 s
2098 2144 2110 2164 s
2123 2142 2142 2163 ε

1185 2198 1205 2218 n
1219 2198 1230 2217 1
1244 2198 1264 2218 v
1278 2197 1291 2216 1
1304 2196 1323 2216 ’1-
1335 2194 1398 2218 Es,
1420 2192 1474 2221 Q
1490 2192 1500 2211 1
1524 2191 1543 2211 0
1556 2191 1587 2210 AE
1599 2191 1648 2210 Lo
1660 2201 1668 2215 ‚
1689 2180 1722 2210 &
1740 2177 2018 2219 teri-afruipoffint,
2041 2175 2143 2217 postea

1183 2229 1299 2260 videro.
1333 2227 1393 2266 Qi
1416 2224 1504 2254 istinc
1521 2225 1650 2252 veniunt
1662 2242 1671 2256 ‚
1696 2222 1865 2263 superbiam
1885 2231 1965 2251 tuam
1988 2218 2122 2249 accusant
2133 2237 2142 2250 ‚

1186 2270 1270 2312 quod
1291 2277 1401 2310 negent
1415 2276 1441 2297 te
1451 2264 1715 2306 Ρο101111613111111113
1724 2263 1910 2303 respondere.
1926 2261 1974 2291 sed
1986 2269 2085 2290 tamen
2100 2258 2144 2289 cst

1186 2311 1268 2353 quod
1279 2311 1414 2351 gaudeas.
1425 2306 1539 2337 constat
1549 2308 1632 2335 enirn
1643 2309 1722 2335 inter
1731 2307 1864 2337 omneis,
1875 2305 2034 2335 neminem
2043 2311 2069 2332 te
2080 2310 2144 2331 uno

1189 2352 1405 2384 samarobrivae
1415 2349 1492 2389 juris
1503 2348 1677 2386 peritiorem
1686 2344 1755 2376 effe.

1374 2403 1569 2434 CICERO
1589 2402 1860 2431 TREBATIO
1881 2403 1960 2431 S.D.

1195 2450 1302 2530 EX
1322 2451 1382 2481 tuis
1400 2450 1524 2481 litteris,
1544 2446 1577 2476 Ec
1594 2448 1710 2485 Quinto
1719 2445 1914 2487 fratrigratias
1926 2447 1992 2487 egi,
2016 2445 2151 2475 8010311-

1274 2492 1393 2534 quando
1412 2489 1580 2521 collaudare
1597 2487 1718 2529 poss'um
1728 2508 1737 2523 ‚
1761 2488 1845 2530 quod
1861 2489 1925 2529 jam
1945 2487 2055 2518 videris
2075 2495 2152 2518 certa

2052 2529 2152 2568 aliqua

1189 2595 1288 2621 titubat
1300 2596 1322 2620 G
1329 2594 1442 2619 ruterian
1448 2602 1489 2623 us,
1499 2599 1604 2618 tantum
1613 2593 1719 2617 omnibus
1728 2577 2152 2626 probo—{inam

1193 2640 1237 2657 cau
1242 2640 1270 2657 us
1282 2630 1335 2656 liaec
1346 2630 1435 2655 omnia
1445 2629 1482 2654 ita
1492 2626 1667 2654 transformat
1678 2637 1725 2652 rem
1735 2634 1843 2659 repetunt
1854 2645 1862 2657 ,
1872 2625 1901 2656 ὠ
1909 2626 1998 2658 tusbles
2007 2625 2041 2649 ad
2048 2624 2152 2654 vimsa-

1192 2668 1302 2693 timidam
1312 2666 1420 2691 adhiberi
1434 2669 1443 2691 ,2
1453 2674 1526 2699 neque
1534 2666 1570 2690 cf?
1579 2683 1587 2695 ,
1598 2663 1659 2698 quod
1665 2671 1691 2688 m
1697 2666 1765 2696 prior
1773 2666 1802 2688 vi
1811 2662 1941 2688 hominibus
1953 2659 2064 2685 armatis.
2085 2657 2153 2684 Mihi

1193 2712 1299 2739 quoque
1318 2701 1503 2736 interjacentia
1522 2700 1602 2735 vulgo
1617 2698 1694 2726 verba
1712 2708 1761 2735 pro
1779 2704 1932 2725 commento
1950 2703 1980 2720 ac
1998 2693 2153 2730 glossemate

1193 2740 1364 2766 obolescunt:
1389 2737 1459 2774 quod
1477 2744 1556 2770 auget
1567 2734 1759 2772 suspicionem,
1779 2734 1901 2770 quodque
1920 2740 2004 2765 neque
2024 2730 2049 2756 in
2070 2732 2153 2756 Grut.

1193 2775 1311 2803 editione
1322 2775 1406 2811 prima
1416 2776 1441 2799 in
1460 2771 1611 2807 conspersiui
1624 2771 1664 2797 sit.
1686 2771 1762 2798 Alias
1773 2777 1859 2796 cetera
1870 2767 1902 2794 sic
1915 2765 2154 2797 circumferuntur,

1192 2814 1252 2846 quod
1260 2819 1286 2838 tu
1292 2813 1359 2847 prior
1374 2819 1426 2836 cum
1442 2809 1572 2834 hominibus
1589 2807 1690 2833 amaris
1708 2807 1812 2832 venei-is.
1831 2804 1915 2840 prima
1925 2801 2009 2829 editio
2028 2802 2153 2829 sinceram

1193 2848 1337 2875 lectionem
1351 2846 1406 2873 fer'e
1417 2844 1536 2874 exhibet,
1548 2843 1565 2869 si
1576 2842 1656 2869 modo
1667 2851 1714 2878 pro
1723 2845 1748 2867 in
1758 2840 1880 2867 emendes
1895 2842 1935 2865 vi.

1232 2894 1258 2919 ς.
1279 2883 1421 2912 &livi-mle
1433 2900 1441 2912 ‚
1460 2880 1576 2913 mnsero:
1589 2881 1682 2911 primas
1699 2879 1754 2903 illas
1773 2876 1929 2910 rabiofiilas]
1951 2874 1994 2900 Sic
2004 2873 2153 2901 habeturin

1195 2925 1252 2952 Pal.
1264 2926 1345 2951 Grut.
1357 2922 1473 2949 editione
1484 2919 1613 2956 principe,
1625 2927 1654 2945 ac
1664 2916 1779 2944 Visstorii
1792 2928 1797 2944 ι
1811 2916 1869 2944 Alii
1879 2912 1990 2949 βοίκκλε
2002 2914 2155 2944 intrudunt.

1198 2966 1279 3001 vulgo
1287 2966 1388 2998 primum
1398 2964 1450 2988 illas
1464 2961 1517 2988 rab.

1231 3003 1260 3029 6.
1279 3006 1357 3036 ch
1365 2999 1421 3024 ‹vei-b
1431 3001 1455 3023 in
1465 2995 1568 3022 hibernis
1585 2995 1685 3028 injerms
1694 2995 1752 3020 mihi
1760 2992 1876 3026 arderia]
1897 2994 1939 3018 Ita
1949 2991 1984 3018 cst
1996 2991 2020 3018 in
2032 2990 2088 3018 1⁷21.
2099 2988 2156 3026 pri-

1196 3048 1252 3068 mo,
1263 3038 1344 3065 Grut.
1355 3034 1471 3062 editione
1490 3031 1575 3068 prima
1587 3050 1594 3062 ,
1613 3032 1639 3056 ὃ(
1653 3030 1774 3057 ilic-‘toris
1796 3028 1940 3056 Lambinus
1951 3026 2022 3064 quod
2041 3027 2067 3053 'in
2078 3026 2156 3053 unico

1196 3073 1253 3100 niis.
1264 3078 1398 3109 repererat
1414 3071 1522 3096 &meam
1534 3087 1542 3097 ‚
1561 3067 1660 3094 fecerat
1678 3070 1780 3093 lnnexus
1800 3065 1838 3091 vel
1850 3065 1937 3101 potius
1949 3065 2064 3095 camella,-
2082 3061 2155 3098 quast

1193 3109 1304 3137 difficile
1315 3106 1402 3134 suisli-*t
1410 3125 1418 3137 ,
1425 3104 1496 3141 quod
1505 3104 1551 3131 alii
1561 3111 1621 3131 :inte
1634 3112 1675 3131 nie
1687 3102 1822 3135 viderunt,
1832 3102 1966 3130 extricare
1973 3101 2084 3132 inuam,-
2094 3098 2154 3124 Gu-

1195 3146 1282 3182 1101111.
1292 3152 1381 3173 tamen
1391 3140 1536 3177 majestat,
1550 3142 1576 3169 ia
1585 3140 1661 3168 lemff,
2089 3168 2156 3203 Qd

2055 3179 2079 3196 1.
2099 3176 2104 3183 ·

2135 322 2178 353 14

2148 1045 2189 1076 15

2159 1550 2202 1582 16
