2339 3379
710 162 1300 212 Pn1L1121³1cA
1382 165 1648 213 NONA.
2061 167 2155 233 609

196 239 427 278 'etiam‘summis
445 242 613 275 honoriBus
630 242 672 274 ufi
681 253 784 275 contra
803 245 979 287 dignitatem
992 246 1073 276 suam
1086 255 1154 274 ven-
1174 248 1177 254 '
1197 245 1346 286 Equidem
1358 266 1366 280 ‚
1378 249 1410 277 P.
1425 247 1457 277 C.
1471 256 1654 288 quamquam
1665 247 1723 277 hoc
1732 248 1848 277 honore
1858 244 1916 281 us„
1937 246 2027 286 togati
2039 244 2099 276 else
2107 247 2157 277 so-

199 287 340 318 ditabant.
364 290 391 317 O
407 287 450 318 dii
469 286 672 317 immortales:
697 295 797 327 QJAM
816 297 960 328 magnum
970 286 1032 320 est,
1050 287 1153 326 perso·
1196 287 1278 321 lent,
1297 286 1368 317 cum
1380 287 1463 319 estin
1475 290 1546 330 sagis
1557 290 1677 319 civitas:
1700 288 1788 319 statui
1797 298 1899 319 tamen
1909 308 1918 323 ‚
1931 286 2044 319 §.vobis
2055 306 2063 320 ‚
2074 297 2155 318 cete-

198 332 313 361 namin
326 329 475 369 republica
492 331 566 358 tueri
583 329 745 368 principis!
763 339 829 369 quae
847 339 911 359 non
929 330 1039 359 animis
1052 328 1149 358 solum
1193 328 1291 368 risque
1308 329 1426 359 civibus
1440 332 1473 360 in
1491 339 1572 361 tanta
1586 332 1735 361 atrocitate
1756 332 1917 371 temporiS,
1937 338 2072 371 tantaque
2085 339 2154 369 per-

198 371 304 405 debet,
326 371 373 401 sed
383 372 474 400 etiam
483 370 580 400 oculis
598 370 706 400 servire
722 372 847 400 civium.
871 373 1009 401 Domum
1021 371 1150 409 recipere

196 412 327 454 legatum
336 410 480 445 hostium,
491 413 524 441 in
532 411 708 442 cubiculum
719 411 885 445 admittere,
897 414 987 442 etiam
1000 410 1147 444 seducere,

197 454 334 484 hominis
343 452 385 483 est
394 454 473 482 nihil
486 453 522 483 de
533 453 676 494 dignitate
686 473 694 487 ,
719 455 853 483 nimium
864 453 900 484 de
909 453 1044 493 periculo
1062 453 1146 493 cogi-

195 497 294 525 tantis.
317 494 407 533 Qod
426 503 525 524 autem
541 495 583 525 est
600 495 768 535 periculum
782 502 792 524 .⁷
809 505 879 525 nam
899 494 919 524 si
930 496 1102 524 maximum
1113 496 1146 523 in

193 535 355 566 discrimen
365 538 519 570 venietur,
537 545 587 566 aut
596 536 714 567 libertas
723 546 817 577 parata
825 536 933 567 vistori
952 535 995 566 est
1004 544 1052 565 aut
1063 544 1145 565 mors

189 576 322 617 cxpofita
331 576 424 608 virito.
447 588 577 618 quorum
588 579 712 608 alterum
723 578 855 618 optabile
868 577 921 611 est,
932 577 1060 607 alterum
1070 575 1146 606 effu-

189 628 258 659 gere
269 628 361 649 nemo
371 619 467 658 potest
499 623 529 650 T
539 631 560 650 o
571 630 593 650 n
603 631 620 650 ι’
632 630 643 649 1
655 630 667 649 s
685 629 785 650 autem
799 619 867 660 fuga
877 628 994 652 mortis,
1006 619 1093 648 omni
1103 617 1146 648 est

192 669 291 690 morte
300 662 392 700 pejor.
416 663 498 691 Nam
510 662 585 692 illud
603 661 727 702 quidem
742 671 806 691 non
818 661 949 691 adducor
967 669 998 689 ut
1010 659 1142 693 credam,

190 700 249 731 effe
258 702 413 742 quosdam,
425 705 476 743 qui
486 703 642 733 invideant
657 704 782 742 alicujus
791 701 963 732 constantiae
976 720 984 734 ‚
996 703 1048 741 qui
1060 700 1144 730 labo-

188 743 272 773 ribus
282 764 290 776 ,
308 746 360 784 qui
372 747 434 784 ejus
448 746 618 785 perpetuam
630 746 661 774 in
672 744 820 783 republica
828 741 993 781 adjuvanda
1003 741 1144 771 volunta-

188 792 251 815 tem
263 786 295 816 δε
305 786 321 816 ὲ
332 786 430 816 senatu
442 807 450 819 ‚
473 786 505 816 <Sc
516 787 530 816 a
540 787 653 826 populo
664 788 807 815 Romano
823 783 941 822 probari
952 782 1079 813 moleste
1098 781 1143 812 fe-

187 835 259 856 rant.
285 829 398 857 Omnes
410 828 441 858 id
452 827 576 867 quidem
586 826 680 857 facere
689 825 888 854 debebamus:
908 834 998 865 eaque
1008 833 1068 854 erat
1079 834 1142 854 non

188 867 284 898 modo
294 869 371 908 apud
382 869 510 906 maiores
524 867 640 897 nostros
653 886 662 900 ‚
681 866 729 896 sed
744 868 833 896 etiam
844 876 938 906 nuper
952 866 1069 896 summa
1078 866 1141 896 laus

184 910 400 944 consularium,
413 908 545 949 vigilare,
557 910 685 949 cogitare
695 927 703 941 ‚
717 905 814 938 adess'e
824 909 928 937 animo
938 927 947 941 ,
961 908 1077 948 semper
1087 908 1142 938 ali-

186 951 260 990 quid
272 961 326 990 pro
336 951 487 991 republica
502 958 551 979 aut
564 949 658 979 facere
669 969 677 983 ‚
696 958 747 979 aut
758 949 864 979 dicere.
889 952 953 991 Ego
972 952 1140 990 QScaevo-

183 992 244 1022 lam
260 1002 398 1034 augurem
416 993 565 1021 memoria
580 1000 668 1021 teneo
680 1011 688 1024 ,
709 991 791 1021 bello
809 989 933 1021 Marfico
944 1011 952 1024 ‚
970 992 1044 1021 cum
1068 989 1140 1021 ess'et

184 1034 302 1064 summa
311 1032 460 1063 sene&ute
471 1052 479 1066 ,
492 1033 525 1063 &
533 1033 646 1072 perdita
659 1032 834 1066 valitudine,
845 1033 992 1073 quotidie,
1005 1031 1138 1063 simulat-

181 1085 239 1115 que
248 1075 368 1108 luceret,
379 1073 472 1104 facere
483 1075 628 1104 omnibus
638 1074 816 1104 conveniendi
826 1075 870 1104 sui
879 1073 1055 1114 potestatem
1067 1084 1072 1103 z
1085 1084 1139 1104 ne-

181 1126 241 1156 que
254 1125 324 1146 eum
335 1116 492 1157 quisquam
502 1117 557 1146 illo
567 1116 649 1146 bello
659 1116 736 1146 vidit
753 1118 785 1145 in
799 1115 897 1146 1Εᾶος
921 1117 1070 1156 senexque
1083 1136 1091 1149 .
1105 1116 1137 1146 δε

181 1156 289 1187 debilis
300 1177 308 1191 ‚
339 1159 457 1197 primus
476 1158 617 1188 veniebat
635 1159 666 1188 in
686 1159 809 1188 curiam.
843 1158 942 1197 Hujus
960 1156 1137 1187 industriam

180 1200 316 1229 maxime
327 1199 466 1239 equidem
479 1200 590 1229 vellem
602 1219 610 1232 ‚
630 1208 661 1229 ut
671 1201 859 1229 imitarentur
868 1201 890 1228 ii
902 1219 910 1232 ‚
929 1209 1007 1240 quos
1017 1208 1137 1238 oporte—

177 1238 228 1270 bat
245 1251 251 1269 :
281 1241 413 1271 secundo
433 1250 533 1270 autern
553 1241 623 1270 loco
634 1261 642 1274 ,
666 1250 704 1270 ne
727 1240 844 1270 alterins
862 1239 953 1270 labori
970 1241 1135 1270 inviderent.

116 1286 129 1311 1
144 1288 152 1312 1
180 1283 302 1312 Etenim
313 1301 321 1313 ‚
341 1285 371 1312 P.
384 1281 499 1312 ocum
520 1284 552 1312 in
565 1283 645 1322 spem
657 1282 801 1312 libertatis
820 1282 968 1312 sexennio
979 1281 1070 1312 simus
1086 1284 1135 1312 in-

176 1321 261 1363 greffi
271 1343 280 1356 .
302 1323 474 1364 diutiusque
485 1324 655 1354 servitutem
666 1321 787 1363 perpeffi
798 1344 806 1357 ‚
826 1333 916 1363 quam
926 1325 1034 1363 captivi
1042 1322 1132 1364 frugi,

176 1365 210 1394 &
219 1363 377 1406 diligentes
387 1365 483 1395 solent
494 1375 499 1393 ;
510 1375 581 1405 quas
593 1366 718 1405 vigilias,
731 1375 803 1406 quas
814 1365 1044 1399 sollicitudines,
1056 1375 1132 1406 quos

172 1405 300 1440 labores,
310 1406 456 1436 liberandi
464 1407 570 1446 populi
587 1408 723 1437 Romani
736 1407 819 1437 causa
827 1407 956 1437 recusare
965 1406 1111 1437 debemus
1122 1416 1132 1439 3

1196 370 1364 400 turbatione
1376 372 1482 412 populi
1495 374 1588 402 Rom.
1607 381 1672 402 non
1693 371 1812 403 differre
1828 371 1947 402 vestitu.
1972 373 2046 402 Non
2063 373 2150 402 enim

1189 411 1229 440 ita
1237 413 1368 450 gerimus
1379 422 1435 442 nos
1454 414 1511 444 hoc
1521 413 1602 443 bello
1611 414 1779 444 consulares
1789 433 1798 447 ‚
1819 423 1852 444 ut
1865 424 1938 455 aquo
1947 413 2041 443 animo
2051 422 2152 453 popu·

1191 451 1238 480 lus
1249 454 1341 481 Rom.
1360 454 1476 484 visurus
1486 454 1520 484 sit
1529 454 1622 484 nostri
1633 456 1758 485 honoris
1766 453 1894 496 infignia
1906 466 1911 484 :
1926 454 1997 485 cum
2008 457 2116 495 partim
2131 454 2150 493 ὲ

1191 491 1281 521 nobis
1290 493 1330 523 ita
1342 494 1443 524 timidi
1454 494 1520 528 (int,
1532 504 1564 525 ut
1575 505 1702 526 omnem
1716 498 1738 526 ii
1747 498 1852 537 populi
1868 499 1963 527 Rom.
1979 494 2148 526 beneficio-

1188 543 1256 563 rum
1268 537 1450 565 memoriam
1460 536 1620 574 abjecerint
1631 547 1637 566 ;
1658 539 1765 578 partim
1778 541 1817 568 ita
1825 539 1840 568 a
1850 548 1909 578 rep.
1921 536 2022 572 aversi,
2033 547 2064 568 ut
2074 539 2147 568 huic

1188 575 1215 604 se
1226 574 1306 605 hosti
1322 574 1420 606 favere
1433 586 1492 616 prae
1510 577 1537 607 se
1554 577 1666 608 ferant:
1689 579 1800 620 legatos
1813 579 1930 610 nostros
1951 580 1988 610 ab
2006 581 2145 610 Antonio

1188 615 1342 656 despe&os
1350 616 1418 650 effe,
1431 619 1572 648 &irrisos
1589 618 1675 650 facile
1685 623 1831 660 patiantur
1846 632 1852 650 ε
1875 622 2003 663 legatum
2015 622 2145 651 Antonii

1188 657 1377 688 sublevatum
1394 659 1501 689 velint.
1527 661 1597 690 huic
1605 662 1688 690 enim
1700 662 1829 692 reditum
1840 662 1875 693 ad
1886 665 2059 694 Antonium
2075 672 2147 703 pro-

1188 699 1284 729 hiberi
1293 700 1439 741 negibant
1450 709 1587 740 oportere
1600 721 1608 734 ‚
1622 702 1655 731 δε
1665 703 1699 731 in
1711 703 1817 733 eodem
1829 704 2009 743 excipiendo
2026 705 2148 734 senten-

1187 742 1259 770 tiam
1272 751 1372 771 meam
1384 741 1583 782 corrigebant.
1605 743 1714 783 quibus
1721 754 1821 783 geram
1833 755 1961 776 morem.
1984 746 2099 776 Redeat
2108 745 2145 776 ad

1185 783 1398 822 imperatorem
1412 784 1498 813 suum
1509 785 1614 813 Varius
1624 803 1632 817 ,
1652 784 1700 814 sed
1715 795 1747 815 ea
1760 786 1822 826 lege
1835 807 1843 819 .
1862 797 1900 816 ne
1922 797 2065 828 umquam
2077 790 2144 818 Ro-

1184 833 1266 853 mam
1275 832 1454 862 rcvcrratur.,
1466 828 1570 855 ceteris
1579 834 1678 856 autem
1690 845 1698 859 ‚
1721 825 1741 855 si
1754 836 1885 858 errorem
1898 829 1981 858 suum
1995 829 2092 868 depos
2089 839 2142 858 ue-

1181 867 1258 898 rint,
1281 869 1291 885 ¹
1304 865 1417 896 &cum
1429 876 1488 906 rep.
1501 868 1534 896 in
1551 869 1676 907 gratiam
1694 867 1835 898 redierint
1847 888 1855 902 ,
1875 871 1993 900 veniam
2005 890 2013 903 ‚
2033 871 2065 900 δε
2076 872 2141 900 im·-

1179 908 1348 947 punitatem
1365 907 1493 938 dandam
1516 918 1603 948 puto.
1644 911 1724 950 Qas
1740 909 1780 939 ob
1799 919 1843 939 res
1862 911 1903 940 ita
1921 912 2028 941 censeo
2047 922 2052 940 :
2078 915 2139 942 Eo-

1183 958 1261 978 RUM
1275 969 1284 982 ,
1304 951 1355 989 qui
1374 959 1444 980 cum
1465 952 1509 979 M.
1521 952 1658 980 Antonio
1679 952 1764 985 sunt,
1777 953 1829 991 qui
1849 951 1885 982 ab
1895 954 1984 981 armis
2001 951 2140 982 discess'e-

1181 992 1262 1023 rint,
1282 991 1315 1021 ὃς
1327 1000 1375 1021 aut
1384 991 1420 1021 ad
1429 992 1551 1022 Pansam
1561 1011 1569 1026 ‚
1590 1001 1640 1022 aut
1652 992 1686 1022 ad
1699 994 1834 1024 Hirtium
1845 1013 1854 1027 ,
1873 994 2009 1023 consules
2020 1014 2029 1027 ,
2046 1003 2094 1023 aut
2103 994 2138 1024 ad

1181 1033 1315 1062 Decium
1333 1034 1459 1063 Brutum
1472 1053 1480 1067 ‚
1500 1035 1713 1073 imperatorem
1734 1044 1799 1065 cos.
1818 1033 2000 1076 designatum
2013 1055 2021 1068 ,
2042 1035 2140 1066 autad

1180 1076 1214 1104 C.
1229 1076 1372 1104 Caesarem
1391 1085 1445 1114 pro
1461 1084 1586 1115 praetore
1596 1095 1605 1109 ,
1627 1079 1640 1095 ²
1652 1085 1717 1106 ante
1727 1076 1794 1106 idus
1803 1078 1922 1107 Martias
1933 1078 2043 1116 primas
2059 1076 2142 1106 adie-

1181 1117 1262 1149 rint,
1282 1118 1321 1146 iis
1336 1115 1433 1147 fraudi
1446 1126 1483 1147 ne
1493 1115 1544 1150 fit,
1565 1117 1646 1157 quod
1663 1127 1733 1147 cum
1756 1120 1800 1147 M.
1815 1120 1951 1148 Antonio
1968 1117 2093 1148 fuerint.
2117 1117 2139 1148 sa

1179 1159 1246 1198 quis
1256 1167 1361 1188 eorum
1375 1178 1383 1191 ‚
1394 1159 1528 1199 quicum
1541 1160 1726 1189 M.Antonio
1737 1160 1804 1189 sunt
1813 1179 1822 1193 ,
1833 1159 1937 1190 fecerit
1946 1180 1954 1193 ,
1966 1164 1978 1188 3
1989 1159 2071 1200 quod
2081 1161 2139 1189 ho-

1178 1209 1264 1233 nore,
1275 1201 1438 1239 praemiove
1447 1199 1575 1241 dignum
1586 1199 1643 1230 esse
1654 1201 1806 1235 videatur3
1819 1202 1862 1231 uti
1878 1201 2014 1235 C.Pansa2
2026 1203 2140 1231 ΑΗΕ-

1178 1242 1236 1270 tius
1247 1260 1255 1274 ‚
1268 1251 1352 1271 coss.
1362 1241 1442 1275 alter,
1454 1242 1584 1272 ambove
1593 1262 1601 1276 ,
1615 1240 1635 1272 sl
1645 1243 1687 1272 eis
1697 1242 1848 1273 videbitur
1858 1262 1867 1277 ‚
1882 1243 1917 1273 de
1928 1243 1992 1283 ejus
2007 1244 2138 1278 honore,

1176 1285 1340 1322 praemiove
1352 1302 1361 1317 ‚
1380 1285 1480 1323 primo
1489 1293 1610 1324 quoque
1621 1283 1671 1314 die
1679 1284 1715 1314 ad
1725 1285 1860 1314 senatum
1870 1284 2006 1315 referant.
2029 1286 2059 1316 Si
2068 1286 2139 1325 quis

1176 1323 1244 1363 post
1252 1326 1344 1355 hocs.
1356 1327 1389 1355 C.
1401 1325 1436 1355 ad
1447 1327 1619 1355 Antonium
1628 1324 1781 1366 profestus
1789 1324 1882 1356 fuerit
1892 1346 1901 1360 ‚
1912 1335 2017 1366 praeter
2029 1329 2066 1357 L.
2077 1329 2140 1357 Va*

1176 1367 1255 1395 rium
1264 1385 1272 1400 ,
1286 1367 1430 1400 senatum,
1441 1366 1684 1398 existimaturum
1694 1377 1764 1398 eum
1775 1375 1871 1398 contra
1881 1366 2081 1410 rempublicam
2088 1368 2138 1407 fe-

1181 1407 1252 1445 ciffi.

211 1483 235 1501 ι.
255 1478 289 1500 Et
298 1483 349 1500 cum
358 1474 438 1506 repub.
447 1476 585 1506 ingratiam
597 1492 605 1504 ,
623 1474 692 1507 else]
714 1473 755 1498 Sic
765 1473 793 1498 δε
806 1473 861 1499 Pal.
873 1472 922 1499 sec.
934 1473 971 1500 uti
983 1474 1018 1501 est
1030 1474 1057 1500 iu
1067 1474 1127 1501 Ma-

173 1506 234 1538 nut.
244 1511 272 1536 &
283 1509 377 1536 Lamb.
387 1510 459 1545 prius
470 1509 532 1540 cuii,
542 1510 571 1540 ᾤ’
579 1512 604 1535 in
615 1511 828 1541 reipuh.gratiam‚
838 1510 889 1539 &a

209 1554 238 1571 2.
257 1548 319 1572 Ante
326 1546 381 1571 idus·
389 1545 623 1578 Martias-primam]
643 1546 703 1572 Vox
715 1545 810 1573 ultima
818 1544 909 1573 addita
918 1554 952 1573 ex
964 1544 1021 1573 mis.
1032 1546 1127 1573 Ferra-

173 1581 219 1615 rii,
229 1581 400 1617 exstabatque
410 1580 475 1611 item
485 1581 513 1608 in
524 1580 582 1608 Pal.
596 1580 645 1607 sec.

507 1665 599 1727 M.
682 1667 1089 1732 TULLII

532 1763 1118 1932 ANTI

210 1843 351 1932 M.

1204 1483 1230 1510 3.
1249 1477 1316 1509 Qud
1331 1479 1412 1502 honore
1425 1480 1546 1510 praemiovc
1564 1477 1657 1510 dsgwum
1675 1478 1714 1511 effi
1734 1478 1869 1508 videatur,
1887 1476 1964 1509 &c.]
1993 1475 2135 1501 Mutunus

1169 1510 1225 1537 sum
1237 1511 1304 1538 istud
1316 1513 1330 1537 a
1343 1514 1415 1539 Man.
1427 1514 1454 1538 3<
1466 1512 1591 1539 Lanibin.
1601 1512 1727 1547 opinione
1739 1531 1747 1543 ,
1772 1522 1801 1538 ea
1811 1511 1863 1537 effe
1873 1513 1888 1538 zi
1899 1511 1956 1538 mis.
1969 1509 2055 1536 libris.
2075 1520 2135 1537 nant

1173 1547 1278 1583 vulgata
1295 1548 1363 1575 mire
1382 1547 1510 1584 insipide:
1523 1558 1567 1584 quo
1586 1550 1668 1574 honore
1681 1550 1805 1582 praemiove
1821 1549 1874 1582 quis
1893 1548 1977 1581 dignus
1994 1546 2131 1580 effe-videa«

1171 1589 1222 1611 tur.

1186 1669 1800 1733 Cicnnonis

1155 1766 2088 1936 {BN1UM

571 1971 1279 2035 PHILIPPICA
1366 1974 1726 2037 NCHQA

368 2079 722 2128 ORATio
790 2082 1921 2143 QUlNQUAGESIMAPRIMA.

435 2270 504 2290 mus
515 2279 523 2294 ‚
535 2262 628 2301 quam
639 2270 762 2291 mortuo
772 2262 905 2291 honores
916 2270 1126 2301 quaereremus.

399 2327 401 2331 .
437 2304 504 2332 Nec
522 2300 595 2332 verb
605 2302 728 2335 dubito,
749 2304 841 2343 quin,
862 2301 1129 2345 siillevirlegatio-

354 2372 367 2380 „
393 2367 398 2373 .
432 2353 504 2373 nem
523 2346 693 2374 renuntiare
710 2342 869 2383 potuiss'et‚
881 2343 993 2375 reditus
1019 2346 1082 2381 ejus
1094 2344 1128 2374 δε

380 2385 392 2427 ζ’
432 2385 522 2415 nobis
529 2394 628 2426 gratus
637 2384 744 2419 fuerit,
761 2385 794 2415 &
813 2385 985 2425 reipublicae
996 2386 1126 2416 salutaris

386 2426 388 2428 ’
435 2426 554 2457 futurus
563 2437 569 2456 τ
578 2437 642 2457 non
652 2426 715 2468 quo
725 2429 760 2457 L.
771 2427 909 2498 PhiliPAEo
919 2447 927 2461 ‚
941 2427 973 2458 δε
984 2428 1125 2457 L.Pisoni

163 2475 217 2498 aut
238 2467 370 2500 studium
382 2489 392 2503 ,
414 2478 466 2501 aut
483 2479 551 2499 cura
565 2468 855 2500 defueritintantoo
892 2470 959 2503 cio,
981 2478 1123 2510 tantoque

164 2518 311 2541 munere:
331 2511 379 2541 sed
396 2521 466 2542 cum
485 2514 547 2541 Ser.
567 2511 736 2550 Sulpicius¹
754 2518 833 2539 atate
849 2511 909 2540 illis
919 2512 1062 2545 anteiret,
1081 2511 1124 2541 sa-

162 2552 277 2591 pientia
294 2552 437 2582 omnibus
448 2573 457 2586 ,
477 2556 492 2572 ²
504 2552 602 2582 subito
613 2561 730 2592 ereptus
740 2551 756 2581 ὲ
770 2552 854 2582 causa
865 2571 874 2585 ,
893 2561 987 2582 totam
999 2552 1123 2593 legatio-

162 2601 237 2623 nem
248 2594 350 2624 orbam
362 2614 371 2628 ,
393 2594 426 2624 δε
438 2594 623 2625 debilitatam
635 2595 768 2634 reliquit.
791 2592 882 2634 de
893 2592 913 2623 fi
923 2594 1123 2635 cuiquamju-

164 2632 226 2664 stus
245 2636 343 2665 honos
362 2635 481 2666 habitus
498 2634 541 2666 est
558 2637 591 2665 in
605 2644 703 2665 morte
720 2636 815 2675 legato
827 2654 835 2667 ‚
855 2636 888 2664 in
903 2634 1119 2674 nullojustior,

162 2676 254 2716 quam
265 2679 296 2706 in
306 2680 365 2708 Ser.
376 2678 508 2717 Sulpicio
520 2697 529 2711 ,
540 2679 711 2717 reperietur.
735 2677 831 2706 Ceteri
843 2696 851 2709 ‚
866 2678 918 2716 qui
929 2678 962 2706 in
972 2677 1120 2717 legatione

161 2726 294 2748 mortem
306 2719 448 2749 obierunt
459 2738 467 2752 ,
486 2718 521 2748 ad
533 2720 683 2749 incertum
694 2719 764 2748 vitae
773 2718 940 2757 periculum
954 2738 963 2751 ‚
985 2717 1045 2748 sine
1055 2718 1119 2749 ullo

160 2761 254 2789 'mortis
267 2768 344 2789 metu
353 2759 480 2800 profeffl
492 2761 510 2790 s
507 2769 560 2790 unt
570 2771 575 2789 2
595 2762 656 2790 Ser.
667 2760 815 2800 Sulpici-us
824 2769 895 2789 cum
908 2760 1005 2800 aliqua
1014 2769 1117 2799 perve-

159 2801 264 2832 niendi
275 2802 311 2832 ad
322 2803 539 2832 M.Antonium
551 2802 598 2841 spe
607 2800 760 2841 profectus
770 2800 813 2831 est
822 2821 830 2834 ‚
848 2802 930 2831 nulla
941 2801 1118 2832 revertendi.

182 2844 212 2872 ui
228 2842 298 2873 cum
319 2846 356 2874 ita
373 2842 496 2873 affectus
513 2842 584 2873 effet
595 2863 603 2877 ‚
624 2852 674 2877 ut,
696 2842 760 2873 siad
779 2853 899 2885 gravem
914 2842 1115 2873 valitudinem

171 2883 242 2913 abor
251 2887 307 2915 viae
315 2884 485 2919 accessisset,
498 2884 551 2915 fibi
561 2885 620 2925 ipse
632 2883 781 2915 diffideret
793 2895 797 2913 :
809 2895 872 2914 non
884 2885 1025 2914 recusavit
1035 2904 1044 2918 ‚
1054 2894 1116 2927 quo

159 2925 264 2954 minus
276 2927 324 2956 vel
337 2936 473 2957 extremo
483 2927 585 2967 spiritu
596 2947 605 2960 ‚
626 2925 645 2956 fi
655 2936 745 2968 quam
756 2936 845 2966 opem
857 2928 938 2966 reipu
944 2927 1028 2955 blicae
1037 2925 1114 2956 ferre

159 2964 257 3005 posset
266 2986 274 3000 2
294 2971 483 3008 experiretur.
507 2972 608 3011 Itaque
619 2978 682 2998 non
694 2969 784 2998 illum
797 2970 841 2998 vis
851 2969 961 2997 hiemis
973 2988 980 3001 ‚
991 2977 1054 2996 non
1065 2970 1113 2997 ni-

158 3015 230 3040 ves,
252 3017 317 3038 non
334 3010 492 3051 longitudo
509 3011 629 3043 itineris
640 3029 649 3044 ‚
668 3020 733 3041 non
746 3010 883 3051 asperitas
893 3012 1009 3041 viarum
1020 3028 1031 3044 ‚
1049 3018 1113 3040 non

1166 2178 1291 2210 morbus
1308 2179 1512 2220 ingravescens
1523 2178 1694 2210 retardavit:
1712 2189 1843 2222 cumque
1858 2180 1923 2221 jam
1939 2181 1976 2213 ad
1986 2184 2126 2224 congres-

1166 2221 1245 2255 sum,
1254 2221 1503 2262 colloquiumque
1513 2221 1576 2260 ejus
1587 2221 1782 2262 pervenisset,
1792 2222 1827 2252 ad
1838 2233 1929 2264 quem
1938 2233 1998 2254 erat
2008 2224 2125 2255 missus:

1166 2264 1198 2292 in
1209 2263 1270 2303 ipsa
1279 2272 1348 2292 cura
1358 2283 1367 2297 ‚
1383 2263 1416 2293 &
1425 2262 1622 2293 meditatione
1632 2263 1765 2294 obeundi
1776 2264 1820 2294 sui
1832 2267 1966 2295 muneris
1976 2265 2095 2297 exceffit
2104 2267 2123 2297 ὲ

1167 2305 1238 2335 vita.
1261 2304 1304 2334 Ut
1313 2306 1402 2345 igitur
1411 2305 1466 2334 alia
1477 2323 1485 2338 ,
1505 2302 1541 2334 slc
1551 2305 1609 2334 hoc
1621 2325 1629 2337 ,
1647 2306 1770 2336 C-Pansa
1779 2326 1790 2339 0
1803 2307 1942 2346 praeclare
1952 2327 1959 2341 ‚
1972 2307 2054 2348 quod
2065 2318 2122 2338 nos

1165 2345 1200 2375 ad
1211 2345 1381 2377 ornandum
1392 2349 1451 2376 scr.
1461 2346 1630 2386 Sulpicium
1649 2348 1819 2378 cohortatus
1838 2358 1868 2378 es
1878 2368 1887 2383 ,
1910 2348 2015 2389 &ipse
2026 2350 2121 2380 multa

1162 2388 1287 2427 copiose
1311 2387 1349 2417 de
1371 2388 1453 2418 illius
1475 2387 1560 2418 laude
1584 2387 1696 2419 dixisti.
1719 2389 1853 2430 quibusa
1863 2399 1890 2420 te
1909 2390 1997 2420 dietis
2009 2410 2017 2423 ,
2038 2390 2120 2421 nihil

1163 2438 1266 2469 praeter
1285 2429 1463 2460 sententiam
1472 2429 1603 2460 dicerem
1615 2450 1624 2463 ‚
1641 2429 1694 2460 nisi
1706 2431 1866 2461 P.Servilio
1875 2431 2121 2472 respondendum

1161 2479 1296 2510 putarem
1308 2491 1317 2504 ‚
1329 2473 1382 2512 qui
1393 2473 1473 2501 hunc
1483 2470 2037 2507 honoremstaruaeneminitribuendum
2046 2483 2120 2504 cen-

1161 2513 1238 2547 suit,
1256 2511 1311 2542 nisi
1327 2515 1381 2554 qui
1399 2512 1478 2543 ferro
1496 2511 1567 2543 efl'et
1585 2515 1616 2543 in
1626 2513 1966 2559 legationeinterfesfltus.
1990 2517 2054 2556 Ego
2065 2525 2119 2546 au-

1160 2562 1236 2587 tem,
1249 2554 1359 2585 1‘.C.s1c
1369 2557 1547 2596 interpretor
1557 2553 1671 2584 sensisse
1679 2556 1807 2593 majores
1817 2554 1946 2590 nostros,
1958 2564 1991 2586 ut
1999 2557 2118 2588 causam

1163 2600 1273 2626 mortis
1287 2596 1474 2629 censuerint,
1496 2605 1559 2625 non
1576 2605 1671 2636 genus
1689 2595 1747 2626 ess'e
1760 2596 1966 2636 quaerendum.
1990 2599 2117 2630 Etenim

1156 2639 1206 2667 cui
1225 2638 1332 2677 legatio
1352 2638 1412 2678 ipsa
1434 2638 1525 2667 morti
1542 2636 1661 2670 fuisset,
1680 2639 1744 2677 ejus
1754 2647 1994 2669 monumentum
2004 2639 2119 2671 exstare

1156 2689 1173 2708 v
1180 2680 1322 2709 oluerunt
1332 2699 1339 2711 ‚
1352 2688 1385 2708 ut
1393 2681 1426 2708 in
1435 2679 1522 2708 bellis
1532 2677 1702 2718 periculofis
1711 2679 1831 2709 obirent
1838 2681 1981 2711 homines
1990 2681 2116 2722 legatio-

1159 2722 1207 2749 nis
1227 2729 1339 2750 munus
1354 2719 1504 2750 audacius.
1530 2722 1604 2750 Non
1623 2722 1859 2761 igiturexempla
1870 2723 2020 2762 majorum
2033 2734 2118 2764 quae-

1155 2761 1330 2805 rendaffcd
1350 2761 1491 2802 consitium
1510 2761 1553 2791 est
1571 2772 1674 2791 eorum
1687 2783 1696 2795 ,
1715 2763 1730 2792 Ξι
1748 2773 1809 2804 quo
1829 2764 1889 2803 ipsa
1900 2765 2038 2804 exempla
2048 2774 2115 2797 nata

1157 2803 1242 2836 sunt,
1266 2803 1488 2843 explicandum.
1521 2805 1620 2833 Lartes
1634 2805 1842 2845 Tolumnius,
1861 2815 1915 2835 rex
1930 2807 2107 2842 Veientum,
2128 2822 2151 2847 2

1172 2853 1294 2874 uattuor
1311 2847 1421 2886 legatos
1434 2845 1537 2884 populi
1548 2847 1640 2875 Rom.
1665 2845 1786 2876 Fidenis
1796 2848 1962 2878 interemit:
1977 2859 2111 2890 quorum.

1181 2895 1254 2916 atuae
1271 2888 1302 2916 in
1313 2887 1429 2916 Rostris
1447 2885 1588 2916 steterunt
1605 2888 1696 2930 usque
1712 2887 1748 2918 ad
1764 2887 1896 2919 nostram
1915 2893 2109 2921 memoriam.

1145 2926 1238 2966 justus
1260 2929 1348 2957 honos.
1372 2930 1410 2957 iis
1428 2929 1511 2957 enim
1524 2929 1650 2967 majores
1661 2929 1775 2963 nostri,
1796 2932 1849 2971 qui
1860 2931 2001 2972 obremp.
2025 2942 2112 2963 mor-

1153 2977 1214 2998 tem
1233 2970 1370 2999 obierant
1380 2989 1388 3002 ‚
1410 2978 1463 3008 pro
1473 2970 1554 2999 brevi
1565 2972 1624 3000 vita
1632 2971 1806 3002 diuturnam
1817 2975 1998 3004 memoriam
2010 2974 2112 3005 rcddi-

1153 3010 1271 3041 derunt-
1287 3009 1476 3046 Cnostavii,
1486 3011 1568 3045 clari,
1579 3012 1611 3043 &
1619 3015 1720 3054 magni
1730 3015 1788 3044 viri
1798 3025 1803 3043 ;
1813 3016 1866 3055 qui
1875 3018 1990 3056 primus
1999 3018 2031 3046 in
2042 3026 2110 3047 eam

2017 3056 2111 3088 fami-

159 3125 185 3146 ι.
263 3117 318 3141 ‘rate
327 3117 373 3142 illis
391 3120 491 3143 anteiret
504 3138 512 3150 ‚
526 3119 649 3153 sapientia
666 3120 798 3154 omnibus]
821 3120 936 3147 Manutii
954 3120 1117 3148 introduxe-
1139 3131 1142 3149 ι
1182 3129 1224 3160 ¹a..
1243 3122 1322 3147 Subito
1331 3122 1440 3155 ereptus&
1451 3121 1610 3158 caufh,&c.]
1631 3123 1703 3150 Illud
1722 3125 1814 3158 &causa
1825 3135 1894 3152 nunc
1911 3125 2026 3161 primum
2037 3112 2112 3152 acce}

267 3159 324 3178 rant
335 3159 416 3184 ,κιαι
427 3155 477 3181 illos
486 3156 709 3190 ant.sap.omncs.
728 3156 773 3185 sed
781 3156 874 3187 invitis
886 3156 963 3186 libris
975 3157 1070 3187 nostris
1089 3158 1117 3184 Sc
1140 3151 1142 3180 ,¹
1161 3155 1203 3183 dit
1221 3157 1332 3192 publicis
1340 3157 1505 3185 editionibus
1517 3178 1525 3190 ,
1543 3159 1588 3185 diu
1611 3170 1642 3186 ue
1657 3159 1708 3187 fuit
1719 3161 1789 3196 quod
1801 3161 1827 3188 id
1846 3167 1860 3190 c
1871 3161 1930 3190 mis.
1949 3161 1999 3189 suis
2009 3161 2112 3188 eruerit

149 3187 236 3227 prisca
248 3187 375 3216 editione.

1160 3192 1330 3232 probantque
1341 3195 1478 3224 Ferrarius
1488 3204 1519 3221 ne
1541 3205 1572 3220 ue
1582 3205 1596 3222 a
1609 3197 1661 3225 iter
1678 3197 1736 3225 1²21.
1746 3196 1797 3226 sec.

1488 3231 1516 3259 fl
1537 3231 1599 3260 ihh
2041 3234 2110 3259 μεθ
