2360 3400
579 117 790 164 Epis-r.
836 131 910 162 AD
958 116 1274 177 ΒιὶυτυΜ,
1335 125 1535 173 [ΛΒ-ΕΚ
1579 129 1838 179 Sinoni...

228 197 308 229 boni
322 196 445 238 possunt
457 215 468 231 5
486 195 506 227 fi
527 196 621 227 modo
634 196 716 239 digni
728 197 846 230 sumus,
870 196 980 237 quibus
998 197 1110 238 aliquid
1128 200 1182 227 tri-

227 239 349 270 buatur:
366 249 416 270 aut
428 248 482 279 ego
493 241 592 271 matri,
605 249 636 268 ac
648 239 748 271 sorori,
759 239 916 279 puerisque
928 239 990 268 illis
1000 238 1184 278 praestaturus

227 281 311 313 sum,
337 279 452 310 siniiiil
472 281 598 310 valuerit
616 280 692 320 apud
712 289 740 309 te
760 300 768 313 ,
798 280 1017 326 reliquumque
1035 280 1181 314 senatum,

225 331 328 352 contra
346 331 458 361 patrem
480 322 629 362 Lepidum
642 324 747 351 Brutus
757 322 942 352 avunculus?
958 321 1090 351 Scribere
1103 321 1185 350 mul-

225 371 254 393 ta
271 362 306 393 ad
327 372 354 392 te
373 373 470 404 neque
491 362 609 403 poffum
630 374 687 403 prae
704 363 906 393 sollicitudine
927 382 936 395 ,
969 372 1000 392 ac
1015 362 1182 409 stomacho,

224 413 322 444 neque
340 404 443 435 debeo.
469 407 548 435 Nam
560 403 580 435 fi
591 407 622 437 in
634 414 712 435 tanta
722 415 751 434 re
762 424 770 438 ,
792 414 911 448 tamque
922 401 1078 434 necessaria
1088 404 1185 433 verbis

223 447 303 475 mihi
315 455 389 485 opus
399 446 441 477 est
451 446 485 476 ad
496 457 524 476 te
534 447 747 479 excitandum,
769 446 802 476 &
815 445 1077 476 contii-mandum:
1101 445 1185 475 nulla

223 486 288 526 spes
298 487 339 516 est
351 507 359 521 ,
374 487 522 518 faetumm
536 498 561 518 te
571 488 652 529 quod
664 489 735 518 volo
748 507 757 521 ,
777 488 810 517 &
829 486 910 527 quod
920 495 1055 533 oportet.
1086 489 1184 533 Quare

223 529 468 568 noliexspe&are
481 530 582 571 longas
595 540 705 570 preces
732 532 845 559 intuere
865 532 1013 574 meipium
1026 547 1034 561 ,
1053 536 1106 567 qui
1125 529 1183 574 11οε

222 568 239 599 ὲ
257 579 301 603 te,
326 571 569 605 veIaCicerone,
594 569 842 611 conjunffiss'imo
859 571 1005 616 homine,
1024 578 1176 616 privatim:

220 612 298 641 vela
316 614 482 646 consulari,
509 613 559 642 tali
577 614 661 646 viro,
686 621 801 642 remota
822 609 1037 657 necessitudine
1056 619 1178 658 privata,

222 652 380 692 impetrare
392 655 497 684 debeo.
521 654 602 696 Qid
614 653 648 684 sis
659 653 790 684 1161111115
804 674 812 686 ,
834 653 928 699 velim
940 653 1018 682 mihi
1028 661 1181 693 quampri-

224 695 313 724 mum
324 695 473 726 rescribas.
486 696 613 726 Kalend.
624 697 730 736 Qint.
741 699 787 725 Ex
795 693 902 724 castris.

452 739 645 768 etcERo
678 738 870 768 BRUTO,
903 737 933 765 s.
1155 776 1160 780 -

165 753 178 779 1
190 755 209 786 4
297 780 402 808 Revias
420 788 476 809 tuae
495 780 617 812 litterae‚
640 778 743 808 breves
755 778 846 807 dico?
869 773 968 805 immo
988 776 1091 806 nullae.
1124 784 1179 823 tri-

228 775 388 851 Bbuihe
399 819 547 850 versiculis
557 821 603 849 his
616 819 804 858 temporibus
823 820 929 857 Brutus
951 817 986 846 ad
1004 822 1076 847 me?
1098 818 1177 846 nihil

220 860 394 900 scripsissem
407 864 516 901 potius.
541 861 709 900 &requiris
723 869 813 888 meas.
837 861 912 898 Qis
931 868 1075 898 umquam
1097 858 1132 888 ad
1148 868 1176 888 te

219 910 341 933 tuorum
358 901 419 932 sine
437 904 513 932 meis
526 903 628 932 venit?
651 899 724 939 Qia'z
735 909 833 930 autem
844 898 968 938 epistola
979 909 1042 928 non
1056 899 1175 944 pondus

217 942 343 974 habuit?
370 946 443 983 Qae
466 942 485 972 si
503 942 538 972 ad
560 952 587 972 te
609 942 726 981 perlatae
743 951 807 970 non
830 942 917 974 sunt,
940 951 977 970 ne
997 940 1175 988 domesticas

215 985 339 1025 quidem
357 993 419 1014 tuas
429 984 552 1023 perlatas
562 983 696 1013 arbitror.
725 984 866 1012 Ciceroni
887 982 988 1012 scribis
1009 991 1036 1011 te
1053 983 1174 1022 longio-

204 1035 277 1055 ⁴rem
290 1025 425 1054 daturum
438 1024 606 1065 epistolam.
639 1023 719 1054 reste
736 1025 766 1054 id
788 1023 928 1064 quidem:
949 1023 998 1053 sed
1014 1024 1172 1070 haecbquo-

212 1076 270 1106 que
283 1066 387 1097 debuit
400 1066 457 1096 effe
467 1067 596 1106 plenior.
625 1069 687 1106 Ego
699 1075 799 1096 autem
810 1064 882 1096 cum
899 1065 934 1095 ad
946 1075 995 1094 mc
1005 1065 1041 1095 de
1052 1067 1173 1095 Cicero-

211 1109 261 1137 nis
279 1107 328 1137 abs
348 1116 377 1137 te
395 1107 519 1138 discess'u
537 1106 709 1148 scripsiss'es,
732 1106 831 1137 statim
851 1106 960 1137 extrusi
984 1107 1151 1137 tabellarios
1163 1127 1171 1141 ,
1192 1139 1194 1143 ,

209 1147 378 1189 litterasque
389 1150 423 1179 ad
439 1152 618 1180 Ciceronem
632 1163 640 1183 3
663 1158 694 1178 ut
707 1169 715 1182 ,
726 1151 816 1179 etiarn
829 1147 849 1177 si
860 1149 893 1178 in
903 1149 1020 1195 ltaliam
1031 1147 1169 1196 venisset,

208 1190 245 1219 ad
255 1199 284 1220 te
296 1190 413 1221 rediret.
436 1193 513 1221 nihil
524 1194 608 1221 enim
622 1190 870 1229 mihijucundius
882 1210 890 1224 ‚
917 1190 996 1219 nihil
1014 1190 1060 1219 illi
1075 1191 1174 1221 hone-

210 1230 297 1262 stius.
317 1243 500 1273 quamquam
524 1234 682 1273 aliquoties
711 1235 738 1262 ei
765 1232 956 1272 scripseram,
985 1231 1170 1263 sacerdotum

208 1276 336 1304 comitia
354 1295 363 1308 ,
393 1285 460 1305 mea
482 1275 600 1305 summa
626 1276 825 1304 contentione
853 1276 885 1303 in
909 1274 1034 1303 alterum
1053 1283 1170 1321 annum

209 1313 268 1344 ess'e
286 1315 394 1350 1·eie6ba
415 1327 421 1345 :
449 1315 532 1357 quod
555 1327 610 1358 ego
628 1315 699 1346 cum
718 1317 875 1345 Ciceronis
898 1316 981 1345 causa
999 1315 1147 1346 elaboravi
1159 1335 1167 1349 ,

209 1366 275 1386 tum
296 1359 449 1391 Domitii,
469 1362 588 1388 Catonis
601 1379 610 1392 ,
631 1358 776 1390 Lentuli,
798 1356 997 1386 Bibulorum:
1024 1357 1109 1397 quod
1131 1357 1167 1387 ad

208 1390 238 1428 te
257 1401 348 1428 etiam
378 1399 556 1438 scripseram.
592 1399 647 1430 Sed
669 1398 812 1428 videlicet
831 1397 901 1428 cum
922 1399 1006 1428 illam
1027 1397 1165 1437 pusillam

208 1439 364 1479 epistolam
385 1450 465 1470 tuam
477 1441 511 1470 ad
521 1451 569 1471 me
580 1441 667 1471 dabas
678 1460 686 1473 ,
709 1439 849 1469 nondum
864 1448 922 1469 erat
933 1440 988 1469 tibi
1001 1439 1031 1469 id
1042 1449 1163 1470 notum.

208 1483 305 1522 Qare
323 1484 411 1511 omni
429 1481 530 1512 studio
549 1484 565 1512 a
585 1492 632 1515 te,
656 1483 700 1510 mi
719 1483 823 1513 Brute,
843 1481 1018 1514 contendo,
1040 1484 1166 1511 utCice—
1185 1503 1187 1518 ἦ

207 1532 315 1553 ronem
337 1533 442 1553 meum
462 1533 501 1553 ne
528 1524 682 1556 dimittas,
716 1531 874 1562 tecumque
903 1522 1028 1568 adducas
1041 1533 1051 1568 :⁴
1081 1523 1162 1563 quod

203 1565 303 1604 ipsum
313 1584 323 1598 ‚
335 1563 354 1594 fi
368 1575 462 1605 remp.
473 1566 671 1606 cuifiafteptus
682 1574 711 1595 es
722 1583 730 1597 ,
743 1564 863 1603 respicis
875 1583 883 1597 ,
897 1564 1163 1604 tibiJam,Jamqtie

201 1605 376 1636 faciendum
395 1606 446 1637 est.
479 1611 490 1626 ¹·
503 1617 640 1638 renatum
662 1609 747 1636 enim
766 1605 881 1635 bellum
901 1604 1081 1653 estffiidque·
1097 1616 1160 1635 non

194 1656 295 1688 ¹parvo
307 1648 413 1678 scelere
436 1650 555 1688 Lepidi.
574 1651 728 1680 Exercitus
751 1657 851 1678 autem
875 1648 1012 1680 Caesaris,
1031 1658 1083 1689 qui
1107 1657 1167 1678 erat

204 1693 339 1729 optimus
351 1710 359 1724 ‚
381 1700 446 1720 non
457 1690 552 1721 modo
562 1692 641 1722 nihil
661 1689 780 1731 prodest
795 1707 803 1724 ·,
827 1689 875 1720 sed
886 1692 976 1738 etiam
987 1700 1066 1731 cogit
1077 1700 1162 1737 eiter-

202 1734 297 1761 citum
319 1740 407 1761 tuum
427 1731 565 1772 flagitari:
589 1734 641 1774 qui
659 1733 680 1762 si
703 1733 819 1763 Italiam
839 1735 1066 1802 attiperitserit
1088 1741 1164 1779 civis

201 1782 296 1802 nenio
316 1772 418 1813 (quem
431 1774 553 1814 quidem
568 1777 666 1805 civem
679 1775 818 1813 appellari
827 1774 870 1803 fas
902 1775 936 1814 it)
955 1784 1005 1813 qui
1018 1773 1044 1803 se
1056 1783 1119 1803 non
1129 1783 1164 1803 in

202 1821 251 1843 tua
270 1813 357 1844 castra
368 1816 510 1846 conserat.
534 1815 582 1846 etsi
598 1820 721 1847 Brutum
734 1815 871 1855 praeclare
882 1825 951 1844 cum
964 1816 1074 1845 Planco
1087 1825 1161 1863 conss

196 1854 341 1894 junstum
362 1856 516 1886 habemus.
551 1857 599 1887 sed
623 1867 685 1887 non
704 1859 841 1897 ignoras,
866 1858 958 1897 quam
978 1853 1033 1903 sint
1053 1865 1160 1886 incerti

200 1897 297 1926 animi
329 1898 492 1928 hominum
507 1918 515 1932 ‚
540 1899 574 1929 &
599 1897 704 1928 1111εὸ11
733 1899 880 1937 partibus,
905 1898 937 1927 δε
956 1906 1056 1927 exitus
1079 1907 1158 1937 proe-

199 1936 324 1968 liorum.
358 1941 440 1980 Qin
461 1942 568 1974 etiam,
593 1939 631 1974 fi,
660 1949 693 1970 ut
719 1940 823 1979 spero,
847 1941 1027 1972 vicerimus,
1054 1948 1156 1987 tamen

199 1981 215 1998 ²
226 1989 365 2020 magnam
375 1982 622 2021 gubernationem
634 1984 678 2012 tui
697 1980 812 2012 consilii
834 2002 844 2015 ,
870 1991 984 2021 tuaeque
998 1980 1157 2011 audoma-

197 2022 237 2051 tis
254 2031 299 2051 res
309 2021 490 2054 defiderabit.
513 2024 647 2054 subveni
656 2027 762 2065 igitur,
778 2034 829 2064 per
842 2024 913 2054 deos
924 2044 933 2056 ,
948 2022 1036 2063 idque
1048 2034 1153 2063 quam-

197 2064 333 2102 primum
345 2064 460 2105 tibique
469 2066 607 2105 persuade
617 2086 626 2100 ,
649 2077 712 2096 non
723 2076 751 2096 te
769 2066 869 2110 idibus
881 2067 965 2110 Mart.
977 2065 1086 2104 quibus
1097 2066 1154 2095 ser-

196 2105 325 2134 vitutem
337 2106 352 2135 a
364 2108 422 2136 tuis
431 2107 547 2138 Civibus
558 2108 771 2149 repulisti‚plus
780 2105 1150 2156 proiuissepzitrizquam,

196 2143 219 2175 fi
229 2146 344 2177 mature
357 2151 471 2178 veneris
483 2168 491 2182 ,
512 2149 715 2189 profuturum.
732 2160 743 2179 1
754 2160 777 2179 1.
793 2150 862 2180 Idus
872 2151 978 2189 Qint·

435 2193 625 2222 CICERO
654 2194 849 2225 BRUTO,
881 2194 910 2221 S.
951 2233 956 2238 ι

311 2233 493 2262 EssALLAM
516 2233 614 2263 habes.
669 2234 855 2275 uibusigitur
868 2233 974 2263 litteris
993 2241 1050 2263 tam
1064 2243 1149 2264 accu-

308 2274 369 2302 rate
382 2274 494 2313 scriptis
505 2273 614 2315 ass'equi
624 2275 742 2315 pofl‘um
757 2295 766 2309 ,
793 2274 931 2306 subtilius
943 2284 974 2304 ut
986 2277 1147 2314 explicem,

136 2214 180 2244 15

192 2322 402 2354 quaegerantui·
414 2335 422 2348 ,
441 2326 566 2356 quaeque
585 2316 642 2347 sint
661 2320 692 2347 in
705 2327 766 2357 rep.
785 2318 876 2358 quam
896 2316 986 2346 tibiis
1005 2326 1148 2357 exponet,
1168 2347 1169 2358 ἵ

192 2356 244 2393 qui
265 2355 298 2384 &
320 2357 436 2396 optime
456 2360 560 2388 omnia
578 2361 685 2393 novit,
704 2359 737 2389 &
755 2357 969 2400 elegantiffime
986 2358 1145 2398 expedire,

192 2395 226 2424 δε
245 2395 359 2426 deferre
377 2398 412 2428 ad
434 2407 462 2428 te
480 2399 595 2439 potest?
621 2403 700 2432 Cave
717 2403 801 2431 enim
820 2400 975 2432 existimes
992 2420 1001 2434 ,
1035 2402 1123 2430 Brute
1135 2422 1143 2436 ‚

190 2435 386 2477 (quamquam
409 2450 473 2470 non
483 2440 524 2472 est
534 2441 649 2472 necess'e
670 2452 703 2474 ea
719 2452 769 2472 me
789 2443 825 2473 ad
845 2453 873 2473 te
885 2462 894 2476 ‚
913 2452 977 2482 quae
1000 2441 1055 2472 tibi
1073 2452 1144 2474 nora

190 2477 276 2512 sunt,
297 2480 438 2511 scribere:
458 2482 507 2512 sed
519 2492 620 2514 tamen
633 2493 743 2515 tantam
755 2487 897 2515 omnium
907 2483 1031 2514 laudum
1043 2486 1139 2515 excel-

189 2519 316 2550 lentiam
327 2531 391 2551 non
402 2532 480 2563 queo
492 2523 610 2555 filentio
620 2527 778 2567 praeterire)
789 2536 858 2557 cave
869 2535 953 2566 putes
963 2545 971 2559 ,
984 2526 1139 2571 probitate,

190 2561 375 2596 constantia,
396 2574 482 2599 cura,
503 2564 603 2597 studio
619 2569 691 2608 reip.
702 2568 868 2609 quidquam
886 2568 933 2597 illi
945 2567 1009 2614 ¹esse
1027 2565 1140 2598 simile:

187 2611 222 2631 ut
239 2603 426 2643 eloquentia,
447 2616 503 2645 qua
513 2609 688 2639 mirabiliter
707 2610 847 2642 excellit,
871 2611 925 2639 vix
942 2619 974 2638 in
993 2619 1031 2638 eo
1047 2609 1138 2656 lecum

185 2643 221 2673 ad
239 2644 420 2676 laudandum
444 2648 551 2678 habere
562 2650 713 2683 ,videatur.
746 2660 928 2691 quamquam
947 2653 980 2680 in
999 2651 1052 2680 hac
1068 2653 1138 2690 ipsa,

184 2685 401 2726 sapientiaplus
412 2698 536 2728 apparet.
559 2694 599 2721 ita
608 2694 687 2733 gravi
701 2692 836 2732 judicio,
857 2692 1010 2733 multaque
1029 2702 1088 2740 arte
1108 2695 1136 2724 se

186 2730 362 2758 exercuitin
384 2729 533 2761 νει-11111110
541 2743 647 2773 genere
665 2734 794 2764 dicendi.
819 2736 915 2764 Tanta
926 2743 1026 2764 autem
1046 2735 1136 2765 indu—

184 2767 253 2799 stria
262 2768 322 2803 est,
343 2773 355 2797 3
368 2779 543 2813 tantumque
555 2775 716 2816 evigilatin
728 2774 846 2809 studio,
868 2784 898 2805 ut
918 2785 983 2806 non
1001 2779 1135 2808 maxima

183 2812 307 2851 ingenio
331 2813 424 2853 (quod
435 2815 467 2844 in
478 2825 513 2845 eo
525 2815 681 2846 summum
701 2817 754 2858 est)
772 2819 863 2858 gratia
880 2817 1015 2849 habenda
1034 2818 1133 2850 videa-

1206 206 1209 233 i'
1227 212 1282 233 tur,
1306 205 1360 235 Sed
1370 208 1520 246 provehar
1529 219 1638 240 amore.
1655 221 1717 242 non
1729 215 1812 244 enim
1825 213 1854 245 id
1864 214 2048 256 propositum
2061 216 2103 248 est
2113 217 2186 249 huic

1206 245 1207 274 1
1228 245 1358 285 epistol-,e
1373 267 1381 280 ‚
1401 248 1565 281 Meffillam
1589 261 1619 282 ut
1639 252 1755 284 laudem
1770 275 1778 288 ,
1798 257 1960 295 praesertim
1978 258 2013 288 ad
2036 260 2186 290 Brutum³

1204 282 1207 329 i
1228 288 1421 319 cui&vi1·tus
1434 292 1517 321 illius
1528 302 1591 322 non
1603 296 1725 328 minus,
1749 298 1839 336 quiim
1860 300 1956 333 mihi,
1976 309 2046 331 ncta
2068 300 2128 336 est,
2151 302 2186 332 &

1204 354 1205 373 Χ
1227 328 1289 358 haec
1307 331 1367 369 ipsa
1386 330 1480 362 studia
1493 352 1500 366 ,
1524 344 1591 374 quae
1610 336 1697 366 laudo
1710 356 1718 370 ,
1741 348 1875 369 notiora:
1900 350 1990 380 quem
2010 342 2080 372 cum
2097 343 2114 374 a
2133 353 2184 374 me

1203 403 1205 410 ‚
1226 368 1403 405 dimittens,
1424 376 1549 412 graviter
1569 376 1697 407 serrem:
1721 378 1779 409 hoc
1797 380 1915 411 levabar
1938 392 2000 412 uno
2015 403 2024 416 ‚
2043 383 2125 423 quod
2147 384 2184 416 ad

1226 418 1253 439 te
1266 431 1273 442 ,
1295 420 1447 453 tamquam
1459 415 1493 445 ad
1512 416 1632 446 astarum
1642 429 1684 447 me
1695 439 1702 451 ,

1203 476 1204 481 ,
1223 452 1355 491 gebatur,
1370 456 1401 484 δεῖ
1412 455 1528 486 laudem
1544 461 1709 490 maximam

1202 501 1291 522 :nus.
1335 497 1435 525 Venio
1460 507 1542 528 nunc
1569 500 1662 540 longo
1696 502 1763 532 sane
1792 506 1954 535 intervallo
1973 507 2007 536 ad
2029 508 2180 548 quandam

1201 546 1203 567 i
1221 534 1377 573 epistolam
1390 557 1397 569 ,
1422 548 1478 577 qua
1488 541 1564 569 1111111
1578 543 1672 572 multa
1691 544 1823 575 tribuens
1835 566 1844 579 ,
1868 557 1962 576 unum
1983 550 2181 587 reprehende-

1201 574 1202 589 ³
1221 574 1289 608 bas,
1310 577 1394 616 quod
1419 581 1449 608 in
1470 582 1634 612 honoribus
1654 583 1849 617 decernendis
1868 587 1959 618 essem
1987 593 2103 621 nimius
2118 612 2125 624 ‚
2144 592 2179 623 δε

1200 614 1202 650 ,Ι
1220 625 1370 657 tamquam
1382 620 1534 662 prodigiis.
1558 626 1607 652 Tu
1619 625 1674 655 'noc
1686 637 1690 654 2
1700 627 1901 659 aliusfonass‘e
1914 650 1922 662 ‚
1942 632 2022 671 quod
2034 634 2065 661 in
2077 636 2178 663 anim—

1197 652 1201 729 ‘
1221 658 1392 690 adversione
1406 681 1414 693 ‚
1435 671 1582 704 poenaque
1600 665 1723 700 durior3
1743 668 1937 701 nist-fortass'e
1956 682 2114 714 utrumque
2135 684 2177 706 tu.

1220 699 1309 745 Qod
1324 699 1344 729 fi
1366 703 1404 731 ita
1423 702 1466 733 est
1481 723 1490 736 ‚
1511 706 1659 746 utriusque
1672 711 1713 738 rei
1725 713 1988 751 meumjudicium
2011 714 2065 744 tibi
2085 719 2178 755 cupio

1219 741 1276 771 este
1295 741 1485 773 notissimum
1501 756 1505 773 :
1527 756 1622 786 neque
1642 748 1740 779 solum
1757 771 1766 783 ‚
1786 755 1946 784 utSolonis
1961 755 2177 787 diCtumusur-

1215 791 1284 821 pem
1299 802 1308 816 ,
1329 785 1380 824 qui
1398 789 1415 810 4
1433 785 1465 815 δε
1487 786 1716 826 sapientiffimus
1736 791 1795 822 fuit
1812 804 1850 824 ex
1872 796 1981 834 septem
1995 818 2004 831 ,
2026 798 2058 827 ὅς
2073 799 2175 840 legum

1197 823 1338 863 [scriptor
1352 825 1430 855 solus
1451 837 1488 857 ex
1504 829 1623 868 septem.
1649 833 1678 860 Is
1696 842 1788 872 remp.
1822 846 1944 867 nunnus
1968 849 2070 869 REEUS
2095 850 2175 870 cors·-

1196 868 1336 904 JTINERl
1358 877 1483 903 nixi-r,
1504 880 1666 905 PRAEMro,
1685 883 1725 902 ET
1744 885 1864 906 POENA.
1889 879 1930 908 est
1942 880 2174 913 scilicetutrius-

1195 909 1197 932 ἰ
1214 916 1271 946 que
1293 909 1335 937 rei
1355 909 1485 943 modus,
1507 909 1577 942 ficut
1587 913 1788 953 reliquarum,
1810 918 2031 958 &quaedamin
2043 932 2170 964 utroque

1194 948 1196 984 j
1213 958 1320 988 genere
1340 951 1550 983 mediocritas:
1570 954 1619 984 sed
1638 965 1703 986 non
1724 966 1802 988 tanta
1819 960 1856 989 de
1876 971 1905 991 re
1926 962 2109 1002 propofitum
2129 965 2172 995 est

1194 992 1196 1024 l
1213 990 1350 1021 hocloco
1360 991 1517 1032 disputare.
1541 996 1622 1036 Qid
1635 1007 1689 1038 ego
1699 1008 1799 1030 autern
1809 1001 1924 1032 secutus
1943 1004 2000 1034 hoc
2021 1005 2100 1035 bello
2113 1005 2167 1036 sim

1193 1056 1195 1069 7
1213 1033 1245 1060 in
1264 1032 1418 1063 sententiis
1437 1034 1572 1066 dicendis
1595 1057 1603 1071 ,
1624 1042 1735 1078 aperire
1754 1051 1818 1072 non
1835 1045 1969 1075 alienum
1989 1056 2071 1085 puto.
2103 1047 2173 1078 Post

1214 1074 1370 1104 interitum
1392 1077 1531 1110 Caesaris,
1560 1078 1593 1108 δε
1619 1079 1727 1111 vestras
1746 1086 1970 1117 memorabileis
1989 1087 2059 1117 Idus
2079 1090 2167 1119 Mart.

1214 1117 1326 1149 Brute,
1359 1117 1433 1157 quid
1460 1128 1516 1159 ego
1534 1122 1763 1159 praetermiss'um
1788 1126 1804 1155 a
1831 1127 1943 1162 vobis3
1969 1139 2170 1171 quantamque

1212 1157 1388 1196 impendere
1406 1161 1521 1200 reipub.
1534 1162 1738 1202 tempestatem
1750 1166 1882 1198 dixerim
1895 1190 1905 1201 ,
1931 1180 1994 1200 non
2004 1181 2033 1200 es
2044 1171 2168 1202 oblitus.

1191 1202 1193 1216 ¹
1211 1199 1319 1238 Magna
1339 1199 1428 1239 pestis
1447 1211 1506 1232 erat
1524 1202 1644 1243 depulsa
1663 1216 1714 1245 per
1724 1217 1798 1241 vos,
1821 1219 1927 1251 magna
1948 1213 2053 1252 populi
2073 1215 2167 1243 Rom.

1190 1256 1192 1276 3
1210 1240 1325 1270 macula
1342 1241 1454 1273 deleta:
1475 1244 1561 1274 vobis
1574 1245 1644 1275 vero
1655 1257 1732 1286 parta
1743 1248 1846 1281 divina
1864 1254 1975 1292 gloria:
1997 1254 2046 1284 sed
2058 1254 2169 1285 instru-

1190 1279 1191 1285 ’
1209 1291 1348 1312 mentum
1360 1287 1443 1323 regni
1453 1284 1586 1316 delatum
1595 1287 1630 1318 ad
1642 1290 1792 1329 Lepidum
1806 1312 1814 1325 ,
1838 1292 1871 1322 δε
1883 1297 2052 1325 Antonium
2066 1307 2071 1325 :
2087 1306 2168 1337 quo-

1188 1342 1190 1351 .
1207 1332 1275 1352 rum
1297 1325 1368 1354 alter
1388 1326 1606 1358 inconstantior
1619 1349 1628 1363 2
1647 1331 1718 1361 alter
1735 1334 1903 1373 impurior,
1925 1345 2048 1378 uterque
2069 1346 2165 1378 pacem

1187 1383 1189 1406 ¹,
1206 1372 1347 1399 metuens,
1363 1368 1509 1398 inimicus
1520 1372 1596 1400 otio.
1621 1373 1678 1402 His
1687 1373 1857 1405 ardentibus
1868 1379 2071 1416 perturbanda:
2089 1382 2162 1420 reip.

1187 1407 1385 1445 {cupiditatm
1411 1410 1492 1449 quod
1520 1416 1633 1451 opponi
1665 1413 1759 1453 posset
1774 1417 1963 1456 praesidium,
1986 1431 2050 1450 non
2073 1422 2165 1451 habe-

1207 1447 1321 1477 bamus.
1346 1452 1487 1481 Erexerat
1503 1462 1586 1482 enim
1605 1455 1633 1484 se
1654 1457 1779 1492 civitas,
1805 1461 1836 1489 in
1857 1462 2012 1491 retinenda
2030 1462 2164 1493 libertate

1205 1489 1408 1521 consentiens.
1434 1495 1501 1522 Nos
1513 1503 1576 1524 tum
1588 1497 1681 1526 nimis
1693 1508 1789 1528 acres:
1811 1510 1865 1530 vos
1875 1500 1992 1532 fortass'e
2001 1504 2164 1543 sapientius

1185 1530 1186 1544 ³
1204 1529 1365 1561 exceffistis
1394 1533 1465 1563 urbe
1484 1544 1516 1564 ca
1535 1555 1544 1568 ,
1575 1547 1664 1575 quam
1694 1539 1873 1571 liberaratis:
1894 1544 1986 1573 Italiae
2004 1545 2056 1574 fua
2075 1546 2164 1575 vobis

1184 1581 1185 1591 ¹
1204 1570 1298 1602 studia
1319 1572 1471 1612 profitenti
1497 1576 1659 1607 remisistis.
1702 1582 1801 1621 Itaque
1820 1582 1890 1612 ct'im
1911 1586 2004 1614 teneri
2024 1586 2128 1615 urbem
2146 1588 2163 1616 a

1203 1616 1356 1652 parricidis
1377 1616 1531 1650 viderem,
1555 1628 1610 1649 nec
1629 1628 1656 1649 tc
1674 1621 1706 1650 in
1727 1632 1777 1655 ca,
1808 1633 1865 1653 nec
1876 1624 2005 1656 Cassium
2025 1625 2091 1656 tuto
2103 1626 2162 1658 esse

1203 1652 1303 1693 poffe,
1323 1666 1448 1698 eamque
1465 1661 1555 1689 armis
1571 1660 1735 1700 oppressam
1755 1664 1791 1694 ab
1810 1668 1966 1700 Antonio,
1987 1669 2063 1698 mihi
2084 1679 2162 1709 quo·

1182 1706 1183 1709 ¹
1201 1706 1259 1736 que
1278 1696 1331 1736 ipsi
1351 1697 1408 1728 effe
1429 1701 1635 1732 excedendum
1655 1707 1766 1743 putavi.
1790 1709 1949 1737 TAErRuM
1973 1718 2067 1739 ENtM
2090 1720 2163 1740 spe..-

1203 1747 1385 1770 CTACULUM
1398 1761 1407 1774 ,
1441 1751 1600 1773 opvnassn
1632 1755 1675 1777 AB
1705 1756 1819 1777 ritimis
1845 1756 1986 1780 CIVITAS
2005 1771 2014 1784 ‚
2045 1761 2162 1783 optru-

1718 420 1907 459 proficiscens
1923 443 1932 457 ,
1954 424 1986 454 ὃς
1997 423 2100 455 officio
2109 425 2184 456 fun-

1733 462 1915 502 sequebatur.
1942 465 1996 495 Sed
2010 467 2070 497 liaec
2081 468 2182 497 hasste-

1201 1789 1308 1810 nasim
1334 1792 1522 1812 ΡοτεετΑτε
1550 1795 1715 1816 PRfficisA,
1754 1789 1809 1819 Sed
1837 1793 1956 1821 animus
1976 1792 2058 1822 idem
2074 1813 2083 1827 ,
2103 1796 2160 1834 qui

1200 1821 1316 1861 semper
1335 1822 1450 1854 infixus
1478 1824 1519 1855 est
1539 1828 1571 1855 in
1587 1830 1686 1866 patriae
1702 1831 1820 1860 caritate
1833 1851 1842 1865 ,
1861 1831 2019 1863 discessum
2038 1834 2074 1865 ab
2091 1838 2158 1875 ejus

1198 1864 1339 1900 periculis
1357 1865 1433 1894 seire
1448 1875 1508 1895 non
1519 1871 1627 1906 potuit.
1650 1871 1790 1910 itaquein
1804 1873 1906 1903 medio
1916 1875 2046 1905 Achaico
2055 1878 2157 1911 cursu,

1197 1902 1268 1933 cum
1289 1904 1451 1936 Etesiarum
1467 1907 1572 1938 diebus
1591 1910 1697 1940 Auster
1713 1921 1762 1941 me
1783 1915 1816 1942 in
1834 1916 1951 1945 Italiam
1966 1935 1974 1949 ,
1995 1917 2073 1958 quasi
2094 1918 2157 1949 dis-

1197 1944 1296 1975 suasor
1313 1949 1375 1976 mei
1394 1947 1530 1982 consilii,
1561 1951 1723 1985 retulisset,
1744 1962 1772 1984 te
1793 1955 1856 1986 vidi
1873 1957 1987 1993 Veliae,
2008 1959 2155 2000 doluique

1196 1987 1403 2019 vehementer.
1435 1989 1566 2021 Cedebas
1586 1995 1667 2023 enim
1681 2014 1689 2027 ‚
1711 1996 1798 2025 Brute
1813 2017 1823 2029 ,
1842 1997 1985 2033 cedebas,
2005 2010 2153 2041 quoniam

1175 2051 1177 2067 4
1196 2031 1209 2054 5
1222 2031 1312 2059 Stoici
1333 2030 1427 2060 nostri
1446 2042 1553 2073 negant
1567 2033 1680 2075 ficrgere
1693 2036 1841 2076 sapientis.
1866 2041 1999 2072 Romam
2020 2052 2051 2072 ut
2065 2046 2151 2077 veni.

1175 2073 1176 2085 ¹
1196 2068 1294 2100 statim
1306 2081 1354 2101 ine
1370 2072 1466 2103 obtuli
1480 2077 1609 2108 Antonii
1627 2077 1728 2108 sceleri
1743 2098 1750 2111 ,
1772 2089 1859 2120 atque
1868 2081 2028 2114 dementiae
2040 2095 2046 2114 ε
2059 2094 2152 2124 quem

1173 2129 1175 2134 ,
1193 2110 1264 2142 cum
1277 2115 1308 2142 in
1321 2123 1369 2143 me
1380 2114 1579 2146 incitaviffcm
1592 2137 1600 2151 ,
1622 2118 1742 2150 consilia
1754 2123 1828 2151 inire
1838 2126 1915 2163 coepi
1926 2126 2049 2156 Brutina
2062 2127 2153 2166 plane

1194 2153 1294 2190 (vestri
1312 2158 1395 2185 enim
1418 2157 1479 2186 haec
1490 2158 1684 2200 suntpropria
1700 2161 1862 2204 sanguinis)
1886 2169 1958 2205 reip.
1978 2167 2149 2199 liberandae.

1193 2197 1298 2236 Longa
1332 2197 1418 2232 sunt,
1447 2209 1513 2239 quae
1535 2200 1659 2236 restant,
1682 2206 1902 2242 praetereunda:
1922 2208 1990 2238 sunt
2005 2211 2090 2240 enim
2111 2211 2150 2240 de

1191 2246 1259 2267 me:
1285 2238 1403 2269 tantum
1423 2239 1510 2275 dico,
1545 2243 1688 2273 Caesai'em
1718 2246 1799 2276 hunc
1824 2247 2062 2284 adolescentem,
2095 2261 2149 2291 per

1189 2289 1278 2318 quem
1291 2281 1384 2311 adhuc
1394 2282 1456 2312 sum
1464 2292 1496 2312 us
1507 2303 1515 2316 ‚
1538 2281 1558 2313 si
1571 2294 1674 2315 verum
1687 2286 1770 2317 fateri
1789 2289 1932 2320 volumus
1943 2310 1951 2323 ,
1976 2290 2095 2322 fluxiss'e
2107 2302 2146 2323 ex

1189 2322 1274 2351 fonte
1283 2321 1478 2354 consiliorum
1492 2330 1724 2358 meorumfluic
1736 2329 1829 2360 habiti
1840 2330 1855 2361 a
1866 2341 1915 2361 me
1926 2333 2055 2363 honores
2067 2334 2147 2364 nulli

1187 2363 1324 2404 quidem,
1338 2367 1436 2399 Brute,
1449 2365 1503 2395 nisi
1515 2366 1624 2398 debiti:
1646 2370 1734 2403 nulli,
1749 2370 1803 2401 nisi
1815 2372 1978 2403 necessarii.
2002 2378 2044 2405 Ut
2058 2379 2145 2407 enirn

1186 2405 1323 2445 primum
1343 2407 1510 2438 libertatem
1529 2419 1666 2440 revocare
1675 2414 1842 2452 coepimus,
1865 2414 1936 2445 cum
1955 2415 1983 2445 se
2001 2417 2144 2448 nondum

1185 2456 1223 2477 ne
1238 2449 1360 2478 Decimi
1379 2449 1503 2488 quidem
1524 2452 1607 2481 Bruti
1624 2451 1728 2484 divina
1747 2456 1840 2485 virtus
1859 2458 1899 2486 ita
1917 2458 2142 2493 commovisset,

1186 2499 1218 2520 ut
1235 2489 1299 2529 jam
1321 2489 1352 2519 id
1376 2491 1449 2521 scire
1465 2490 1636 2531 possemus:
1656 2504 1743 2535 atque
1769 2506 1862 2527 omne
1880 2498 2048 2537 praesidium
2068 2499 2142 2532 ess'et

1184 2533 1217 2561 in
1237 2540 1349 2570 puero,
1367 2534 1420 2572 qui
1442 2534 1457 2562 a
1475 2535 1643 2564 cervicibus
1663 2536 1775 2567 nostris
1793 2538 1937 2569 avertiffct
1956 2543 2140 2572 Antonium:

1183 2583 1249 2613 quis
1269 2574 1368 2603 honos
1385 2576 1413 2603 ei
1431 2573 1490 2604 fuit
1508 2576 1731 2607 decernendus?
1747 2589 1928 2620 quamquain
1939 2591 1995 2623 ego
2014 2584 2138 2615 illitum

1183 2614 1346 2644 verborum
1365 2615 1483 2646 laudem
1510 2617 1600 2647 tribui
1621 2637 1630 2652 ‚
1659 2629 1784 2660 eamque
1803 2622 1965 2652 modicam.
2008 2626 2140 2656 Decrevi

1181 2659 1272 2686 etiam
1295 2657 1456 2696 imperium
1481 2668 1487 2686 :
1517 2659 1598 2698 quod
1617 2670 1797 2701 quamquam
1818 2663 1972 2694 videbatur
1995 2666 2041 2695 illi
2059 2669 2138 2697 aetati

1178 2696 1396 2730 honorificum,
1420 2708 1520 2729 tamen
1539 2710 1598 2730 erat
1608 2711 1773 2733 exereitum
1784 2704 1904 2736 habenti
1926 2706 2134 2739 neceffarium.

1175 2739 1249 2779 quid
1267 2739 1350 2769 enim
1372 2738 1413 2769 est
1432 2738 1493 2769 sine
1519 2744 1652 2781 Imperio
1668 2747 1836 2775 exercitus?
1865 2749 1996 2779 Statuam
2019 2750 2135 2790 Philip-

1174 2790 1228 2819 pus
1249 2779 1380 2810 decrevit
1393 2801 1401 2814 ‚
1419 2781 1599 2812 celeritatem
1619 2787 1774 2824 petitionis
1791 2787 1892 2826 primo
1909 2791 2045 2825 Seivius,
2066 2790 2134 2831 post

1175 2822 1324 2861 majorem
1344 2824 1432 2852 ctiam
1451 2826 1603 2855 Servilius.
1627 2827 1706 2856 nihil
1724 2837 1790 2857 tum
1810 2832 1944 2860 nimium
1963 2832 2130 2863 videbatur.

2074 2875 2133 2907 Sed

219 2962 229 2980 ι
237 2974 243 2980 .
262 2959 377 2982 Renasum
386 2961 445 2984 enim
454 2959 534 2984 bellum
544 2960 590 2990 eff,
598 2959 667 2992 idque
675 2968 720 2985 min
727 2967 804 2993 parvo
809 2961 895 2993 scelere
905 2962 987 2995 Lepidi
991 2962 1014 2996 .]
1035 2962 1130 2991 Assen-

177 2990 233 3016 1101·
243 2991 390 3019 Gulielmio
401 2995 548 3020 autuniaivti
560 2994 714 3029 legendum,
725 3005 768 3021 non
775 3004 889 3028 patmum.

215 3034 243 3051 2.
266 3030 382 3059 Magnam
387 3030 576 3061 gubernarunem
586 3033 622 3056 tui
630 3032 738 3066 confili1'.]
764 3031 918 3067 Suspcfflum
930 3034 994 3059 milii
1007 3054 1014 3066 ,
1025 3044 1132 3068 maguam

172 3063 359 3094 gubernationem
370 3082 379 3095 ,
398 3071 522 3100 tauquam
533 3065 667 3102 adpiffikuin
687 3066 719 3093 ad
729 3067 807 3094 aliam
820 3078 897 3104 quain
910 3077 998 3096 vocem
1012 3080 1071 3097 vere
1082 3072 1131 3098 Ci—

195 3105 293 3124 aronis.

179 3106 198 3124 c
211 3141 238 3168 ς.
258 3134 400 3170 Tantumque
409 3137 506 3170 evigilat
523 3138 548 3165 in
559 3137 663 3174 studim]
683 3139 846 3170 Gulielmius
858 3141 972 3178 margini
985 3141 1130 3182 adscripsit,

1150 3135 1154 3167 ἶ
1173 3145 1306 3182 pleneque
1315 3150 1399 3182 vestii.

1176 2965 1318 3001 legendum
1333 2967 1428 2999 videri,
1446 2971 1542 3001 wisilat.
2047 3009 2051 3014 -

1208 3010 1236 3034 4.
1257 3005 1473 3037 Etsnpitntiffimm
1481 3006 1606 3039 es'rpmm]
1625 3006 1780 3033 chkionem
1792 3007 1865 3034 istam
1875 3008 1946 3035 eruit
1956 3012 1970 3035 e
1981 3008 2130 3036 fideliffime

1175 3039 1320 3074 ei:eiiipl.tii
1341 3040 1367 3064 ἓξ
1389 3034 1477 3066 tuctur
1498 3041 1566 3068 libro
1578 3052 1660 3069 xxxv.
1677 3044 1737 3069 Var.
1749 3043 1812 3070 lctst.
1825 3053 1880 3080 cap.
1891 3052 1919 3079 7.
1939 3045 1970 3071 P.
1981 3044 2129 3072 vietorius.

1173 3075 1264 3109 pervii]
1268 3081 1328 3110 gata
1338 3085 1421 3108 enini,
1432 3079 1460 3107 (ly
1463 3079 1560 3109 sapiens
1570 3088 1642 3103 imum
1652 3079 1763 3112 Dfiptem.
2024 3116 2039 3121 ..
2100 3116 2105 3120 .

1216 3119 1239 3142 ,-.
1258 3113 1431 3148 stolonum-L]
1452 3113 1562 3140 Sicinff.
1579 3114 1762 3144 nostrioiiiiies
1780 3114 1916 3153 editioriue
1927 3115 2051 3146 ViCtdru.
2073 3115 2131 3145 ³1¹⁸ae

1477 3186 1652 3223 Eececc3
2011 3197 2033 3216 1.
2054 3188 2144 3213 Grati·
