2295 3400
112 922 155 955 14

121 2172 160 2203 15

155 123 258 186 426
562 111 1066 164 MTuLmr

161 197 242 231 esset.
266 197 378 230 idcirco
387 196 469 228 enirn
480 214 489 229 ,
498 193 581 237 quod
590 196 640 225 hic
646 191 766 224 class‘em
777 189 940 227 habuiffet,
952 189 1110 222 existima-

165 251 232 275 rem
249 250 313 271 non
326 237 424 270 fuisse.
447 237 529 279 Qid
547 235 568 266 fi
587 238 625 267 L.
638 240 647 256 ¹
660 235 770 276 Oppii,
790 236 826 265 L.
837 235 918 276 Agrii
931 254 940 268 ‚
960 232 1110 265 C-Cestii‚

166 285 305 324 equitum
316 284 410 312 Rom.
424 280 513 319 hujus
530 279 620 308 etiam
636 275 787 308 clariffimi
802 277 878 310 viri,
897 278 954 306 Cn.
966 276 1112 307 Domitii.

168 328 222 367 qui
238 327 270 354 in
281 321 346 353 Asia
362 331 427 352 tum
448 321 559 361 legatus
574 318 649 353 fuit,
669 318 846 350 testimonio
864 317 959 348 doceo
969 337 978 351 ‚
998 326 1035 348 eo
1047 316 1114 357 ipso

169 374 307 406 tempore
316 384 325 398 ,
337 373 397 404 quo
407 372 439 393 tu
451 362 512 403 ipse
521 371 609 403 negas
617 359 736 392 classem
744 359 913 391 habendam
921 357 1020 393 fuisse,
1029 368 1115 389 com-

166 408 281 449 plureis
291 406 306 436 a
315 405 507 446 praedonibus
516 402 575 434 efl'e
586 410 677 444 captos
688 406 698 432 ἒ
718 405 837 433 Tamen
848 402 944 432 Flacci
954 399 1115 433 consilium

168 451 204 480 in
221 447 386 489 remigibus
404 445 588 487 imperandis
607 444 838 485 reprehendetur
855 446 866 473 ?
887 443 969 485 Qid
987 441 1008 473 si
1025 444 1117 473 etiam

171 490 288 521 occisus
299 488 340 520 est
349 488 365 519 a
374 490 478 529 piratis
486 488 699 518 Adramitenus
707 507 716 521 ,
728 487 825 517 homo
836 485 950 516 nobilis
959 505 968 519 ,
978 486 1025 525 cuj
1030 495 1063 515 us
1072 483 1117 515 est

169 531 236 563 sere
261 531 349 562 nobis
370 530 516 561 omnibus
534 538 651 559 nomen
668 529 804 559 auditum
823 548 832 562 ,
865 529 994 558 ²Atinas
1012 526 1115 568 pugil,

171 573 428 614 Olympionices?
445 574 501 602 hoc
515 570 558 601 est
570 570 646 611 apud
657 573 777 603 Graecos
787 571 945 611 (quoniam
955 569 992 600 de
1007 578 1115 599 eorum

169 616 311 655 gravitate
329 614 460 644 dicimus
491 612 583 653 prope
601 613 697 653 majus
714 632 722 646 ,
744 612 777 642 &
793 610 948 653 gloriosius
962 631 972 645 ‚
1002 614 1014 638 3
1026 609 1116 651 quam

171 659 282 687 Roma:
299 657 450 696 triumpha
476 657 517 685 e?
538 658 578 685 At
594 656 753 685 neminem
772 652 887 694 cepisti.
907 652 1007 694 Qam
1027 652 1119 682 multi

171 708 233 729 orae
248 699 409 728 maritimae
426 695 577 728 clariffimi
595 697 654 726 viri
672 695 874 736 praefuerunt,
893 697 945 736 qui
959 694 1030 725 cum
1045 703 1118 733 prae-

171 739 288 770 donem
299 740 420 770 nullum
429 736 573 779 cepifl‘ent
585 757 593 772 ,
614 748 690 766 mare
699 747 799 768 tamen
810 745 907 766 tutum
914 735 1118 778 praestiterunt?

169 782 254 812 casus
262 781 305 812 est
314 783 399 811 enim
409 783 441 811 in
451 780 597 820 capiendo
607 800 615 813 ‚
634 780 718 810 locus
729 799 737 813 ,
761 788 885 809 eventus
895 798 905 812 ,
924 776 1045 809 occasio.
1068 776 1120 807 de-

171 822 318 854 fendendi
335 822 431 854 facilis
451 822 494 852 est
511 823 610 852 cautio
623 841 631 855 ,
651 831 715 851 non
727 820 825 851 solum
837 820 969 850 latibulis
984 818 1120 849 occulto-

173 875 242 896 rum
258 865 397 895 locorum
411 885 419 898 ,
439 864 488 896 sed
505 866 596 894 etiam
612 861 820 902 tempestatum
839 861 1064 893 moderatione,
1086 859 1120 889 ὃς

173 905 378 938 converfione.
401 907 568 946 Reliquum
578 904 620 935 est
631 925 639 938 ‚
657 913 688 933 ut
698 913 844 944 quaeratur
853 923 862 937 ‚
875 912 976 933 utrum
985 901 1039 932 ista
1049 901 1121 931 clas-

174 947 211 979 fis
220 968 229 983 ,
251 952 269 976 4
278 949 363 979 cursu
374 968 383 982 ‚
403 948 436 978 ὃ(
445 949 537 978 remis
548 967 556 981 ‚
575 947 719 986 anficmtu
729 955 843 975 tantum
855 965 863 978 ,
877 945 910 975 δε
926 944 1025 974 litteris
1034 944 1121 974 navi-

173 992 260 1033 garit.
285 993 299 1018 5
310 993 396 1020 Num
407 990 436 1020 id
448 991 536 1030 igitur
550 990 649 1029 negati
658 985 756 1028 potest
767 1007 776 1020 ‚
798 988 883 1027 cujus
896 988 938 1016 rei
952 984 1060 1016 cuncta
1078 994 1122 1015 te-

174 1032 228 1064 stis
245 1030 288 1062 est
296 1031 362 1062 Asia
374 1052 382 1065 ,
402 1029 541 1071 bipartito
557 1028 677 1060 classem
691 1028 879 1059 distributam
889 1026 975 1059 fuiss'e
987 1047 995 1062 ,
1016 1036 1048 1058 ut
1063 1036 1122 1057 una

172 1083 240 1115 pars
251 1074 335 1114 supra
345 1074 495 1113 Ephesum
507 1091 515 1105 ‚
535 1071 624 1102 altera
633 1070 710 1101 infra
721 1071 872 1110 Ephesum
883 1071 1051 1111 navigaret?
1069 1069 1123 1098 hac

173 1114 262 1147 claffe
272 1113 446 1147 Mciass'us,
457 1115 504 1144 vir
513 1110 711 1153 amplissimus
721 1132 729 1146 ‚
746 1110 760 1132 ⁶
770 1112 805 1142 ab
816 1115 898 1143 AEno
909 1114 941 1141 in
951 1110 1062 1143 Asiam,
1074 1111 1121 1139 his

174 1157 304 1188 navibus
312 1157 431 1186 Flaccus
441 1164 480 1185 ex
490 1153 556 1186 Asia
570 1157 599 1185 in
613 1154 824 1185 Macedoniarn
837 1156 996 1195 navigavit.
1009 1155 1047 1182 In
1056 1161 1119 1193 quo

175 1200 266 1240 igitur
281 1199 414 1238 praetoris
434 1196 477 1226 est
495 1196 651 1237 diligentia
665 1195 862 1236 requirenda?
881 1198 914 1225 in
928 1204 1056 1224 numero
1070 1202 1122 1223 na-

174 1242 261 1270 vium
276 1260 284 1274 ,
310 1240 344 1270 &
364 1241 397 1270 in
415 1238 612 1278 descriptione
631 1238 771 1278 aequabili
789 1238 904 1267 sumtus
922 1239 932 1265 ?
954 1235 1122 1266 dimidium

174 1282 239 1321 ejus
251 1302 260 1315 ‚
281 1291 343 1322 quo
358 1281 523 1321 Pompejus
541 1289 600 1310 crat
619 1280 689 1310 usus
708 1299 717 1313 ,
740 1280 907 1319 imperavit.
931 1287 1007 1308 num
1026 1278 1125 1317 potuit

175 1325 312 1364 parcius?
331 1321 478 1362 descripsit
488 1330 589 1352 autem
600 1322 759 1361 pecuniam
770 1321 806 1350 ad
816 1321 953 1360 Pompeii
962 1321 1121 1351 rationem.

176 1375 245 1406 quae
262 1364 322 1395 fuit
338 1363 564 1395 accommodata
581 1366 617 1394 L.
629 1363 718 1394 Sullae
736 1362 931 1402 descriptioni
951 1372 956 1390 :
979 1363 1033 1402 qui
1050 1359 1122 1391 cum

176 1416 287 1437 omnes
296 1405 369 1437 Asiae
382 1406 518 1436 civitates
541 1410 556 1434 7
564 1406 759 1445 proportione
777 1406 811 1433 in
824 1405 996 1444 provincias
1014 1403 1124 1433 descri-

177 1446 286 1489 psiss‘en
296 1448 382 1479 illam
390 1449 537 1478 rationem
548 1449 582 1477 in
590 1446 766 1487 imperando
776 1446 877 1476 sumtu
888 1465 897 1479 ‚
907 1445 939 1475 δε
948 1445 1072 1485 Pompej
1077 1454 1123 1478 us,

179 1489 215 1520 δε
226 1490 344 1521 Flaccus
355 1490 472 1520 secutus
487 1488 540 1520 est.
563 1498 660 1530 neque
674 1487 717 1519 est
734 1487 831 1518 adhuc
846 1496 947 1518 tamen
960 1496 994 1517 ea
1005 1487 1125 1517 summa

177 1533 339 1572 completa.
362 1534 438 1562 Non
447 1529 535 1561 refert
543 1529 626 1561 verb.
650 1529 732 1571 Qid
741 1530 888 1560 lucretur?
898 1538 969 1559 cum
979 1529 1062 1559 enim
1073 1538 1124 1570 ge-

181 1583 239 1604 nus
249 1573 511 1614 imperataepecuniae
520 1573 638 1612 suscipit
651 1583 657 1601 ι
672 1572 703 1602 id
714 1591 723 1605 ,
734 1571 817 1612 quod
827 1579 859 1601 tu
868 1572 987 1601 crimen
996 1569 1054 1600 effe
1064 1579 1122 1603 vis,

179 1613 352 1646 confitetur.
375 1613 436 1655 Qi
449 1615 540 1655 igitur
553 1614 670 1655 probari
681 1612 777 1654 potest
788 1633 796 1647 ,
816 1615 850 1643 in
868 1621 901 1642 ea
917 1613 1043 1653 pecunia
1060 1621 1126 1641 non

182 1656 334 1688 referenda
344 1677 352 1690 ‚
371 1659 488 1686 crimen
508 1654 561 1685 sibi
578 1655 677 1696 ipsum
690 1654 783 1685 facere
794 1675 803 1689 ,
821 1657 854 1685 in
863 1664 920 1695 qua
931 1656 1047 1684 crimen
1056 1651 1128 1683 esset

179 1698 302 1729 nullum
313 1718 322 1732 ,
342 1696 363 1728 fi
377 1697 497 1728 referret
509 1701 519 1727 ἲ
543 1700 582 1727 At
596 1699 679 1727 enim
694 1707 781 1737 negas
794 1695 914 1726 fratrem
928 1705 1034 1726 meum
1046 1714 1054 1728 ,
1073 1697 1127 1735 qui

181 1740 326 1771 L-Flacco
336 1738 515 1773 successerit,
530 1740 689 1779 pecuniam
702 1738 795 1769 ullam
805 1740 838 1768 in
848 1740 976 1779 remiges
986 1737 1128 1776 imperas-

179 1782 219 1814 se.
235 1781 387 1823 Equidem
397 1779 543 1822 eratris
553 1781 614 1810 mei
625 1780 710 1810 laude
724 1779 857 1810 deleEtor
867 1790 872 1808 ;
883 1780 932 1810 sed
942 1779 1008 1809 aliis
1018 1780 1130 1820 magis,

181 1823 380 1866 gravioribus,
391 1831 477 1864 atque
487 1821 665 1861 majoribus.
682 1821 764 1852 aliud
772 1821 915 1863 quiddam
926 1820 1037 1855 statuit,
1048 1819 1129 1850 aliud

181 1865 271 1896 vidit.
294 1864 480 1895 existimavit
497 1884 505 1897 ‚
528 1872 722 1905 quocumque
741 1872 878 1903 tempore
895 1863 1032 1893 auditum
1053 1861 1130 1903 quid

180 1905 255 1937 effer
264 1906 300 1937 de
311 1905 503 1947 praedonibus
513 1925 522 1940 ,
538 1904 629 1946 quam
640 1906 731 1935 vellet
741 1904 841 1935 subito
852 1924 860 1938 ,
876 1905 904 1936 se
914 1902 1033 1935 classem
1043 1913 1131 1934 com-

181 1957 362 1990 paraturum.
386 1947 518 1988 denique
533 1948 590 1977 hoc
605 1949 723 1988 primus
733 1945 822 1977 frater
831 1955 918 1977 meus
927 1948 961 1976 in
972 1944 1036 1976 Asia
1044 1945 1129 1978 fecit,

185 1999 219 2021 ut
234 1991 294 2020 hoc
311 1990 412 2021 sumtu
431 1991 582 2030 remigum
601 1990 736 2019 civitates
755 1988 874 2018 levaret.
896 1989 1014 2018 crimen
1030 1996 1131 2017 autem

184 2040 251 2063 tum
259 2031 356 2062 videri
366 2031 442 2062 solet
451 2050 460 2064 ,
471 2028 544 2061 cum
553 2031 661 2072 aliquis
671 2030 786 2060 sumtus
795 2029 926 2060 instituit
934 2039 986 2059 eos
995 2049 1004 2063 ,
1015 2031 1067 2069 qui
1076 2038 1132 2059 an-

181 2082 230 2104 tea
240 2083 305 2104 non
314 2082 396 2103 erant
405 2072 535 2103 instituti
546 2092 554 2106 ‚
566 2082 629 2103 non
638 2070 710 2102 cum
721 2069 984 2112 successbraliquid
994 2072 1132 2100 immutat

186 2115 223 2146 de
233 2114 378 2146 institutis
386 2116 533 2155 priorum.
556 2114 675 2144 Flaccus
685 2133 694 2147 ,
738 2113 791 2143 uid
801 2114 851 2143 alii
864 2113 963 2153 postea
971 2111 1078 2143 fadiuri
1088 2112 1132 2142 es-

184 2157 250 2188 sent
258 2176 266 2190 ,
278 2157 350 2186 scire
361 2166 424 2187 non
434 2164 561 2196 poterat:
572 2155 645 2196 quid
655 2123 800 2188 feciii‘enn
811 2154 943 2185 videbat.
965 2154 1022 2186 Sed
1033 2175 1040 2188 ‚
1051 2163 1131 2195 quo·

184 2200 269 2230 niam
292 2193 307 2219 ³
315 2197 351 2228 de
364 2199 456 2228 tetius
465 2199 641 2228 communis
651 2194 724 2226 Afiae
733 2198 861 2227 crimine
870 2195 987 2226 diatim
1000 2195 1042 2226 est
1053 2216 1061 2230 ‚
1080 2205 1131 2236 ag-

188 2239 304 2282 grediar
316 2241 379 2278 jam
393 2239 427 2270 ad
441 2238 568 2280 singulas
576 2240 727 2270 civitates:
754 2247 791 2267 ex
801 2237 910 2279 quibus
920 2236 952 2267 sit
963 2237 1032 2268 sane
1042 2238 1132 2267 nobis

183 2284 283 2324 prima
290 2282 395 2311 civitas
403 2279 612 2311 Acmonensis.
635 2281 713 2310 Citat
721 2288 816 2319 praeco
827 2289 902 2309 voce
912 2288 1045 2309 maxima
1053 2279 1132 2320 lega-

184 2333 232 2354 tos
251 2323 479 2354 Acmonenseis.
510 2321 647 2353 Procedit
658 2331 737 2351 unus
758 2320 954 2359 Asclepiades.
977 2320 1133 2360 prodeant.

187 2367 327 2397 Etiamne
337 2373 505 2405 praeconem
517 2365 640 2394 mentiri
650 2361 774 2403 cok‘gisti
789 2364 800 2390 ?
825 2360 867 2392 est
880 2363 964 2391 enim
976 2361 1065 2391 credo
1076 2381 1086 2395 ,
1106 2363 1132 2390 is

187 2417 253 2441 vir,
273 2406 327 2437 iste
338 2426 346 2440 ‚
366 2415 397 2436 ut
411 2406 537 2435 civitatis
550 2415 645 2435 nomen
657 2405 707 2435 sua
717 2403 892 2434 auctoritate
904 2402 1060 2434 sustineat:
1081 2402 1131 2433 da-

186 2457 306 2479 mnatus
315 2446 625 2488 turpissimisjudiciis
637 2447 733 2479 dorni,
746 2454 864 2476 notatus
876 2445 980 2475 litteris
992 2444 1133 2484 publicis:

187 2492 271 2530 cujus
281 2490 316 2520 de
329 2490 445 2530 probris
455 2509 464 2524 ,
479 2489 632 2520 adulteriis
643 2509 652 2522 ‚
672 2498 703 2519 ac
714 2486 820 2528 stupris
831 2486 946 2518 exstant
956 2489 1132 2516 Acmonen-

187 2532 262 2561 sium
275 2533 375 2562 litterae
389 2542 395 2561 2
418 2540 490 2573 quas
503 2541 557 2572 ego
572 2540 635 2561 non
650 2531 748 2561 solum
762 2537 880 2570 propter
893 2529 945 2559 lon
966 2528 1130 2561 itudinem,

188 2573 237 2603 {ed
246 2574 335 2603 etiam
345 2583 463 2613 propter
472 2571 672 2612 turpissimam
683 2571 889 2611 obscaenitatem
897 2539 1132 2610 verarumprae—

187 2615 340 2646 tereundas
358 2625 440 2656 puto·
464 2616 581 2654 9⁴Dixit
596 2615 720 2655 publice
738 2613 803 2645 data
819 2613 1027 2645 drachmarum
1047 2620 1129 2643 ccvi
1159 2616 1163 2655 1
1184 2613 1289 2642 nium:
1307 2614 1359 2652 qui
1369 2607 1527 2652 producsti,

1145 109 1690 158 Cicznon1s

1161 189 1268 222 millia.
1279 187 1371 236 'dixit
1387 197 1523 220 nutum:
1542 191 1621 222 nihil
1637 189 1788 226 ostendit,
1809 189 1887 222 nihil
1896 189 2040 230 protulit:
2058 189 2110 224 sed

1160 232 1301 278 adjunxit
1309 231 1341 262 id
1349 251 1357 265 ,
1369 230 1453 273 quod
1461 232 1539 264 certe
1550 235 1695 274 quoniam
1703 242 1763 265 ciat
1770 232 1972 264 domesticum
1982 253 1991 268 ,
2002 233 2110 264 docere

1161 274 1266 305 debuit
1287 283 1293 303 :
1328 273 1357 304 se
1375 275 1517 314 privatim
1536 274 1745 306 drachmarum
1765 285 1846 306 ccvr
1868 275 1965 305 millia
1984 273 2108 305 dedisse.

1163 318 1318 357 Qantum
1329 313 1382 345 sibi
1391 315 1522 346 ablatum
1536 317 1632 348 homo
1642 315 1923 358 impudentissimus
1933 316 2024 351 dicit,
2043 325 2109 346 tan-

1165 367 1230 388 turn
1248 367 1415 398 numquam
1434 355 1477 388 est
1492 358 1578 389 ausus
1591 378 1601 393 ‚
1622 367 1656 390 ut
1673 359 1813 393 haberet,
1834 368 1941 400 optare.
1964 357 2012 389 Ab
2029 357 2113 388 Aulo

1164 400 1292 431 Sextilio
1308 398 1383 430 dicit
1400 397 1558 444 seldediss'e
1571 420 1580 434 ‚
1601 400 1635 431 &
1647 401 1664 432 a
1678 401 1737 431 suis
1750 400 1898 431 fratribus.
1922 401 2025 431 Potuit
2043 399 2111 430 dare

1164 441 1320 472 Sextilius.
1343 449 1414 470 nam
1423 442 1526 472 iratres
1535 442 1660 483 quidem
1672 462 1680 476 ‚
1694 443 1845 473 consortes
1856 443 1923 472 sunt
1934 441 2115 472 mendicita-

1166 485 1213 513 tis.
1237 482 1404 512 Audiamus
1418 484 1508 524 igitur
1516 484 1680 514 Sextilium
1697 495 1703 513 :
1724 483 1828 514 fratres
1839 483 1970 525 denique
1981 481 2033 523 ipsi
2044 493 2115 523 pro-

1167 524 1272 555 deant:
1292 523 1383 564 quam
1394 525 1499 555 volent
1508 544 1516 558 ,
1539 525 1729 565 impudenter
1740 527 1925 555 mentiantur
1937 535 1942 554 z
1965 525 1997 555 &
2008 544 2017 558 ,
2031 521 2116 565 quod

1169 576 1244 596 num
1267 576 1335 597 uam
1355 566 1514 596 habuerint
1530 587 1538 600 ‚
1561 566 1674 597 dedisse
1693 567 1723 598 se
1744 567 1858 598 dicant.
1881 576 1983 597 tamen
1999 564 2116 606 aliquid

1168 607 1245 639 forta
1271 619 1286 638 e
1295 607 1396 639 coram
1403 606 1532 650 prodnsfi
1540 608 1645 642 dicent,
1656 610 1690 638 in
1700 618 1760 659 quo
1769 608 2029 649 reprehendantur.
2039 610 2116 638 Non

1167 650 1280 681 deduxi
1290 669 1298 684 ‚
1314 651 1415 691 inquit
1425 670 1433 684 ‚
1445 650 1619 680 Sextilium.
1642 650 1725 680 Cedo
1736 651 1859 682 tabulas.
1873 659 1938 680 non
1946 649 2114 690 deportavi.

1168 694 1279 722 Fratres
1290 692 1392 723 saltem
1403 691 1523 722 exhibe.
1546 702 1612 723 non
1628 691 1815 723 denuntiavi.
1839 691 1929 733 Qod
1947 701 2017 733 ergo
2034 699 2113 721 unus

1170 733 1359 774 Asclepiades
1368 753 1377 767 ,
1388 732 1510 764 fortuna
1519 743 1607 775 egens
1616 753 1625 768 ,
1636 735 1697 764 vita
1707 736 1799 774 turpis
1809 754 1818 768 ‚
1829 732 2054 764 existimatione
2063 732 2115 763 da—

1169 784 1309 809 mnatus,
1329 775 1536 816 impudentia,
1559 784 1645 816 atque
1654 775 1875 806 audaciafretus
1887 794 1896 809 ,
1915 773 1974 805 fine
1991 774 2115 808 tabulis,

1174 819 1203 835 ¹0
1213 816 1274 847 fine
1283 815 1402 847 au&ore
1408 818 1514 855 jecerit
1524 837 1533 851 ,
1553 818 1583 848 id
1595 827 1650 848 nos
1663 838 1672 851 ,
1683 816 1763 859 quasi
1773 819 1889 848 crimen
1900 836 1909 851 ,
1919 825 1968 846 aut
1979 815 2116 846 testimo-

1169 860 1257 888 nium
1269 859 1514 899 pertimescamus
1535 862 1544 889 ?
1567 859 1652 890 Idem
1665 859 1869 890 laudationem
1881 880 1890 892 ,
1911 867 2000 899 quam
2013 867 2069 887 nos
2079 856 2116 886 ab

1170 898 1410 930 Acmonensibus
1428 901 1531 931 Flacco
1550 901 1648 931 datam
1666 900 1891 941 proferebamus
1909 919 1918 934 ,
1941 898 2044 929 falsam
2061 896 2118 928 effe

1170 941 1298 972 dicebat.
1320 942 1405 982 cujus
1418 942 1541 983 quidem
1557 942 1737 973 laudationis
1748 942 1861 983 jac‘kura
1878 940 2044 981 exoptanda
2060 949 2121 969 no-

1170 982 1217 1013 bis
1227 981 1295 1013 fuit.
1318 985 1400 1014 Nam
1411 992 1443 1014 ut
1456 982 1573 1025 [ignum
1589 985 1747 1024 publicum
1757 984 1886 1024 inspexit
1898 983 2052 1023 praeclarus
2066 978 2123 1011 iste

1169 1023 1271 1055 ευέὶοι·
1280 1024 1338 1055 suae
1346 1027 1474 1056 civitatis
1485 1046 1494 1058 .
1513 1026 1606 1056 solere
1615 1026 1683 1056 suos
1693 1028 1784 1056 civeis
1794 1046 1803 1060 ‚
1820 1024 1991 1065 ceterosque
2001 1026 2121 1053 Graecos

1169 1076 1203 1095 ex
1221 1073 1356 1106 tempore,
1375 1066 1456 1108 quod
1467 1076 1542 1107 opus
1559 1066 1610 1102 sit,
1630 1066 1782 1109 obsignare
1794 1067 1880 1097 dixit.
1907 1069 1956 1096 Tu
1973 1064 2046 1096 vero
2065 1063 2123 1094 tibi.

1170 1107 1278 1138 habeto
1292 1106 1377 1138 istam
1392 1108 1605 1139 laudationem.
1627 1119 1682 1139 nec
1691 1111 1775 1139 enim
1786 1105 2023 1139 Acmonensium
2038 1104 2122 1137 testi-

1172 1150 1282 1179 monio
1300 1150 1395 1180 Flacci
1413 1151 1491 1184 vita,
1512 1150 1544 1180 δε
1563 1150 1690 1191 dignitas
1706 1151 1826 1181 nititur.
1857 1149 1907 1179 das
1925 1151 2009 1178 euim
2027 1148 2118 1180 mihi,

1168 1190 1252 1231 quod
1261 1191 1325 1222 haec
1333 1191 1416 1221 causa
1426 1193 1561 1221 maxime
1571 1191 1700 1231 postulat
1710 1212 1719 1225 ,
1729 1192 1844 1221 nuliam
1849 1190 2040 1230 gravitatem,
2052 1188 2123 1218 nul-

1166 1233 1230 1263 lain
1249 1231 1467 1266 constantiam,
1488 1233 1610 1262 nullum
1629 1231 1754 1263 firmum
1770 1235 1802 1263 in
1814 1234 1925 1262 Giaecis
1943 1229 2126 1261 hominibus

1167 1272 1328 1304 confilium
1339 1293 1347 1308 ,
1365 1275 1482 1305 nullam
1492 1274 1622 1315 denique
1629 1273 1689 1304 effe
1698 1274 1866 1305 testimonii
1877 1272 1979 1303 fidem.
2002 1271 2058 1302 nisi
2067 1281 2121 1302 ve-

1169 1315 1204 1346 rb
1222 1315 1364 1346 haetenus
1379 1316 1431 1346 ista
1445 1315 1576 1346 formula
1589 1315 1776 1351 testimonii,
1795 1325 1881 1356 atque
1892 1315 2038 1345 orationis
2050 1322 2121 1347 tuac.

1168 1357 1311 1392 describi,
1334 1357 1528 1400 arc-distingui
1546 1357 1660 1398 potest,
1680 1368 1712 1388 ut
1721 1360 1825 1388 Flacco
1834 1357 1947 1387 absenti
1955 1354 2069 1396 aliquid
2079 1355 2124 1385 ci-

1169 1402 1273 1430 vitates
1290 1399 1423 1430 tribuifl'e
1441 1400 1578 1430 dicantur
1594 1410 1599 1429 z
1625 1401 1722 1430 Laelio
1737 1399 1892 1440 praesenti,
1910 1408 1961 1438 per
1972 1398 2001 1428 se
2010 1398 2122 1438 agenti,

1171 1443 1201 1472 vi
1213 1441 1288 1482 legis
1298 1461 1308 1475 ,
1316 1443 1383 1481 jure
1392 1442 1584 1472 accusationis
1595 1461 1604 1475 ‚
1617 1441 1725 1481 opibus
1733 1451 1870 1481 p.aeterea
1877 1441 1896 1471 s
1894 1450 1937 1470 uis
1948 1440 2080 1472 terrenti,
2091 1447 2126 1469 ac

1172 1485 1303 1513 minanti
1311 1503 1320 1517 ,
1339 1484 1418 1514 nihil
1429 1485 1573 1524 temporis
1581 1484 1665 1513 causa
1674 1481 1814 1523 scripsiffe
1825 1502 1834 1516 ‚
1849 1491 1898 1513 aut
1906 1479 2068 1522 obsignaffe
2077 1481 2125 1510 vi-

1173 1525 1306 1555 deantur.
1336 1526 1484 1566 Equidem
1511 1535 1548 1555 m
1572 1534 1721 1555 MlNIMIS
1744 1525 1831 1555 rebus
1849 1524 1924 1564 saepe
1941 1533 1986 1553 res
2004 1530 2126 1563 magnas

1172 1566 1237 1597 vidi
1246 1586 1254 1600 ‚
1262 1567 1378 1606 judices
1388 1587 1397 1601 ‚
1408 1566 1608 1607 deprehendi,
1618 1577 1652 1597 ac
1661 1567 1756 1596 teneri
1766 1586 1774 1601 ,
1787 1575 1821 1596 ut
1830 1567 1864 1596 in
1873 1567 1930 1595 hoc
1940 1563 2124 1604 Asclepiade.

1173 1611 1244 1639 Haec
1255 1629 1263 1641 ,
1277 1618 1343 1649 quae
1353 1610 1368 1639 a
1378 1609 1466 1639 nobis
1474 1610 1588 1649 prolata
1596 1608 1727 1639 laudatio
1737 1627 1748 1641 ,
1760 1605 1911 1648 obsignata
1919 1615 1980 1636 erat
1987 1614 2065 1636 creta
2074 1605 2127 1636 illa

1174 1650 1314 1681 Asiatica:
1334 1661 1400 1692 quae
1416 1650 1478 1680 fere
1497 1649 1539 1681 est
1559 1651 1704 1681 omnibus
1722 1657 1794 1679 nota
1809 1648 1917 1679 nobis:
1935 1657 1993 1688 qua
2002 1655 2127 1678 utuntur

1175 1701 1283 1721 omnes
1293 1702 1356 1721 non
1368 1690 1465 1722 modo
1475 1702 1506 1722 in
1515 1692 1657 1732 publicis,
1670 1691 1718 1721 sed
1729 1699 1820 1721 etiam
1832 1692 1864 1720 in
1874 1690 1997 1729 privatis
2007 1689 2125 1723 litteris,

1175 1743 1245 1774 quas
1262 1734 1400 1782 Quotidie
1411 1733 1512 1764 videm
1518 1744 1551 1764 us
1561 1735 1641 1763 mitti
1652 1732 1668 1763 a
1676 1733 1843 1772 publicanis
1853 1751 1861 1764 ,
1881 1732 1953 1770 saepe
1963 1731 2127 1770 unicuique

1176 1774 1324 1806 nostrum.
1348 1785 1445 1816 neque
1457 1774 1541 1806 enirn
1552 1773 1632 1805 testis
1642 1775 1703 1814 ipse
1713 1772 1796 1814 signo
1805 1771 1940 1813 inspefto
1949 1771 2060 1812 fhzsum
2069 1780 2130 1801 nos

1175 1817 1305 1858 proferre
1324 1816 1421 1851 dixit,
1441 1817 1490 1847 sed
1508 1817 1660 1847 levitatem
1677 1817 1769 1845 totius
1779 1813 1851 1845 Afiae
1864 1815 2006 1854 protulit,
2026 1813 2062 1843 de
2072 1821 2130 1854 qua

1176 1870 1233 1891 nos
1252 1859 1285 1891 ὅτ.
1304 1858 1450 1892 libenter,
1474 1858 1602 1889 &sicile
1614 1856 1819 1888 concedimus.
1842 1855 1951 1886 Nostra
1960 1857 2051 1896 igitur
2065 1855 2130 1885 lau-

1176 1902 1259 1933 datio
1268 1922 1277 1936 ‚
1297 1910 1386 1941 quam
1397 1900 1450 1931 ille
1459 1903 1603 1941 temporis
1613 1899 1696 1930 causa
1709 1898 1800 1928 nobis
1810 1897 1908 1928 datam
1918 1898 1991 1928 dicit
1999 1916 2008 1930 ‚
2029 1896 2129 1927 datam

1178 1944 1302 1986 quidem
1314 1941 1495 1976 confitetur,
1515 1941 1682 1982 consignata
1700 1947 1774 1970 creta
1791 1938 1851 1970 est:
1870 1941 1904 1969 in
1913 1939 1968 1969 illo
1977 1947 2076 1969 autem
2087 1947 2131 1968 te-

1181 1986 1346 2018 stimonio,
1363 1984 1445 2025 quod
1457 1984 1616 2014 accusatori
1626 1982 1737 2013 dicitur
1746 1981 1849 2011 datum
1861 2000 1870 2015 ,
1884 1990 1974 2010 ceram
1981 1977 2038 2010 esse
2048 1978 2132 2010 vide-

1180 2038 1258 2058 mus.
1282 2023 1341 2058 Hic
1350 2036 1406 2067 ego
1420 2046 1429 2060 ‚
1447 2026 1457 2065 j
1463 2025 1564 2056 udices
1575 2045 1583 2060 ,
1604 2023 1625 2054 si
1634 2034 1688 2055 vos
1699 2020 1937 2053 Acmonensium
1947 2022 2072 2052 decretis
2082 2041 2091 2055 ,
2112 2018 2134 2052 fi

1177 2078 1346 2101 ceterorum
1356 2070 1506 2109 Phrygum
1516 2068 1620 2097 litteris
1630 2067 1944 2107 permoveriputarem
1958 2083 1968 2098 ,
1987 2062 2134 2094 vocifera-

1179 2121 1225 2143 rer
1234 2131 1243 2145 ,
1256 2110 1300 2145 δε,
1312 2114 1336 2132 ¹¹
1349 2119 1496 2151 quantum
1506 2110 1641 2139 maxime
1651 2105 1767 2148 poffern
1778 2127 1786 2141 ,
1798 2105 2013 2138 contenderem
2026 2116 2031 2134 :
2049 2103 2136 2135 testa-

1176 2163 1222 2184 rer
1231 2153 1420 2194 publicanos,
1430 2154 1592 2182 excitarem
1600 2152 1811 2190 negotiatores,
1821 2147 1948 2179 vestram
1958 2149 2048 2177 etiam
2059 2155 2134 2176 con-

1177 2196 1333 2227 scientiam
1343 2194 1536 2233 implorarem
1548 2203 1553 2222 :
1563 2202 1628 2223 cera
1637 2190 1817 2231 deprehensa
1825 2209 1833 2223 ,
1844 2187 2029 2219 confiderem
2039 2188 2133 2217 totius

1180 2236 1347 2267 testimonii
1358 2234 1459 2266 fictam
1470 2234 1622 2266 audaciam
1632 2230 1794 2263 manifesto
1803 2229 2050 2270 comprehensam
2060 2247 2069 2262 ,
2087 2237 2132 2258 at-

1179 2288 1236 2319 que
1247 2276 1412 2318 oppressam
1424 2278 1528 2306 teneri.
1551 2277 1643 2305 Nunc
1651 2272 1726 2304 verb
1735 2282 1799 2302 non
1808 2271 1957 2302 insultabo
1967 2271 2134 2300 vehemen-

1182 2323 1241 2350 tius
1252 2340 1261 2353 ,
1281 2329 1335 2350 nec
1344 2318 1479 2348 volitabo
1489 2319 1523 2346 in
1535 2317 1593 2346 hoc
1605 2313 1785 2346 insolentius
1796 2332 1804 2346 ‚
1823 2323 1920 2354 neque
1928 2313 1962 2342 in
1972 2311 2062 2342 istum
2075 2321 2134 2342 nu—

1180 2369 1312 2403 gatorem
1324 2380 1333 2394 ,
1351 2367 1492 2399 tanquam
1508 2360 1538 2388 in
1553 2358 1685 2397 aliquem
1703 2354 1795 2391 testem
1806 2375 1814 2390 ,
1831 2355 1974 2387 invehar,
1994 2364 2031 2384 ne
2055 2363 2091 2383 ue
2100 2355 2135 2384 in

1181 2410 1247 2433 toto
1258 2399 1494 2432 Acmonensium
1505 2398 1682 2429 testimonio
1693 2417 1702 2431 ,
1719 2396 1778 2427 sive
1787 2395 1837 2427 hic
1845 2394 2011 2427 confletum
2023 2405 2038 2425 e
2075 2415 2084 2428 ,
2102 2403 2136 2425 ut

1181 2442 1314 2485 appiret:
1335 2442 1393 2474 five
1402 2440 1528 2472 miss'um
1539 2442 1634 2471 domo
1643 2439 1686 2470 est
1696 2459 1704 2472 ,
1718 2448 1749 2469 ut
1758 2439 1867 2469 dicitur
1876 2457 1886 2472 ,
1899 2437 2134 2468 commovebor.

1181 2488 1294 2516 etenim
1307 2505 1315 2519 ,
1336 2484 1445 2526 quibus
1463 2494 1517 2525 ego
1537 2482 1623 2513 istam
1642 2480 1845 2512 laudationem
1866 2480 2039 2512 remittam,
2058 2487 2137 2519 quo-

1182 2529 1264 2558 niam
1276 2527 1344 2557 sunt
1353 2533 1398 2566 (ut
1407 2524 1595 2565 Asclepiades
1604 2523 1689 2563 dicit)
1701 2523 1792 2556 leves,
1802 2523 1912 2552 horum
1925 2520 2136 2551 testimonium

1182 2579 1245 2599 nori
1259 2569 1477 2609 pertimescam.
1503 2568 1602 2596 Venio
1622 2575 1703 2595 nunc
1722 2564 1757 2594 ad
1767 2561 1982 2603 Dorylensium
2001 2560 2138 2592 testimo—

1544 2607 1656 2639 tabulas
1666 2607 1694 2637 se
1703 2605 1837 2647 publicas
1847 2604 2029 2645 adspeluncas
2037 2603 2139 2676 pest}—

2087 2656 2096 2675 i
2124 2655 2141 2675 e

228 2731 251 2746 r.
271 2720 362 2755 oppii}
376 2721 416 2747 Sic
426 2720 509 2748 solum
520 2722 576 2748 Pal.
587 2721 692 2748 tei-tius.
704 2721 785 2748 ceteri
796 2729 887 2748 omnes
899 2741 907 2753 ‚
921 2728 950 2747 tit
960 2720 987 2746 8<
999 2719 1026 2746 S.
1036 2718 1141 2746 ViCtor.

189 2757 217 2784 δι
229 2757 309 2784 Grut.
321 2758 347 2783 &
359 2757 424 2783 olim
436 2758 485 2784 cusi
497 2761 527 2784 L.
538 2761 607 2791 Eppi.
628 2765 693 2794 puto
705 2761 776 2784 ver‘e.

220 2802 254 2833 ⁴a..
273 2795 469 2833 ‹Arium-pugil]
491 2795 531 2821 Eo
540 2793 663 2821 alludunt
673 2793 787 2821 Palatini
804 2792 895 2821 nostri.
916 2800 942 2819 at
953 2793 979 2819 S.
990 2791 1094 2819 ViCior.
1104 2792 1146 2819 iii-

190 2828 305 2856 clinabat
317 2840 340 2855 in
354 2833 448 2856 Utinm.

231 2874 258 2900 3.
277 2866 353 2898 Qam
362 2869 434 2892 Rome
443 2867 616 2902 triumphasse]
639 2866 762 2904 Explicat
773 2866 873 2893 eximit·
885 2866 916 2892 P.
927 2864 1011 2893 Faber
1021 2864 1091 2891 libro
1104 2873 1113 2891 ι
1122 2873 1131 2891 i
1139 2884 1145 2890 .

196 2901 343 2937 Agonistic.
356 2911 410 2937 cap.
425 2903 466 2928 i6.

229 2944 257 2969 4.
278 2937 353 2970 Ου’-ᾖα
362 2938 391 2968 (3)-
401 2938 493 2972 remis]
514 2938 584 2965 Illud
596 2939 665 2971 cursu
673 2940 702 2972 ὠ·
713 2959 721 2972 ,
732 2938 801 2966 abest
811 2939 838 2965 S.
847 2937 975 2965 νίἃοϊίδ.
986 2935 1055 2963 abest
1065 2936 1144 2963 etiam

193 2974 262 3007 cursis
273 2973 339 2999 Pali.
351 2973 466 3008 quinque
479 2993 486 3005 ,
499 2974 539 3000 sed
551 2975 568 3000 ii
580 2982 667 3002 tamen
681 2976 797 3002 retinent
808 2974 874 3000 illud
885 2976 922 3006 &a

234 3018 259 3043 5.
279 3013 350 3044 Qum
361 3010 386 3034 111
392 3013 464 3041 igitur
473 3013 554 3042 negari
561 3015 635 3043 potes!
644 3031 652 3044 ‚
670 3012 738 3045 ἀι]
759 3011 895 3038 Κενοαινί
908 3008 1026 3036 voculam
1036 3008 1063 3034 id
1071 3027 1079 3039 ‚
1099 3008 1148 3034 ali-

195 3053 262 3081 quot
272 3044 435 3071 intermediis
448 3046 608 3072 editionibus
622 3047 765 3074 exclusam.

232 3081 259 3107 6.
279 3083 330 3110 <Ab
340 3082 416 3108 [Aac
426 3091 450 3106 in
460 3082 564 3115 Astatia]
586 3082 628 3108 Sic
648 3083 761 3110 restituit
781 3081 921 3109 Turnebus
937 3079 966 3108 d.
983 3089 1039 3117 cap.
1050 3079 1097 3106 28.
1116 3089 1150 3106 ex

195 3116 253 3144 mss.
263 3124 338 3152 puto.
349 3124 421 3143 certe
433 3117 511 3143 nostri
523 3117 613 3143 nullia
635 3118 744 3145 noscunt
756 3118 821 3145 illud
833 3119 903 3154 prius
915 3124 1047 3153 receptum
1059 3120 1141 3142 meo.

229 3161 258 3189 7.
277 3156 603 3189 Proporiioneinprovinci‘as
629 3154 782 3191 ‘finffiffi’lss
802 3156 914 3191 Magnas
933 3154 990 3184 heic
1003 3162 1087 3190 nugas
1097 3152 1154 3181 blu—
1195 3153 1412 3187 contendere‚iiou
1421 3150 1501 3181 nimis
1510 3151 1608 3187 inepte,

1190 2725 1259 2745 ternt
1270 2717 1414 2745 Lambinus
1428 2737 1436 2749 ,
1455 2716 1517 2744 dum
1531 2735 1539 2747 ,
1549 2714 1691 2751 profligata
1701 2719 1803 2748 recepta
1813 2711 1929 2739 lectione
1939 2731 1948 2744 ‚
1963 2709 2084 2739 obtrudit
2093 2719 2142 2737 iio·

1190 2755 1229 2782 bis
1240 2755 1312 2781 suum
1320 2762 1362 2788 pro
1367 2757 1471 2788 poi-lione
1476 2756 1602 2787 pecuniam
1613 2770 1621 2783 ‚
1631 2752 1682 2782 elye.

1229 2792 1254 2818 8.
1275 2795 1307 2818 Dc
1317 2795 1387 2816 mim
1397 2790 1518 2816 communir
1526 2789 1583 2822 Aszae
1592 2786 1713 2820 crimine]
1727 2785 1770 2812 Est
1781 2785 1796 2812 ἓι
1807 2783 1865 2811 niff.
1875 2784 1968 2811 nostris
1979 2793 1986 2810 ε
1998 2790 2075 2810 antea
2083 2781 2141 2809 edi-

1191 2828 1222 2860 ti,
1235 2828 1261 2853 de
1272 2830 1383 2854 communi
1392 2829 1463 2852 totius·
1472 2828 1546 2859 Afiae3
1559 2823 1629 2859 quod
1639 2823 1716 2849 auam
1728 2821 1804 2848 habet
1813 2820 1979 2847 sententiam.

1251 2885 1256 2890 .
1277 2866 1345 2890 Dixit
1351 2862 1440 2896 publici*
1451 2861 1685 2887 daiadrachmarnm
1696 2866 1776 2883 ccvi.
1786 2856 1885 2890 miliia]
1901 2857 1987 2882 Locus
1998 2853 2141 2889 fiispeistus.

1192 2873 1259 2926 ΡΔῩῙ.
1271 2901 1341 2926 eiiiin
1354 2919 1362 2931 ‚
1381 2899 1472 2924 datum.
1492 2896 1535 2923 sed
1545 2896 1572 2921 Sc
1583 2904 1647 2922 mox
1665 2893 1745 2920 iidem
1759 2912 1768 2924 ‚
1785 2895 1810 2918 in
1828 2892 1935 2918 drachm.
1946 2899 2003 2917 ccVi
2014 2899 2035 2917 i.
2054 2897 2099 2916 aut
2118 2899 2145 2916 m

1191 2937 1308 2962 drachmis
1317 2944 1362 2962 cvi
1372 2944 1393 2961 ι.
1413 2943 1461 2969 pro
1471 2942 1524 2969 quo
1538 2931 1618 2957 hodie
1634 2929 1756 2956 habemus
1769 2948 1778 2959 ,
1795 2928 1964 2953 drachmarum
1974 2935 2049 2953 ccV1.
2059 2928 2145 2953 millia.

1192 2972 1327 2998 concili-iri
1340 2971 1386 2998 ista
1395 2969 1511 3006 possent:
1527 2967 1569 2994 sed
1581 2976 1631 2993 non
1642 2966 1677 2992 est
1688 2965 1739 2991 mei
1751 2964 1888 3000 temporis.

1233 3016 1273 3033 io.
1284 3012 1337 3033 Sine
1348 3004 1552 3040 aiilZorejecerit.]
1565 3002 1748 3029 Victoi-ianum
1759 3000 1806 3030 est,
1818 3000 1861 3035 qui
1875 2998 1994 3025 videatur
2005 2997 2051 3025 lib.
2063 3006 2095 3024 xx
2104 3006 2113 3024 ι
2121 3005 2131 3023 1
2139 3015 2146 3023 .

1193 3045 1256 3070 Vur.
1269 3043 1331 3069 least.
1342 3051 1447 3079 capsi-a..
1460 3041 1521 3067 libri
1531 3039 1601 3067 enim
1612 3047 1702 3066 omnes
1712 3039 1800 3071 legerit5
1809 3045 1866 3072 quo:
1878 3034 1974 3062 littcrae
1985 3033 2048 3071 ssepe
2059 3025 2145 3060 tranf-

1195 3088 1342 3106 mutantur.

1234 3125 1243 3142 i
1253 3125 1274 3142 i.
1286 3118 1408 3149 Qamum
1417 3114 1518 3140 maxim}
1523 3113 1603 3147 pqffcm
1612 3108 1794 3145 contenderem]
1805 3107 1972 3146 Conjiciebat
1984 3103 2146 3136 Gulielmius

2037 3186 2050 3207 ι
2056 3177 2067 3205 .’
2072 3177 2147 3210 0⁰²7·
