2302 3353
499 146 1027 192 nnIanurroNE
1073 147 1457 193 RnnronicA

108 254 111 257 .
132 225 165 257 111
176 226 319 268 quidem,
343 223 467 267 &fiqui
477 225 629 263 ejusmodi
639 235 676 255 ex
684 226 809 265 proprio
817 233 994 266 argumento
1005 237 1090 257 com-
1111 230 1114 265 ζ
1138 224 1212 254 dum
1222 225 1358 265 pluribus
1373 217 1625 260 definitionibus:
1646 229 1756 262 deinde
1774 229 1865 262 simili
1882 232 1997 263 ratione
2015 235 2098 265 causa

129 278 238 299 munes
250 269 309 298 loci
321 268 522 301 nascentur‚in
533 269 691 297 contrarias
700 269 806 306 parteis
817 266 1005 297 diducentur.
1019 271 1090 298 Cer-

128 319 176 340 tus
186 319 284 340 autem
295 311 380 339 locus
390 308 432 339 est
441 310 627 342 accusatoris,
640 319 693 349 per
703 319 795 350 quem
806 317 892 350 auget
900 307 972 339 faffi
981 312 1089 340 atroci-

128 359 220 381 tatem
233 362 239 380 :
260 351 293 381 &
302 351 440 391 alter‚per
449 361 541 392 quem
553 359 639 392 negat
648 351 800 380 malorum
810 351 932 390 mifireri
941 359 1087 390 oportere.
1109 384 1111 393 ‚

127 391 303 423 Defensoris
311 413 319 426 ,
332 402 384 433 per
391 402 483 434 quem
495 393 645 423 calumnia
655 393 856 423 accusatorum
866 402 938 422 curn
949 392 1088 434 indigna-
1108 407 1109 416 ¹

126 435 211 464 tione
223 433 437 468 ostenditur,&
445 445 498 475 per
507 444 599 475 quem
609 443 680 464 cum
690 433 909 475 conquestione
919 434 1088 464 misericor-
1106 471 1108 475 .

124 475 173 506 dia
180 484 318 516 captatur.
344 478 386 505 Hi
397 496 406 510 ,
427 477 460 506 &
470 478 559 506 ceteri
569 486 677 506 omnes
688 475 748 506 loci
759 485 941 506 communes
952 495 960 509 ‚
983 486 1022 506 ex
1036 477 1087 507 iis-

125 517 194 548 dem
205 519 358 558 praeceptis
370 518 531 548 sumuntur
540 538 547 551 ‚
561 518 669 559 quibus
683 527 784 548 cetera:
796 519 1069 557 argumentationes
1081 529 1086 547 z

123 558 173 590 sed
184 560 243 589 illae
253 561 373 590 tenuius
385 580 392 593 ‚
406 560 438 590 &
447 562 560 590 acutius
572 580 579 593 ,
594 560 627 590 &
637 560 777 590 subtilius
788 559 951 589 traetantur
963 570 968 588 :
985 560 1018 589 lii
1034 569 1086 589 311-

125 608 186 631 tem
196 603 323 643 gravius,
338 602 370 631 &
379 604 525 635 ornatius,
541 603 573 631 &
582 600 654 631 curn
665 601 773 634 verbis,
786 610 853 638 turn
862 601 1086 641 e‘titkffisentenff

124 644 175 672 tiis
186 643 413 673 excellentibus.
437 646 470 674 in
481 644 541 673 illis
552 645 635 673 enim
648 641 716 672 finis
728 642 770 672 est
780 662 788 675 2
811 651 844 672 ut
853 642 883 672 id
896 662 904 675 ,
917 642 998 682 ‘qitod
1010 642 1086 672 dici-

124 692 173 714 tur
183 705 191 717 ,
213 695 320 715 verum
338 683 395 715 effe
412 686 564 715 videatur:
585 687 618 714 in
628 686 673 713 his
685 705 693 718 ‚
715 682 897 714 tametfi‘lro'c
905 686 1028 724 quoque
1040 686 1085 713 vi—

124 725 188 756 deri
200 735 318 766 oportet
328 748 336 760 ,
359 736 461 757 tamen
480 725 548 756 finis
569 725 611 756 est
630 724 808 765 amplitudo.
843 727 937 754 Nunc
946 725 982 755 ad
995 725 1084 755 aliam

63 771 75 797 1
87 773 105 807 7
124 766 374 798 constitutionem
388 769 576 798 transeamus.
601 769 679 797 CUM
689 765 732 796 est
741 766 855 795 nominis
865 765 1064 797 controverfia
1073 787 1081 801 ‚

124 811 195 850 quia
204 812 250 840 vis
260 811 400 840 vocabuli
410 808 579 839 definienda
587 809 686 838 verbis
697 807 739 838 est
747 828 755 841 ,
780 807 958 838 constitutio
974 807 1081 838 defini-
1102 830 1103 849 ἦ

123 854 186 882 tiva
193 851 310 882 dicitur.
335 853 407 891 Ejus
417 852 531 892 generis
541 850 682 890 exemplo
698 850 786 880 nobis
797 848 889 889 posita
898 848 931 879 fit
942 850 1005 880 haec
1015 860 1084 880 cau-
1102 869 1103 872 =

125 893 154 924 sa
165 903 171 922 τ
184 895 216 924 C.
229 894 394 923 Flaminius
403 894 427 922 is
439 912 448 925 ‚
460 894 512 933 qui
522 893 627 922 consul
639 902 733 932 remp.
748 891 826 921 male
837 889 919 933 gessit
928 892 1009 922 bello
1024 895 1082 923 Pu-

123 936 196 966 nico
206 934 334 965 secundo
345 954 353 968 ‚
367 932 438 964 cum
450 933 587 964 tribunus
598 934 693 974 plebis
704 932 776 963 effer
785 953 793 966 ,
806 935 904 963 invito
917 933 1017 963 senatu
1028 954 1036 966 ‚
1050 934 1082 964 &

123 978 254 1006 omnino
263 984 366 1006 contra
375 975 562 1006 voluntatem
574 977 718 1005 omnium
730 977 923 1015 optimatum,
943 985 996 1015 per
1006 975 1081 1005 sedi-
1101 988 1102 996 ¹

123 1019 241 1047 tionem
251 1017 286 1047 ad
297 1017 445 1057 populum
458 1019 555 1058 legem
567 1019 718 1059 Agrariam
736 1016 856 1047 ferebat.
890 1019 983 1047 Hunc
1001 1025 1083 1057 pater
1100 1049 1102 1058 ,

122 1059 191 1090 suus
202 1059 368 1089 concilium
379 1059 475 1099 plebis
485 1060 646 1089 habentem
658 1059 694 1089 de
705 1060 820 1099 templo
831 1058 957 1088 deduxit
969 1070 974 1088 :
985 1069 1082 1089 accer-

123 1098 194 1130 fitur
203 1100 371 1140 majestatis.
394 1103 529 1131 Intentio
541 1100 582 1131 est
592 1122 599 1134 ‚
619 1100 807 1140 Maiestatem
818 1100 956 1130 minuisti
968 1121 976 1134 ‚
997 1099 1080 1141 quod

120 1142 277 1172 tribunum
293 1143 390 1182 plebis
401 1143 438 1172 de
448 1143 563 1183 templo
573 1142 734 1173 deduxisti.
760 1141 905 1182 Depulsio
924 1142 966 1172 est
977 1163 985 1177 ‚
1006 1145 1081 1172 Non

122 1185 222 1214 minui
232 1183 416 1224 majestatem
430 1196 435 1214 z
455 1184 589 1227 Qaestio
600 1184 641 1215 est
653 1205 660 1217 ,
682 1184 905 1223 Maiestatemne
925 1186 1079 1214 minuerit.

120 1226 213 1257 Ratio
223 1246 232 1259 ‚
244 1227 278 1255 in
289 1225 387 1256 filium
397 1228 481 1256 enim
491 1237 582 1267 quam
594 1226 739 1256 habebam
749 1226 926 1267 potestatem
937 1246 945 1259 ,
967 1236 1000 1256 03
1011 1226 1079 1256 usus

120 1268 199 1298 sum.
222 1269 360 1298 Rationis
371 1267 546 1298 infirmatio.
571 1271 609 1298 At
619 1270 721 1302 enim,
735 1271 787 1310 qui
806 1270 896 1308 patria
914 1267 1056 1309 potestate
1068 1288 1076 1301 ‚
1097 1303 1098 1306 Ἴ

120 1309 181 1339 1100
188 1308 232 1339 est
240 1330 249 1344 ,
260 1311 371 1350 privata
384 1309 520 1350 quadam,
541 1310 729 1340 tribunitiam
741 1319 810 1350 pote
816 1310 915 1340 statem
924 1331 932 1343 ‚
948 1311 1006 1340 hoc
1015 1308 1059 1340 est
1069 1330 1077 1343 ,

119 1351 226 1391 populi
234 1350 410 1391 potestatem
422 1350 572 1384 infirmat,
585 1354 698 1381 minuit
708 1354 732 1381 is
744 1351 937 1385 maiestatem.
959 1351 1079 1393 Judica-

123 1395 167 1423 tio
177 1392 229 1425 est,
240 1395 401 1423 Minuatne
411 1395 436 1423 is
448 1395 506 1431 maj
511 1392 631 1423 estatem
643 1394 738 1434 quiin
750 1394 938 1424 tribunitiam
949 1392 1078 1433 potesta-

121 1443 184 1464 tem
203 1436 294 1474 patria
310 1433 452 1475 potestate
471 1444 576 1465 utatur.
610 1435 645 1465 ad
664 1436 739 1465 hanc
752 1435 974 1475 judicationem
993 1445 1077 1476 argu-
1096 1439 1097 1472 j

121 1478 322 1506 mentationes
333 1478 451 1506 omneis
461 1475 558 1506 afferri
569 1477 727 1516 oportebit.
752 1480 795 1507 Ac
804 1498 812 1510 ‚
827 1479 932 1517 nequis
942 1476 1021 1506 forte
1033 1487 1078 1506 ai·-

120 1517 247 1548 biti·etur
256 1528 312 1548 nos
322 1528 388 1548 non
397 1519 562 1560 intelligere
572 1520 661 1549 aliam
673 1529 795 1560 quoque
814 1519 946 1549 incidere
964 1517 1078 1548 coristi-

119 1561 271 1590 tutionem
282 1561 316 1590 in
325 1560 401 1590 hanc
409 1561 604 1594 causam‚eam
616 1571 672 1591 nos
682 1570 797 1601 partem
807 1561 902 1591 solam
913 1561 1074 1593 sumimus,

119 1603 154 1631 in
163 1611 253 1642 quam
263 1611 407 1643 praecepta
416 1602 505 1632 nobis
516 1602 610 1633 danda
628 1603 646 1632 s
643 1612 706 1633 unt.
740 1603 891 1632 Omnibus
902 1611 1001 1632 autem
1013 1612 1078 1642 par-

120 1643 200 1673 tibus
211 1644 268 1673 hoc
278 1646 310 1673 in
320 1644 398 1674 libro
408 1644 562 1684 explicatis
572 1664 579 1677 ‚
601 1646 700 1685 quivis
711 1647 800 1674 omni
811 1647 844 1674 in
854 1645 936 1674 causa
946 1665 954 1678 ‚
975 1643 996 1673 fi
1008 1644 1079 1674 dili-

120 1690 224 1727 genter
232 1684 377 1719 attendet,
401 1687 520 1715 omneis
533 1684 648 1716 videbit
658 1685 887 1716 constitutiones
897 1707 905 1719 ‚
933 1687 965 1716 δε
976 1695 1076 1715 03111111
1095 1709 1096 1725 ἶ

119 1728 227 1768 parteis
237 1747 245 1761 ,
259 1727 292 1757 &
301 1726 525 1762 controversiam,
536 1726 623 1769 siquae
634 1727 713 1758 forte
726 1730 759 1758 in
769 1738 815 1758 eas
827 1727 968 1758 incident.
995 1730 1077 1758 Nam
1095 1751 1097 1755 ,

121 1769 158 1799 de
168 1769 311 1799 omnibus
320 1769 545 1810 perscribemns.
573 1771 691 1799 Primus
711 1780 780 1812 ergo
798 1771 971 1800 accusatoris
992 1770 1076 1799 locus

120 1810 164 1841 est
173 1830 182 1844 ,
194 1811 256 1850 ejus
267 1813 404 1841 nominis
414 1830 423 1844 ,
441 1812 488 1851 cuj
493 1821 527 1841 us
538 1811 574 1841 de
583 1814 615 1841 vi
625 1814 769 1852 (111-,0111111
779 1833 787 1846 ,
809 1812 906 1841 brevis
919 1812 952 1841 80
961 1820 1057 1851 aperta
1067 1831 1075 1844 ,

120 1852 156 1883 &
164 1862 203 1882 ex
211 1853 376 1883 hominum
387 1855 532 1892 opinione
543 1851 691 1886 definitio,
704 1854 762 1884 hoc
772 1853 867 1883 modo
879 1864 885 1882 z
900 1855 1075 1891 MAJnsrA—

121 1904 194 1924 TEM
205 1896 342 1924 minuere
353 1914 362 1927 ‚
375 1894 417 1924 est
427 1895 463 1926 de
473 1895 615 1936 dignitate
625 1915 633 1928 ,
646 1904 695 1925 aut
704 1895 902 1935 amplitudine
912 1915 920 1928 ‚
933 1905 982 1925 aut
992 1904 1077 1935 pote—

121 1935 192 1965 state
201 1935 324 1975 populi,
335 1944 386 1965 aut
395 1946 499 1965 eorum
513 1957 520 1969 ‚
533 1936 642 1976 quibus
652 1937 783 1976 populus
793 1936 970 1976 potestatem
981 1936 1074 1969 dedit,

112 1977 234 2017 ¹aliquid
243 1976 389 2018 derogare.
414 1980 482 2007 Hoc
490 1976 528 2007 fic
538 1978 668 2007 breviter
676 1977 855 2017 expositum,
866 1978 1000 2016 pluribus
1010 1987 1077 2007 ver-

122 2018 168 2048 bis
180 2017 222 2048 est
231 2038 239 2051 ,
253 2018 460 2048 &rationibus
470 2017 714 2048 confirmandum
725 2039 733 2052 ‚
747 2019 828 2048 &ita
838 2018 894 2048 efl'e
906 2040 914 2051 ‚
926 2028 958 2048 ut
969 2019 1076 2048 descri—

119 2060 220 2099 pseris,
232 2059 462 2089 ostendendum.
486 2059 588 2090 Postea
598 2059 632 2089 ad
643 2060 684 2093 id,
696 2060 777 2100 quod
788 2059 949 2093 definieris,
960 2059 1076 2090 facium

119 2102 184 2141 ejus
196 2121 205 2134 ‚
216 2103 268 2142 qui
278 2101 460 2131 accusabitur
469 2121 478 2134 ,
491 2101 650 2142 adjungere
661 2102 812 2140 oportebit
821 2121 830 2134 ‚
843 2102 875 2131 &
885 2112 922 2131 ex
933 2112 978 2134 eo,
991 2101 1075 2141 quod
1096 2135 1098 2140 Ι

120 2142 282 2173 ostenderis
292 2141 349 2172 ess'e
361 2155 370 2176 5
382 2142 465 2172 verbi
476 2142 559 2172 causa
568 2162 576 2174 ‚
592 2142 778 2181 Majestatem
790 2145 927 2173 minuere
937 2162 945 2175 ,
959 2143 1075 2175 docere,
1097 2158 1098 2165 .

118 2184 318 2215 adversarium
338 2183 522 2220 maiestatem
542 2182 684 2213 minniffe
693 2203 701 2217 ,
726 2184 759 2214 &
770 2185 851 2213 hunc
861 2185 962 2214 locum
976 2193 1074 2214 totum
1097 2216 1098 2220 Ἰ

118 2228 277 2256 communi
287 2226 356 2256 loco
365 2224 542 2255 confirmare
551 2246 560 2259 ,
580 2235 633 2265 per
641 2235 734 2266 quem
744 2225 831 2265 ipsius
839 2224 911 2256 faeti
922 2227 1055 2255 atrocitas
1066 2246 1074 2258 ‚

118 2277 169 2298 aut
178 2267 338 2309 indignitas
348 2288 356 2301 ‚
375 2276 425 2298 aut
434 2269 565 2297 omnino
575 2267 661 2306 culpa
670 2277 741 2297 cum
753 2267 960 2309 indignatione
970 2278 1075 2309 augea-

119 2319 174 2341 tur.
197 2308 266 2339 Pbst
277 2312 332 2340 erit
340 2308 521 2340 infirmanda
530 2308 765 2339 adversariorum
776 2308 944 2349 descriptio.
974 2312 1014 2340 Ea
1024 2319 1075 2339 au-

118 2360 180 2382 tem
198 2349 401 2382 infirmabitur
412 2372 422 2384 ,
443 2349 463 2380 fi
480 2349 550 2381 falsa
569 2350 829 2381 demonstrabitur.

118 2394 198 2423 niune
206 2393 369 2423 hominum
382 2394 526 2426 sumetur,
538 2390 622 2425 cum,
639 2392 911 2433 quemadmodum,
924 2393 956 2422 &
967 2394 1076 2434 quibus

119 2436 154 2465 in
165 2435 250 2466 rebus
260 2437 400 2465 homines
410 2436 443 2464 in
452 2434 669 2465 consuetudine
681 2434 828 2464 scribendi
839 2455 847 2468 ‚
868 2444 917 2465 aut
932 2435 1075 2464 sermoci-

120 2476 212 2507 nandi
222 2487 259 2506 eo
267 2477 360 2507 verbo
371 2478 415 2506 uti
425 2477 557 2510 soleant,
578 2475 818 2506 considerabitur.
850 2479 929 2507 Item
940 2475 1077 2506 infirma-

119 2517 203 2549 bitu'r
211 2538 220 2552 ‚
233 2516 253 2547 fi
264 2520 357 2559 turpis
367 2539 376 2553 ‚
387 2527 438 2548 aut
446 2518 564 2548 inutilis
574 2516 631 2547 efl'e
643 2517 816 2548 ostendetur
824 2519 887 2557 ejus
898 2518 1073 2558 descriptio-

120 2562 168 2590 nis
176 2560 349 2601 approbatio
359 2581 368 2594 ,
381 2561 414 2590 &
423 2558 454 2594 fi,
467 2570 531 2601 quae
545 2559 743 2590 incommoda
753 2560 946 2589 consecutum
955 2559 1021 2593 suit,
1039 2570 1075 2589 eo
1093 2562 1095 2591 ἴ

119 2600 258 2632 conceffo
266 2622 276 2636 ,
297 2601 478 2632 ostendetur.
511 2601 545 2631 Id
557 2610 656 2631 autem
667 2611 704 2631 ex
715 2601 877 2631 honestatis
894 2602 926 2631 &
936 2602 1072 2631 utilitatis

118 2643 249 2684 partibus
259 2644 401 2674 sumetur:
412 2643 449 2673 de
459 2643 570 2684 quibus
580 2645 614 2672 in
623 2642 845 2674 deliberationis
857 2646 1008 2683 praeceptis
1020 2654 1073 2673 ex-

118 2694 279 2726 ponemus.
292 2690 302 2705 ¹
314 2684 388 2719 Et‚s1
397 2695 469 2715 cum
480 2683 658 2715 definitione
668 2684 767 2715 nostra
776 2686 1009 2715 adversariorum
1022 2685 1073 2715 de-

120 2725 294 2758 finitionem
304 2726 495 2757 conferemus
507 2748 517 2759 ,
538 2725 711 2757 &nostram
723 2747 731 2760 ‚
750 2736 851 2756 veram
864 2746 871 2759 ‚
892 2726 1047 2757 honestam
1063 2748 1070 2760 ‚

119 2768 226 2798 utilem
235 2767 292 2798 effe
301 2768 575 2799 demonstrabimus
589 2779 594 2796 τ
611 2769 747 2802 1110111111,
760 2777 871 2798 contra.
896 2771 1073 2811 Qaeremus
1092 2779 1093 2787 ¹

118 2817 219 2840 autem
229 2820 275 2840 res
285 2831 294 2843 ,
314 2819 365 2840 aut
374 2812 482 2851 majori
494 2831 502 2845 ,
524 2819 573 2840 aut
583 2812 697 2840 minori
709 2830 716 2843 ,
729 2819 777 2840 aut
787 2813 849 2849 pari
858 2812 891 2840 in
902 2813 1025 2852 negotio
1036 2809 1072 2840 si-

58 2865 71 2890 1
81 2858 97 2890 8
119 2851 221 2881 mileis
230 2872 239 2886 ,
258 2862 297 2882 ex
306 2852 415 2893 quibus
424 2851 587 2882 affirmetur
596 2851 694 2882 nostra
703 2852 869 2891 descriptio.
900 2853 967 2892 Jarri
988 2851 1008 2882 sl
1027 2863 1072 2882 res

117 2893 217 2933 plures
227 2904 314 2924 erunt
323 2893 501 2924 definienda:
514 2905 519 2923 ;
539 2902 573 2924 ut
582 2914 590 2927 ,
603 2892 623 2923 si
633 2903 779 2934 quaeratur
789 2914 797 2927 ‚
811 2896 882 2924 Fun
896 2905 948 2923 511·
960 2915 968 2927 ,
980 2905 1016 2924 311
1029 2895 1070 2924 sa-

118 2935 262 2978 crilegus,
283 2938 335 2977 qui
345 2937 410 2967 vasa
419 2946 456 2967 ex
466 2938 584 2977 privato
604 2936 680 2966 sacia
697 2936 886 2976 surripuerit:
908 2938 962 2966 erit
981 2946 1067 2966 uten-

873 2353 941 2381 Hoc
959 2361 997 2381 ex
1017 2359 1075 2392 ορι-
1096 2361 1097 2372 1

1505 148 1738 195 LinslL

1136 265 1293 298 tiastanda.
1317 271 1417 299 Locus
1434 280 1533 301 autem
1547 275 1722 303 communis
1733 276 1766 304 in
1778 274 1842 313 ejus
1854 274 2000 304 malitiam
2013 296 2021 309 ‚
2063 278 2094 306 ui

1135 316 1200 336 non
1211 308 1305 339 modo
1317 320 1415 347 rerum
1426 331 1434 345 ,
1455 311 1561 343 verum
1573 316 1663 344 etiam
1673 315 1834 345 verborum
1852 315 2029 356 potestatem
2052 318 2093 347 ibi

1133 357 1264 393 arrogare
1275 360 1415 386 conetur,
1429 362 1461 383 ut
1471 354 1503 384 &
1512 354 1598 386 faciat
1606 356 1687 397 quod
1697 357 1790 390 velit,
1805 357 1878 387 &id
1891 379 1900 391 5
1919 358 2001 398 quod
2013 357 2091 388 fece—

1129 397 1168 418 rit
1176 408 1184 422 ‚
1196 399 1258 430 quo
1267 392 1342 438 velit
1352 397 1490 429 nomine⁷
1507 398 1643 437 appellet.
1667 398 1787 429 Deinde
1799 397 1962 429 defensoris
1973 402 2091 439 primus

1131 429 1217 477 locus
1228 430 1287 464 est,
1313 442 1387 463 item
1399 440 1533 467 nominis
1546 439 1643 470 brevis
1652 461 1660 471 2
1684 441 1717 472 &
1727 449 1824 481 aperta
1834 461 1842 474 2
1856 441 1889 471 &
1899 451 1936 470 GX
1946 444 2092 481 opinion?

1106 479 1108 490 ¹
1128 471 1294 519 hominum
1313 473 1470 514 descriptio
1489 497 1497 510 ‚
1521 480 1577 510 hoc
1594 482 1688 512 modo
1709 494 1714 512 :
1736 481 1917 522 Majestarem
1934 485 2070 513 minuere
2083 504 2091 516 1

1129 512 1172 543 est
1181 513 1292 554 aliquid
1303 514 1339 544 de
1352 518 1501 555 republica
1510 540 1518 552 ,
1543 520 1615 552 cum
1628 523 1803 562 potestatem
1814 534 1878 554 non
1896 524 2001 554 habeas
2013 545 2020 558 ‚
2040 525 2090 555 ad*

1104 597 1107 621 7
1125 596 1183 643 Ph?
1193 616 1202 630 2
1217 597 1251 626 &
1261 598 1428 628 rationibus
1441 611 1447 628 ;
1466 601 1567 632 Postea
1579 605 1621 633 sui
1634 605 1703 636 faffl
1713 607 1747 637 ab
1759 608 1810 637 illa
1819 606 1997 638 definitione
2009 609 2088 648 sepa-

1126 646 1200 667 ratio
1214 648 1219 667 :
1242 639 1363 669 Deinde
1375 640 1458 670 locus
1469 648 1644 675 communis
1654 666 1663 680 ‚
1684 658 1737 687 per
1755 659 1845 689 quem
1864 649 1935 680 faeti
1953 651 2064 681 utilitas
2078 671 2087 684 ,

1103 705 1105 718 s
1125 688 1175 709 aut
1196 679 1334 727 honestas
1352 681 1510 724 adaugetur
1529 695 1534 713 :
1564 688 1683 717 Deinde
1704 690 1836 730 sequitur
1853 691 2088 722 adversariorum

1103 726 1104 730 ’
1125 719 1313 751 definitionis
1334 724 1522 763 reprehensio
1533 746 1541 759 ,
1561 737 1626 768 quae
1647 729 1753 760 iisdem
1774 742 1810 762 ex
1834 733 1907 763 locis
1919 734 2064 764 omnibus
2077 754 2086 767 ‚

1125 772 1201 803 quos
1211 764 1369 794 accusatori
1378 775 1437 805 prae
1443 766 1783 807 sci·ipsimus,conf1citur
1793 783 1798 801 1
1817 774 1848 803 &
1858 783 1952 804 cetera
1960 774 2027 815 post
2037 786 2084 805 ea-

1125 806 1194 834 dem
1207 812 1312 851 praetei·
1321 815 1521 837 communem
1534 810 1636 840 locum
1647 812 1835 844 inducentur.
1868 818 1966 846 Locus
1986 826 2086 847 autem

1125 856 1306 893 communis·
1315 850 1371 878 erit
1381 848 1545 880 defensoris
1555 853 1579 881 is
1590 872 1598 885 ‚
1613 862 1665 892 per
1675 864 1766 894 quem
1779 856 1989 896 indignabitur,
2001 869 2087 889 accu-

1128 888 1254 936 satorem
1265 889 1308 919 sui
1319 891 1448 929 periculi
1458 893 1541 922 causa
1552 913 1560 927 ‚
1580 904 1644 924 non
1655 905 1699 925 res
1711 895 1812 926 solum
1827 907 1996 929 convertere
2006 921 2014 933 ,
2034 910 2087 930 ve-

1127 939 1196 959 rum
1217 939 1308 960 etiarn
1329 932 1418 962 verba
1435 943 1623 966 commutare
1642 940 1753 968 conari.
1795 941 1876 970 Nam
1896 940 1941 968 1111
1960 941 2085 981 quidem

1123 981 1193 1001 com
1199 982 1306 1002 munes
1324 972 1385 1003 loci
1397 994 1405 1007 ,
1425 977 1478 1015 qui
1496 984 1545 1006 aut
1555 978 1714 1009 calumniae
1733 981 1935 1010 accusatorum
1956 982 2086 1013 demon-

1124 1012 1249 1063 strandae
1258 1034 1266 1047 ,
1281 1022 1331 1044 aut
1342 1016 1554 1048 misericordiae
1564 1020 1713 1059 captandae
1726 1041 1734 1055 ,
1747 1030 1797 1051 aut
1806 1021 1876 1052 13611
1886 1022 2061 1064 indignandi
2073 1045 2083 1058 ‚

1100 1063 1102 1096 ζ
1122 1064 1171 1085 3111
1182 1066 1198 1085 3
1209 1056 1412 1087 misericordia
1422 1057 1590 1090 deterrendi
1607 1063 1691 1093 causa
1710 1063 1888 1098 sumuntur,
1910 1074 1947 1094 ex
1957 1067 2083 1104 periculi

1122 1097 1330 1144 magnitudine
1340 1118 1348 1132 ‚
1361 1108 1425 1129 non
1437 1110 1475 1129 ex
1485 1102 1575 1132 causae
1586 1113 1693 1144 genere
1703 1124 1712 1138 ,
1724 1105 1882 1136 ducuntur.
1913 1109 2009 1147 Qare
2021 1117 2085 1138 non

1122 1149 1155 1168 in
1166 1149 1293 1168 omnem
1305 1140 1485 1174 causam‚sed
1496 1145 1529 1172 in
1541 1154 1635 1175 omne
1645 1147 1735 1177 causae
1746 1157 1841 1188 genus
1851 1147 2002 1178 incidunt.
2022 1152 2082 1179 Eo-

1120 1191 1189 1210 ium
1199 1183 1392 1228 mentionem
1404 1185 1437 1212 in
1448 1185 1645 1224 conjecturali
1656 1188 1872 1219 constitutione
1883 1188 2019 1219 fecimus.
2031 1193 2085 1220 In-

1122 1221 1267 1252 duffione
1285 1232 1386 1254 autem
1405 1235 1512 1255 eorum
1525 1247 1532 1259 ,
1557 1227 1628 1258 cum
1648 1231 1732 1260 causa
1750 1229 1930 1270 postulabit,
1955 1240 2082 1262 utemur.

1119 1267 1197 1294 CUM
1217 1273 1316 1295 autem
1327 1265 1406 1299 afflo
1417 1287 1425 1300 ‚
1448 1268 1645 1300 transsationis
1657 1292 1664 1305 ‚
1686 1281 1737 1302 aut
1746 1275 1992 1303 commutationis
2004 1274 2084 1304 indi-

1117 1316 1183 1347 gere
1194 1306 1312 1353 videtur
1321 1327 1329 1341 ‚
1344 1307 1425 1348 quod
1438 1319 1501 1339 non
1511 1320 1560 1340 aut
1570 1313 1595 1341 is
1606 1315 1665 1353 agit
1675 1334 1683 1346 ‚
1696 1324 1788 1354 quem
1799 1323 1935 1354 oportet,
1954 1325 2002 1345 aut
2011 1326 2082 1346 cum

1097 1351 1098 1355 ’
1117 1358 1164 1395 eo,
1177 1358 1300 1395 quicum
1313 1358 1439 1388 oportet,
1453 1361 1503 1382 aut
1511 1353 1588 1393 apud
1598 1364 1684 1394 quos,
1696 1366 1753 1396 qua
1763 1356 1896 1396 lege‚qua
1904 1366 2004 1395 poena,
2017 1368 2077 1398 quo

1117 1399 1245 1420 crimine
1255 1410 1263 1423 ‚
1284 1400 1347 1436 quo·
1356 1401 1490 1431 tempore
1502 1403 1620 1434 oportet
1630 1416 1639 1429 ,
1658 1396 1834 1428 constitutio
1845 1400 2015 1433 translativa
2027 1409 2078 1439 ap-

1116 1433 1253 1471 pellatur.
1285 1434 1385 1471 Hujus
1396 1434 1484 1463 nobis
1495 1438 1634 1476 exempla
1642 1439 1791 1478 permulta
1802 1449 1876 1479 opus
1888 1440 1954 1469 sunt
1965 1460 1972 1473 ‚
1991 1439 2011 1469 si
2022 1439 2080 1470 sin-

1116 1474 1184 1514 gula
1194 1473 1421 1504 translationum
1431 1486 1538 1516 genera
1548 1489 1714 1519 quaeramus
1727 1491 1733 1510 :
1754 1480 1802 1511 sed
1812 1484 1882 1522 quia
1891 1484 1966 1511 ratio
1977 1502 1985 1515 ,
2006 1492 2080 1522 prte-

1095 1553 1096 1561 Ὶ
1117 1524 1272 1555 ceptorum
1283 1514 1388 1546 similis
1398 1517 1450 1550 est,
1460 1521 1671 1560 exemplorum
1682 1523 1879 1553 multitudine
1889 1523 2081 1562 superseden-

1095 1567 1096 1606 ]
1118 1557 1192 1601 dum
1212 1556 1266 1587 est.
1298 1559 1396 1598 Atque
1412 1562 1443 1588 in
1453 1559 1552 1591 nostra
1562 1563 1686 1602 quidem
1702 1564 1919 1594 consuetudine
1930 1566 2033 1595 multis
2044 1566 2079 1595 de

1094 1608 1096 1623 1
1117 1600 1206 1629 caulis
1218 1597 1251 1628 fit
1260 1619 1268 1632 ,
1282 1608 1316 1629 ut
1325 1602 1418 1630 rarius
1429 1602 1564 1633 incidant
1575 1604 1787 1635 transsationes.
1810 1616 1881 1636 nam
1894 1606 1926 1636 &
1936 1609 2081 1646 praetoriis

1095 1634 1096 1695 ἱ
1119 1640 1348 1680 exceptionibus
1358 1642 1461 1673 multae
1472 1645 1674 1676 excluduntur
1683 1646 1828 1681 afflone-s,
1842 1649 1874 1678 &
1884 1650 1978 1689 itajus
1988 1649 2080 1678 civile

1116 1682 1262 1712 habemus
1274 1682 1471 1714 constitutum
1482 1705 1490 1719 ,
1504 1695 1535 1715 ut
1545 1688 1628 1727 causti
1639 1689 1723 1718 cadat
1733 1699 1768 1723 is,
1781 1692 1832 1730 qui
1845 1700 1919 1724 non,
1934 1690 2080 1732 quemad-

1118 1724 1247 1753 modum
1265 1733 1400 1764 oportet,
1422 1736 1522 1767 egerit.
1544 1739 1632 1769 quare
1651 1732 1684 1760 in
1700 1731 1765 1770 jure
1775 1734 1952 1772 plerumque
1962 1733 2081 1762 versan-

1095 1775 1096 1780 ¹
1117 1775 1172 1796 tur.
1204 1766 1251 1795 Ibi
1261 1769 1344 1795 enim
1356 1767 1388 1796 &
1399 1771 1589 1808 exceptiones
1599 1771 1787 1810 postulantur
1799 1793 1806 1806 ‚
1823 1773 1857 1803 80
1865 1774 1998 1814 quodam
2008 1783 2080 1803 rno-

1095 1812 1096 1818 ’
1117 1808 1157 1837 do
1175 1807 1281 1848 agendi
1300 1808 1427 1847 potestas
1444 1810 1546 1845 datur,
1569 1813 1601 1842 80
1612 1816 1713 1843 omnis
1724 1817 1883 1854 conceptio
1892 1817 2078 1855 privatorum

1112 1850 1299 1890 judieiorum
1319 1849 1518 1882 constituitur.
1553 1856 1588 1883 In
1610 1853 1677 1894 ipsis
1688 1856 1918 1895 autemjudiciis
1928 1867 2020 1886 rarius
2031 1859 2081 1886 in-

1117 1891 1221 1921 cidunt
1232 1912 1240 1925 ‚
1253 1891 1286 1921 80
1296 1901 1397 1921 tamen
1408 1891 1428 1922 fi
1439 1894 1559 1933 quando
1569 1896 1708 1927 incidunt
1718 1917 1726 1930 ‚
1739 1898 1888 1936 ejusmodi
1898 1899 1976 1932 sunt,
1988 1908 2020 1928 ut
2029 1909 2082 1938 per

1117 1934 1145 1963 se
1156 1935 1259 1962 minus
1270 1932 1396 1963 habeant
1407 1933 1603 1966 firmitudinis
1615 1948 1620 1966 ;
1632 1937 1852 1968 confirmentur
1860 1948 1959 1970 autem
1971 1939 2081 1970 assum—

1095 1986 1097 2007 'r
1116 1983 1143 2004 ta
1159 1975 1215 2004 alia
1233 1975 1332 2014 aliqua
1350 1974 1574 2007 constitutione.
1613 1981 1695 2008 Utin
1706 1980 1964 2020 quodamjudicio
1976 2002 1984 2014 ‚
2006 1981 2077 2011 cum

1115 2015 1230 2054 venefici
1239 2025 1283 2051 cu]
1291 2015 1391 2046 usdam
1403 2027 1517 2047 nomen
1526 2017 1597 2048 effet
1607 2019 1739 2050 delatum
1751 2041 1759 2053 ,
1783 2021 1816 2051 &
1826 2041 1834 2054 ‚
1848 2024 1917 2062 quia
1926 2022 2076 2062 parricidii

1115 2057 1198 2086 causa
1207 2057 1364 2096 subscripta
1375 2056 1445 2088 effet
1456 2079 1464 2091 ‚
1486 2069 1566 2089 extra
1577 2061 1718 2091 ordinem
1728 2060 1800 2092 esset
1809 2073 1961 2103 acceptum
1974 2085 1982 2097 ‚
2001 2063 2074 2094 cum

1117 2100 1149 2128 in
1168 2098 1352 2128 accusatione
1372 2100 1427 2129 alia
1436 2101 1571 2140 quaedam
1581 2105 1709 2133 0111111113
1718 2103 1840 2133 testibus
1853 2106 1884 2135 ὃς
1895 2108 2079 2145 argumentis

1118 2138 1377 2172 confirmarentur²
1393 2143 1543 2180 parricidii
1553 2153 1652 2173 autem
1666 2144 1762 2174 solum
1775 2148 1890 2176 mentio
1901 2147 1976 2176 13013
1986 2145 2075 2177 esset:

1118 2180 1258 2210 defensor
1267 2191 1300 2210 in
1311 2181 1369 2211 hoc
1379 2183 1443 2221 ipso
1455 2185 1587 2214 multum
1599 2195 1725 2224 oportet,
1740 2196 1772 2216 ut
1781 2187 1832 2217 diu
1843 2187 1978 2218 consistit
1990 2199 1994 2217 τ
2007 2187 2079 2218 curn

1097 2226 1098 2247 l
1121 2223 1240 2268 de'nece
1250 2225 1380 2268 parentis
1389 2225 1467 2254 nihil
1479 2225 1717 2257 demonstratum
1727 2226 1760 2258 fir
1770 2248 1778 2262 ‚
1791 2229 1952 2270 indignum
1963 2229 2079 2272 facinus

1117 2263 1174 2294 este
1186 2275 1218 2294 ea
1228 2274 1318 2304 poena
1327 2263 1442 2295 afficere
1453 2277 1533 2301 eum,
1546 2278 1602 2308 qua
1611 2270 1762 2308 parricidae
1776 2269 1946 2301 afficiuntur
1958 2283 1963 2300 z
1983 2272 2017 2301 Id
2029 2282 2079 2301 au-

1119 2315 1192 2339 tem,
1205 2305 1226 2336 si
1235 2306 1435 2340 damnaretur,
1449 2306 1512 2338 fieri
1522 2310 1635 2340 necesse
1647 2309 1704 2341 ess'e
1716 2332 1724 2345 ,
1744 2314 1888 2352 quoniam
1901 2314 1933 2342 &
1946 2313 1976 2342 id
1987 2314 2077 2343 causa:

1118 2349 1314 2388 subscriptum
1325 2368 1333 2382 ,
1355 2349 1388 2378 &3
1408 2360 1445 2379 ex
1465 2361 1497 2380 ea
1516 2361 1545 2380 re
1566 2362 1681 2382 nomen
1700 2363 1780 2383 eXtiu
1798 2354 1938 2384 ordinem
1953 2353 1986 2384 sit
1995 2365 2078 2384 accc-

1117 2399 1214 2430 ptum.
1240 2393 1280 2421 Ea
1290 2392 1380 2431 igitur
1390 2401 1478 2431 poena
1488 2391 1509 2421 fi
1519 2391 1595 2423 affici
1608 2404 1693 2424 reum
1704 2405 1768 2424 11011
1779 2404 1910 2434 oporteat
1921 2417 1930 2428 ,
1942 2393 2076 2426 dartinaii

1116 2442 1236 2473 quoque
1248 2443 1312 2462 non
1324 2442 1459 2472 oportere
1471 2454 1479 2467 ‚
1491 2438 1636 2474 quoniam
1648 2446 1679 2465 ea
1688 2446 1774 2475 poena
1785 2438 2010 2466 damnationem
2020 2447 2077 2468 ne-

1117 2473 1237 2504 cessario
1249 2475 1457 2515 consequatur.
1478 2476 1537 2506 Hic
1548 2476 1686 2507 defensor
1695 2487 1791 2517 poena:
1801 2481 2073 2511 commutationem

1116 2526 1154 2545 ex
1164 2516 1333 2546 transsativo
1343 2528 1450 2559 genere
1460 2517 1632 2547 inducendo
1643 2538 1651 2551 ,
1682 2527 1774 2548 totam
1786 2518 1950 2549 infirmabit
1960 2521 2075 2550 accusa-

1114 2560 1242 2588 tionem.
1273 2562 1489 2589 Verumtamen
1507 2562 1610 2589 ceteris
1628 2569 1748 2600 quoque
1766 2562 1945 2590 criminibus
1966 2561 2071 2592 defen-

1116 2600 1222 2630 dendis
1241 2601 1436 2638 conjefiturali
1455 2600 1670 2630 constitutione
1680 2601 1901 2632 transsationem
1912 2602 2074 2633 confirma-

1114 2642 1170 2672 bit.
1216 2644 1401 2682 Exemplum
1421 2652 1521 2672 autem
1541 2641 1738 2672 transsationis
1757 2646 1791 2673 in
1805 2645 1888 2674 causa
1898 2645 1986 2674 nobis
1996 2643 2072 2684 pofi—

1117 2693 1182 2713 turri
1192 2682 1226 2714 sit
1239 2685 1411 2724 hujusmodi
1426 2695 1430 2712 :
1446 2683 1524 2712 Cum
1536 2683 1570 2713 ad
1580 2686 1644 2713 vim
1656 2683 1822 2715 faciendam
1834 2686 1957 2726 quidam
1968 2689 2072 2717 armati

1116 2724 1281 2760 venissent,
1302 2728 1404 2756 armati
1415 2724 1516 2754 contia
1525 2724 1630 2764 praesto
1640 2724 1762 2756 fuerunt
1774 2747 1782 2760 ,
1804 2728 1836 2757 &
1846 2727 1964 2757 cuidam
1978 2730 2070 2769 equiti

1092 2800 1093 2814 χ
1116 2770 1259 2798 Romano
1269 2768 1391 2809 quidam
1403 2777 1440 2797 ex
1451 2769 1567 2796 armatis
1578 2766 1718 2797 resistenti
1730 2789 1737 2801 ‚
1750 2769 1849 2809 gladio
1862 2780 1985 2799 manum
1997 2780 2071 2809 11100-

1091 2824 1093 2835 v
1114 2808 1197 2840 cidit.
1230 2812 1334 2851 Agitis
1346 2829 1354 2842 ‚
1375 2812 1423 2839 cui
1434 2818 1539 2838 manus
1550 2809 1666 2848 praecisa
1676 2808 1718 2839 est
1726 2812 1913 2847 injuriarum.
1943 2811 2071 2850 postulat

1112 2854 1148 2886 is,
1161 2855 1283 2893 quicum
1296 2854 1401 2892 agitur,
1414 2854 1428 2880 3
1439 2859 1562 2890 praetore
1572 2854 1792 2890 exceptionem.
1805 2856 1818 2871 2
1831 2856 1949 2882 Exi-tm
1969 2862 2070 2893 QLAM

1115 2904 1151 2924 IN
1176 2904 1273 2924 REUM
1299 2903 1433 2922 01111115
1458 2902 1704 2930 PRAEJUDICHJM
1728 2903 1821 2923 F1Ar.
1862 2897 1920 2924 Hic
1942 2897 1966 2924 is
1979 2915 1986 2927 ,
2017 2896 2068 2935 qui

1111 2946 1180 2978 agit,
1189 2935 1340 2976 judicium
1350 2944 1459 2975 purum
1469 2933 1613 2973 postulat:
1634 2935 1688 2965 Ille
1700 2955 1707 2969 ‚
1720 2938 1843 2976 quicum
1854 2939 1948 2976 agitur
1961 2956 1967 2969 ‚
1980 2947 2067 2967 exce-

1932 2987 2069 3017 ptionein

1090 2882 1092 2891 4

1090 2894 1092 2905 ι

158 3067 182 3085 i.
202 3063 235 3086 Et
245 3079 252 3092 ‚
261 3063 344 3094 sicum
356 3064 485 3096 definitione
494 3066 572 3095 nestra
582 3082 590 3096 ‚
605 3064 672 3098 ἀνα]
693 3062 769 3089 Libri
780 3061 889 3089 stiffi-idi
900 3062 979 3089 nostri
992 3062 1071 3088 verbo

120 3093 250 3122 aii-stiores
262 3115 270 3126 ,
279 3097 333 3132 &fi
339 3101 498 3132 infirmabitur
508 3109 558 3125 cum
567 3100 657 3132 definit.
669 3099 735 3125 1³:111.
747 3108 799 3126 non
812 3100 911 3125 variant
923 3117 930 3130 ‚
942 3098 989 3124 nisi
1000 3098 1070 3135 quod

123 3129 207 3156 exstet
215 3131 241 3157 in
252 3130 301 3158 sec.
318 3136 405 3167 Amfic
414 3144 463 3160 cum
473 3136 499 3160 de
508 3136 648 3168 definitione,
657 3136 707 3164 dfe.

157 3173 186 3191 2--
204 3170 285 3195 Extra
293 3178 363 3205 quani
372 3172 398 3197 In
408 3179 471 3198 reum
480 3174 579 3205 capitis,
588 3171 654 3206 ὠὴ]
667 3171 726 3199 Scio
736 3169 853 3199 eruditos
865 3170 919 3197 11πο
928 3168 1016 3197 mendi
1027 3168 1068 3196 su-

1094 3059 1098 3086 1
1116 3060 1201 3096 speffl
1213 3058 1325 3085 habuisse
1338 3079 1345 3091 ,
1356 3060 1383 3085 &
1394 3066 1499 3085 conatos
1511 3059 1609 3087 mederi
1622 3067 1744 3095 tanquam
1757 3061 1897 3094 corruptis.
1910 3058 1952 3084 sed
1966 3059 2069 3084 frustra.

1093 3089 1096 3115 1
1114 3097 1227 3134 postulat
1238 3096 1307 3121 enini
1320 3097 1333 3121 3
1347 3096 1462 3121 pratos-e
1473 3096 1668 3131 exceptionem,
1681 3106 1710 3121 ne
1722 3097 1747 3121 iii
1761 3104 1834 3121 reum
1845 3096 1934 3131 capitis
1944 3093 2068 3132 prmiucli-

1115 3135 1154 3159 cin
1160 3142 1183 3158 m
1196 3132 1239 3157 fiat
1251 3141 1259 3161 3
1272 3139 1348 3157 extra
1358 3141 1436 3167 quain
1447 3132 1627 3168 pineiudicium
1638 3132 1693 3158 flat.
1714 3131 1800 3157 ΑΕιοι-
1812 3130 1862 3156 liiie
1873 3130 1926 3156 ulla
1936 3129 2068 3155 conditio-

1115 3179 1147 3197 ne
1159 3168 1216 3196 vult
1226 3168 1278 3203 agi,
1290 3167 1311 3195 is
1323 3169 1368 3203 qui
1379 3177 1438 3195 cuin
1448 3176 1547 3205 agitur,
1557 3169 1625 3206 petit
1636 3168 1829 3204 exceptionem.
1841 3169 2009 3218 numeriano

1956 3209 1965 3226 1
1973 3220 1977 3224 .
1990 3207 2066 3233 μένῃ

2040 166 2101 213 55

1128 554 1297 585 ministrare
1310 566 1316 584 :
1337 558 1456 588 Deinde
1466 560 1555 596 huius
1565 563 1757 596 confirmatio
1769 565 1927 598 similibus,
1942 566 1973 596 &
1984 577 2087 596 exem·
2108 594 2116 602 ,

2108 1280 2116 1303 1

2093 2654 2108 2676 'a

2116 2656 2137 2678 O

2127 1282 2148 1312 9
