2337 3400
165 131 261 179 732
571 107 1087 157 M.TULL11

163 200 237 229 Peto
254 197 269 226 a
289 202 316 224 te
330 192 479 231 majorem
493 191 525 219 in
540 188 670 219 modum
682 208 690 223 ‚
710 188 758 219 vel
773 189 968 219 humanitatis
982 197 1038 218 tuae
1049 207 1058 221 ‚
1078 186 1127 217 vel
1152 198 1153 206 ¹

164 248 231 269 mea
240 236 322 266 causa
332 254 339 266 ‚
361 243 392 263 ut
410 242 479 262 eum
497 230 672 262 auctoritate
686 241 733 262 tua
746 251 754 264 ,
775 241 840 271 qtiae
850 229 1024 270 plurimum
1033 229 1123 263 valet,

163 279 370 311 conservatum
382 274 468 303 velis.
492 273 572 303 Volo
584 293 592 306 ‚
614 281 642 303 te
653 292 661 306 ,
681 272 753 303 cum
767 271 948 303 fortissimus
962 274 1008 302 vir
1021 273 1125 313 cogni-

164 330 210 353 tus
221 317 256 348 sis
268 338 276 351 ‚
297 326 386 347 etiam
396 313 669 345 clementissimum
681 313 856 344 existimari.
881 316 993 354 Magno
1004 313 1058 343 tibi
1070 315 1126 343 erit

163 356 342 392 ornamento
352 377 360 391 ‚
375 355 599 387 nobilissimum
610 356 830 386 adolescentem
843 355 992 386 beneficio
1003 364 1056 385 tuo
1066 353 1125 384 esse

164 404 277 433 salvum
286 422 292 429 .
316 400 408 439 Cujus
419 398 543 440 quidem
556 399 638 428 causa
653 399 711 428 hoc
722 398 831 428 melior
845 397 933 427 debet
945 395 1002 427 ess'e
1014 417 1022 430 ,
1039 395 1122 438 quod

163 446 268 486 pietate
283 440 427 472 addu&us
440 461 448 474 ,
470 449 589 480 propter
600 441 689 480 patris
703 439 923 470 restitutionem
936 459 945 473 ‚
966 443 976 458 ¹
989 449 1039 469 me
1052 448 1123 468 cum

164 486 303 516 Antonio
319 483 491 522 conjunxit.
514 485 612 524 Qare
621 480 671 512 etsi
682 481 786 511 minus
796 491 896 512 veiam
906 481 1023 512 causam
1034 480 1124 510 hab„—

163 528 210 559 bis
219 548 227 560 ,
249 535 349 556 tamen
360 525 407 555 vel
417 524 604 564 probabilem
615 524 745 565 aliquam
756 526 867 564 poteris
878 523 1029 554 inducere.
1054 524 1122 552 Nu—

164 579 212 600 tus
223 578 289 599 tuus
300 566 395 607 potest
405 568 578 600 hominem,
591 566 713 596 summo
724 567 792 596 loco
803 574 907 596 natum
922 586 930 599 ,
942 566 1063 595 summo
1076 565 1122 593 in-

164 614 255 654 genio
266 630 273 644 ,
297 610 413 640 summa
426 610 535 639 virtute
546 628 554 642 ,
576 606 824 638 officiosissimum
842 606 978 648 praeterea
990 627 998 640 ,
1018 606 1126 647 &gra-

166 652 314 683 tissimum
327 671 335 685 ‚
348 650 537 680 incolumem
549 652 580 680 in
589 651 709 680 civitate
718 652 855 680 retinere.
880 649 970 690 Q}0d
982 657 1013 678 ut
1023 647 1122 681 facias,

169 697 207 725 ita
216 696 231 725 -ζι
243 704 269 724 te
280 702 350 733 peto
363 713 371 726 ,
392 702 424 723 ut
435 693 549 733 majore
570 691 670 722 studio
681 712 690 726 ,
711 692 842 733 magisve
853 701 891 722 ex
909 692 1016 721 animo
1025 699 1125 731 petere

167 747 230 767 non
241 733 361 776 pollina.

359 788 399 816 D.
416 787 624 817 BRUTUS
647 787 690 816 M.
705 786 784 815 T.C..
811 787 839 815 S.
851 786 881 815 P.
894 787 934 815 D.

277 839 330 867 OS
351 835 400 867 hic
418 836 555 866 valemus
573 834 670 865 τεξίὲῑ
694 835 746 868 &‚
766 833 827 874 quo
840 833 952 864 melius
963 835 1125 868 valeamus,

269 888 389 919 operam
401 878 549 908 dabimus.
573 876 705 917 Lepidus
723 876 887 906 commode
903 876 939 907 de
954 877 1045 906 nobis
1059 876 1126 906 sen-

165 924 220 952 tire
231 921 356 952 videtur.
382 922 475 950 Omni
495 922 604 949 timore
623 916 756 958 deposito
770 938 779 952 ‚
799 918 945 950 debemus
958 918 1053 948 libere
1067 919 1124 947 rei-

164 963 235 1005 pub.
247 963 411 994 consulere.
434 960 525 1003 Qod
538 959 556 989 fi
567 961 673 990 omnia
682 958 776 990 ess'ent
785 961 841 990 alie
866 970 880 991 a
890 980 899 994 ,
917 969 1018 991 tamen
1030 959 1124 989 tribus

166 1007 255 1036 tantis
265 1004 443 1035 exercitibus
453 1004 579 1043 propriis
588 1001 703 1042 reipub.
716 1002 825 1032 valenti
851 1012 895 1036 us,
905 1011 1047 1043 magnum
1059 1002 1125 1031 ani-

166 1057 254 1077 mum
271 1046 376 1076 habere
391 1044 518 1076 debebas
530 1064 538 1077 ‚
557 1054 648 1085 quem
661 1043 819 1084 &semper
829 1043 956 1074 habuisti
969 1064 977 1077 ‚
1001 1043 1033 1073 δε
1045 1053 1126 1073 nunc

165 1089 286 1120 fortuna
295 1087 452 1127 adjuvante
463 1096 496 1116 au
519 1094 566 1115 ere
577 1094 674 1126 potes.
698 1088 771 1128 Qae
783 1086 839 1116 tibi
856 1085 1057 1126 superioribus
1075 1085 1126 1114 lit-

166 1132 235 1161 teris
246 1140 312 1161 mea
322 1139 415 1159 manu
426 1097 522 1168 scripsi
531 1147 539 1162 ‚
551 1127 680 1158 terrendi
692 1136 734 1158 tui
743 1128 827 1158 causa
837 1129 978 1157 homines
989 1128 1125 1167 loquun-

165 1182 220 1202 tur.
244 1174 273 1202 Si
288 1171 412 1202 frenum
424 1169 626 1200 momorderis
637 1190 646 1203 ‚
666 1179 786 1210 peream
798 1190 807 1203 ,
828 1168 847 1198 fi
862 1179 890 1199 te
905 1179 1013 1199 omnes
1024 1188 1032 1202 ‚
1051 1177 1126 1208 quot

165 1215 252 1247 sunt,
272 1223 432 1244 conantem
454 1213 538 1252 loqui
557 1211 633 1242 ferre
650 1213 791 1252 poterint.
817 1214 880 1252 Ego
893 1231 900 1244 ,
921 1211 976 1240 tibi
993 1219 1023 1240 ut
1041 1211 1127 1240 antea

162 1255 260 1294 scripsi
271 1275 279 1287 ‚
299 1254 373 1291 dum
392 1255 470 1285 milii
485 1255 501 1284 a
514 1263 542 1284 te
555 1254 660 1285 littera:
674 1256 814 1287 veniant,
834 1255 868 1283 in
878 1253 962 1284 Italia
972 1251 1125 1282 morabor.

165 1300 238 1328 HK.
249 1297 398 1339 KaLJun.
412 1296 572 1337 Eporedia.

108 1349 149 1382 :132
340 1349 535 1378 CICERO
556 1349 809 1381 DERUTo,
832 1348 950 1378 S.P.D.

267 1403 362 1430 Anno
379 1399 451 1430 tibi:
467 1398 553 1429 antea
564 1398 760 1429 subirascebar
770 1398 907 1429 brevitati
918 1406 1035 1428 tuarum
1046 1397 1127 1427 litte-

266 1452 376 1472 rarum.
399 1450 481 1472 nunc
491 1441 569 1471 mihi
578 1441 691 1482 loquax
702 1438 759 1470 esse
768 1440 884 1470 videor.
909 1449 936 1469 te
950 1441 1041 1480 igitur
1054 1439 1128 1468 imi-

166 1483 260 1515 tabor.
283 1484 383 1526 Qarn
395 1483 501 1516 multa,
512 1481 604 1523 quam
615 1484 738 1522 paucis?
761 1485 808 1512 Te
823 1481 904 1512 τεὲὶὲ
919 1483 1013 1511 valere
1025 1500 1035 1515 ‚
1054 1490 1128 1520 ope-

166 1535 290 1567 ramque
300 1526 379 1559 dare,
389 1534 422 1555 ut
432 1524 568 1565 quotidie
579 1523 691 1554 melius
703 1523 871 1564 :Lepidum
881 1523 1047 1553 commode
1059 1523 1128 1552 sen-

166 1569 222 1598 tire
235 1578 241 1596 :
261 1566 355 1597 tribus
367 1566 547 1596 exercitibus
557 1565 679 1605 quidvis
693 1575 750 1595 nos
760 1575 897 1606 oportere
907 1563 1070 1595 confidere.
1095 1565 1126 1594 Si

166 1609 294 1640 timidus
302 1607 395 1639 essem
409 1618 414 1637 :
436 1616 536 1638 tamen
546 1607 599 1638 ista
608 1606 732 1647 epistola
743 1610 786 1637 mi
800 1617 925 1637 ornnem
937 1616 1054 1637 metum
1065 1605 1130 1636 abs-

169 1649 300 1683 tersifi'es.
322 1650 399 1684 Sed,
420 1659 452 1680 ut
470 1659 578 1680 mones
590 1669 599 1683 ,
619 1649 740 1679 frenum
752 1651 917 1680 momordi.
940 1651 1054 1679 etenim
1065 1649 1128 1689 qui,

168 1701 197 1724 te
212 1693 340 1725 incluso,
352 1701 479 1722 omnem
491 1691 571 1731 spem
584 1691 738 1722 habuerim
752 1693 784 1722 in
798 1700 836 1725 te,
848 1690 920 1732 quid
932 1700 1014 1721 nunc
1025 1699 1109 1730 putas
1122 1693 1131 1718 ?

169 1737 268 1774 Cupio
286 1735 350 1774 jam
361 1734 497 1774 vigiliam
517 1743 616 1763 meam
628 1753 637 1767 ‚
660 1734 749 1762 Brute
762 1753 769 1767 ‚
791 1733 846 1763 tibi
863 1732 990 1763 tradere:
1009 1732 1058 1762 scd
1081 1734 1131 1766 ita,

166 1785 201 1806 ut
210 1787 248 1806 ne
259 1774 351 1806 defim
360 1774 534 1805 constantia:
546 1784 631 1805 ineae.
655 1774 746 1815 Qod
757 1775 870 1808 scribis,
881 1776 912 1804 in
924 1775 1009 1804 Italia
1018 1783 1046 1803 te
1058 1783 1128 1803 mo-

166 1828 299 1850 raturum
312 1838 321 1851 ,
343 1817 416 1847 dum
428 1816 483 1847 tibi
494 1817 600 1846 litterae
610 1826 684 1846 meae
694 1819 839 1846 veniant:
860 1815 880 1845 fi
894 1826 943 1856 per
959 1815 1077 1846 hostem
1093 1816 1130 1844 li·

164 1869 213 1891 cet
222 1880 230 1893 ,
252 1869 314 1889 non
325 1861 438 1889 erraris.
462 1859 557 1888 multa
566 1860 648 1888 enim
662 1860 779 1888 Romae.
804 1856 847 1887 sin
857 1857 987 1888 adventu
999 1866 1053 1887 tuo
1065 1857 1130 1886 bel-

166 1903 232 1932 lum
244 1900 352 1932 confici
365 1899 462 1941 potest
474 1911 479 1929 ;
490 1900 568 1929 nihil
581 1898 614 1929 sit
622 1901 784 1940 antiquius.
808 1902 935 1930 Pecunia
944 1897 1130 1938 expeditiffi-

169 1953 219 1974 ma
238 1953 304 1984 quae
320 1952 397 1976 erat,
419 1943 474 1972 tibi
493 1941 607 1972 decreta
617 1940 668 1973 est·
693 1941 795 1971 Habes
813 1940 1050 1972 amantissimum
1064 1944 1131 1972 Ser-

167 1988 264 2016 vium.
287 1995 345 2015 nos
353 1995 418 2015 non
429 1984 584 2015 desumus.
607 1985 678 2014 nx.
691 1983 887 2026 IdusJunias.

360 2045 503 2075 M.T.C.
529 2045 785 2079 D BRUTO,
809 2046 934 2075 S.P.D.

107 2049 148 2081 25

169 2101 462 2179 EXspzcr-Aurr
483 2104 560 2133 mihi
575 2112 638 2134 tuas
651 2102 788 2144 quotidie
803 2104 913 2134 litteras
924 2123 932 2138 ‚
955 2105 1059 2144 Lupus
1071 2112 1128 2133 no·-

247 2144 302 2174 ster
319 2143 416 2174 subito
435 2145 643 2179 denuntiavit,
668 2154 700 2175 ut
717 2145 753 2175 ad
772 2155 801 2175 te
819 2146 977 2176 scriberem
991 2165 1000 2179 ,
1021 2144 1040 2174 fi
1054 2144 1128 2186 quid

167 2188 290 2216 vellem.
314 2189 379 2227 Ego
391 2196 491 2217 autem
503 2207 513 2221 ,
533 2186 583 2217 etfi
594 2207 603 2221 ,
623 2187 694 2228 quid
708 2187 865 2217 scriberem
879 2207 888 2221 ,
906 2197 970 2217 non
982 2187 1127 2217 habebam

167 2227 243 2267 (adia
259 2229 342 2258 enim
359 2228 394 2257 ad
408 2237 435 2258 te
450 2230 531 2258 mitti
545 2229 690 2259 sciebam:
710 2231 832 2259 inanem
842 2239 942 2260 autem
953 2230 1129 2260 sermonem

166 2271 332 2301 litterarum
352 2270 408 2300 tibi
426 2270 629 2309 injucundum
642 2269 698 2300 esse
708 2270 879 2311 audiebam)
897 2271 1074 2312 brevitatem
1086 2271 1130 2303 se-

166 2321 254 2342 cutus
272 2311 338 2341 sum
351 2331 359 2344 ‚
380 2320 408 2341 te
422 2311 573 2352 magistro.
596 2314 677 2342 Scito
688 2313 796 2351 igitur,
818 2314 912 2346 inte²
931 2313 1005 2343 &in
1015 2313 1129 2353 collega

166 2355 251 2394 spem
261 2363 388 2385 omnem
400 2351 466 2382 esse.
478 2355 525 2386 De
535 2355 627 2386 Bruto
636 2355 825 2386 autemnibil
835 2353 931 2384 adhuc
939 2356 1010 2384 certi
1021 2365 1026 2383 ς
1037 2364 1127 2394 quem

166 2405 223 2438 ego
236 2415 242 2428 ‚
261 2394 522 2436 quemadmodum
534 2397 668 2435 praecipis
679 2415 688 2429 ,
706 2397 830 2435 privatis
844 2396 949 2425 litteris
963 2396 998 2426 ad
1014 2395 1129 2425 bellum

166 2447 333 2468 commune
345 2445 452 2467 vocare
462 2446 525 2466 non
536 2436 657 2467 desino:
701 2437 731 2466 ui
744 2438 858 2468 utinam
867 2438 929 2477 jam
939 2435 1047 2467 adess’et
1058 2456 1067 2470 ,
1081 2437 1132 2466 in-

167 2478 311 2510 restinum
322 2478 404 2509 urbis
417 2479 532 2508 malum
544 2498 553 2512 ,
567 2478 649 2520 quod
661 2447 703 2508 ell
715 2488 778 2508 non
789 2479 944 2509 mediocre
954 2498 963 2512 ,
980 2478 1083 2509 minus
1093 2479 1131 2508 ti-

167 2538 332 2559 meremus.
354 2528 409 2559 Sed
420 2528 493 2569 quid
503 2531 578 2570 ago?
600 2538 664 2559 non
677 2530 783 2559 imitor
796 2521 1009 2564 Aoenwvaoe'v
1023 2531 1132 2559 tuum?

166 2572 256 2601 altera
269 2571 333 2609 jam
353 2572 464 2612 pagella
481 2570 626 2612 procedit.
657 2573 754 2602 vince
773 2590 783 2605 2
812 2570 845 2602 &
864 2569 940 2602 vale.
966 2578 1047 2601 xxv..
1061 2571 1130 2603 Kal.

170 2612 345 2654 Qintileis.

105 799 146 831 23

386 2675 471 2703 D.B.
495 2675 761 2705 1MP-M T C.
784 2675 910 2704 S.P.D.

284 2728 401 2757 Axrivio
421 2738 492 2758 meo
506 2728 611 2758 dolore
625 2729 684 2758 hoc
698 2728 803 2759 solatio
817 2737 885 2758 utor
895 2746 903 2761 ‚
924 2726 1005 2767 quod
1017 2726 1131 2757 intelli-

222 2808 226 2812 ,
284 2779 357 2809 gunt
368 2771 510 2800 homines
521 2790 529 2804 ‚
542 2780 605 2800 non
617 2769 676 2800 fine
687 2771 770 2801 causa
780 2780 829 2800 me
840 2767 972 2801 timuisie
982 2768 1036 2798 ista
1048 2788 1056 2802 ‚
1065 2778 1131 2809 quae

167 2807 347 2840 acciderunt.
372 2811 568 2846 Deliberent,
586 2810 688 2842 utrum
701 2813 847 2848 trajiciant
857 2812 991 2852 legiones
1001 2820 1040 2840 ex
1051 2810 1131 2840 Arri-

170 2857 223 2895 ⁶²?
239 2858 330 2895 necne
342 2852 373 2882 ὃς
384 2863 424 2882 ex-
433 2853 566 2883 Sardinia
576 2873 584 2887 ,
602 2854 633 2884 &
645 2856 769 2884 Brutum
780 2853 944 2886 accersant„
964 2862 1077 2882 necne:
1099 2852 1131 2882 ὃς

171 2889 251 2936 mihi
270 2890 450 2931 stipendium
466 2895 555 2928 dent,
574 2905 611 2925 an
621 2895 792 2931 decernant.
817 2895 862 2925 Ad
874 2894 1131 2925 senatumlitteras

171 2929 249 2969 mlfi-
273 2934 365 2965 Crede
377 2937 475 2970 mihi,
493 2935 555 2969 nisi
566 2936 618 2968 ista
636 2939 741 2968 omnia
757 2938 799 2968 ita
817 2935 912 2970 fiunt,
930 2935 1131 2978 quemadmo-

108 2667 153 2701 26

1169 108 1714 158 Cicanou1s

1166 188 1241 219 dum
1252 189 1348 220 scribo
1357 209 1366 223 ,
1380 199 1524 231 magnum
1535 200 1590 221 nos
1599 193 1720 223 omneis
1729 191 1862 224 adituros
1871 192 2047 233 perieulum.
2059 194 2126 224 Ro-

1167 241 1205 272 go
1225 240 1252 261 te
1269 251 1278 265 ,
1306 231 1404 262 videte
1416 232 1526 271 quibus
1539 234 1717 264 hominibus
1731 245 1768 265 ne
1790 237 1888 265 otium
1902 234 1977 265 detis
1991 242 2010 268 ‚'
2022 236 2075 276 qui
2088 235 2125 266 ad

1168 283 1219 303 me
1229 273 1363 314 legiones
1372 272 1528 304 adducant.
1551 273 1584 304 &
1595 273 1654 306 fide
1664 285 1740 316 opus
1750 287 1765 307 e
1803 296 1812 312 ,
1827 277 1860 308 &
1869 277 2029 308 celeritate.
2057 286 2069 306 1
2077 286 2125 307 rt.

1170 317 1256 345 Non.
1265 316 1335 357 Jun.
1347 325 1385 346 ex
1393 314 1503 345 castris.
1518 330 1519 334 =

1387 367 1432 396 M.
1448 368 1642 398 CICERO
1662 370 1853 404 MATIO,
1875 373 1906 402 S.

1269 417 1395 446 Onnum
1415 416 1482 446 satis
1500 415 1662 450 constitui,
1683 419 1867 450 molestiaene
1878 421 1946 461 plus
1959 440 1968 454 ‚
1989 430 2026 451 an
2035 420 2128 451 volu-

1269 459 1356 497 ptatis
1376 458 1507 487 attulerit
1523 459 1602 487 mibi
1621 459 1780 490 Trebatius
1797 460 1896 492 noster
1908 483 1916 496 ,
1938 463 2033 492 homo
2052 472 2126 493 cum

1167 500 1273 540 plenus
1285 497 1379 529 officii
1389 519 1397 533 ‚
1413 508 1479 529 tum
1491 500 1642 540 utriusque
1653 500 1790 531 nostrum
1800 503 2026 534 amantissimus.
2044 507 2127 534 Nam

1167 540 1239 570 cum
1262 543 1293 570 in
1314 541 1521 571 Tusculanum
1541 542 1655 582 vesperi
1674 542 1818 573 venissem
1833 564 1841 578 ‚
1860 545 2003 583 postridie
2021 547 2072 576 ille
2090 545 2128 576 ad

1168 593 1219 613 me
1229 602 1237 615 ‚
1258 583 1399 613 nondum
1417 583 1482 613 satis
1504 581 1593 613 firmo
1606 594 1729 624 corpore
1739 583 1811 615 cum
1822 585 1894 616 esset
1904 607 1912 620 ‚
1933 588 2022 618 mane
2033 589 2129 618 venit.

1167 627 1266 667 Qem
1285 623 1356 655 cum
1373 625 1562 666 objurgarem
1573 645 1581 659 ‚
1601 625 1683 666 quod
1693 636 1798 666 parum
1810 628 1969 658 valitudini
1979 638 2126 669 parceret:

1168 676 1232 697 tum
1250 667 1300 696 ilre
1312 687 1320 699 ‚
1341 667 1421 696 nihil
1439 666 1492 697 sibi
1511 667 1636 708 longius
1655 666 1741 698 fuisse
1753 689 1762 701 ‚
1783 679 1873 709 quam
1888 678 1920 699 ut
1938 679 1986 699 me
2003 671 2128 701 videret.

1166 711 1253 738 Num
1265 708 1409 749 quidnam
1422 729 1430 742 ,
1449 710 1574 750 inquam
1587 729 1596 742 ,
1617 711 1692 739 novi
1707 712 1718 739 ?
1740 711 1860 741 Detulit
1870 710 1905 741 ad
1917 721 1965 741 me
1975 712 2128 752 querelam

1167 760 1248 781 tuam
1261 761 1266 779 ε
1287 750 1324 780 de
1337 761 1394 792 qua
1407 750 1490 791 prius
1501 770 1510 785 ‚
1530 751 1622 792 quam
1637 751 1802 792 respondeo
1813 772 1821 786 ,
1841 763 1929 793 pauca
1942 762 2128 793 praeponam.

1168 791 1325 831 Quantum
1345 795 1493 823 memoria
1510 798 1638 833 repetere
1657 795 1803 834 praeterita
1816 793 1934 834 possum
1948 815 1955 829 ‚
1977 805 2070 825 nemo
2084 794 2128 826 est

1170 836 1248 864 mihi
1259 844 1287 864 te
1295 837 1408 865 amicus
1416 836 1583 876 antiquior:
1597 838 1659 866 sen
1674 845 1839 867 varusrAs
1852 846 1962 867 ΗΛΒΕΤ
1977 846 2129 876 ALrQrin

1172 886 1344 907 commuue
1359 887 1433 907 cmvi
1449 887 1578 907 MUers
1592 888 1597 906 z
1613 887 1699 908 amor
1709 888 1773 908 non
1783 878 1878 908 habet.
1898 880 2003 909 Dilexi
2014 888 2054 913 te,
2065 888 2129 920 qno

1169 918 1218 948 die
1228 921 1377 960 cognovi:
1398 929 1506 960 meque
1520 918 1535 949 a
1548 927 1576 949 te
1591 918 1677 961 diligi
1688 920 1828 957 judicavi.
1852 923 1938 951 Tuus
1948 921 2058 951 deinde
2069 921 2132 953 dis-

1169 959 1262 991 cess'us
1272 980 1280 994 ‚
1300 961 1383 1002 isque
1394 961 1553 991 diuturnus
1564 981 1572 995 ‚
1582 961 1713 991 ambitio
1724 962 1822 993 nostra
1833 982 1841 996 ‚
1854 962 1887 992 &
1898 966 1966 993 vitae
1978 961 2131 993 dissimili-

1169 1002 1243 1032 tudo
1255 1013 1318 1033 non
1328 1002 1369 1033 est
1379 1001 1456 1043 passa
1470 1003 1639 1033 voluntates
1651 1003 1762 1034 nostras
1772 1004 2131 1046 consuetudineconglu-

1169 1045 1266 1074 tinari.
1290 1047 1396 1074 Tuum
1409 1053 1508 1074 tamen
1524 1055 1591 1084 erga
1601 1055 1650 1074 me
1661 1048 1798 1075 animum
1808 1048 1916 1086 agnovi
1929 1047 2032 1076 multis
2042 1048 2131 1077 annis

1169 1094 1235 1115 ante
1246 1086 1362 1115 bellum
1372 1086 1464 1116 civile
1475 1105 1483 1119 ‚
1501 1085 1572 1116 cum
1585 1087 1678 1116 Caesai'
1688 1086 1760 1117 ess'et
1770 1098 1802 1117 in
1814 1088 1918 1118 Gallia.
1942 1088 2032 1128 Qiod
2044 1090 2131 1118 enim

1169 1127 1363 1157 vehementer
1373 1128 1451 1157 milii
1464 1128 1537 1157 utile
1548 1126 1605 1157 effe
1613 1129 1746 1167 putabas,
1758 1139 1813 1158 nec
1824 1130 1931 1160 inutile
1942 1127 2002 1170 ipse
2012 1130 2129 1163 Caesari,

1169 1167 1318 1208 perfecisti
1331 1188 1339 1202 ,
1360 1177 1392 1199 ut
1411 1169 1463 1198 ille
1484 1178 1534 1198 me
1552 1168 1691 1210 diligeret·
1700 1190 1708 1203 ,
1729 1171 1859 1204 coleret,
1881 1171 2001 1201 haberet
2012 1174 2043 1201 in
2058 1172 2129 1202 suis.

1170 1210 1267 1240 Multa
1280 1220 1422 1250 praetereo
1432 1230 1440 1244 ,
1460 1220 1525 1251 quae
1535 1211 1722 1251 temporibus
1732 1212 1792 1241 illis
1805 1214 1882 1242 inter
1891 1222 1948 1242 nos
1959 1213 2132 1243 familiaris-

1170 1250 1244 1282 sime
1253 1251 1332 1282 dieta
1342 1272 1350 1285 ‚
1363 1252 1465 1292 scripta
1476 1272 1484 1286 ‚
1493 1254 1716 1284 communicata
1727 1253 1802 1283 stint.
1818 1255 1951 1295 graviora
1960 1257 2042 1284 enim
2054 1264 2132 1285 con-

1168 1294 1266 1324 secuta
1279 1294 1357 1324 sunt.
1383 1297 1420 1324 Et
1437 1296 1529 1324 initio
1540 1295 1612 1324 belli
1622 1296 1721 1325 civilis
1731 1295 1803 1326 cum
1815 1295 2005 1326 Brundisium
2029 1296 2132 1326 versus

1169 1337 1227 1366 ires
1239 1336 1275 1366 ad
1286 1337 1429 1367 Caesarem
1443 1356 1451 1370 ‚
1472 1335 1581 1367 venisti
1600 1336 1636 1367 ad
1650 1347 1700 1367 me
1717 1339 1749 1367 in
1760 1340 1968 1368 Formianum.
1992 1336 2133 1369 Primum

1169 1379 1228 1408 hoc
1246 1378 1344 1418 ipsum
1363 1380 1467 1419 quanti
1482 1398 1490 1412 ‚
1514 1379 1679 1418 praesertim·
1696 1380 1884 1420 temporibus
1902 1381 1989 1410 illis?
2011 1379 2133 1410 Deinde

1169 1420 1302 1450 oblitum
1326 1430 1375 1450 me
1396 1429 1482 1460 putas
1500 1419 1638 1454 consilii,
1659 1421 1806 1451 sermonis
1817 1442 1825 1455 ‚
1846 1423 2041 1452 humanitatis
2053 1423 2132 1452 tuae?

1171 1461 1279 1503 quibus
1290 1462 1376 1492 rebus
1387 1461 1526 1492 interesse
1537 1464 1668 1493 memini
1679 1464 1866 1494 Trebatium.
1892 1467 1958 1494 Nec
1975 1462 2047 1494 verb
2066 1464 2134 1494 sum

1171 1503 1284 1534 oblitus
1300 1505 1465 1534 litterarum
1482 1513 1598 1535 tuarum
1611 1524 1619 1539 ‚
1639 1514 1710 1545 quas
1725 1505 1759 1535 ad
1776 1516 1824 1535 me
1839 1504 1943 1536 misisti
1955 1526 1963 1539 ,
1982 1505 2055 1537 cum
2067 1507 2134 1536 Cae-

1171 1546 1227 1576 sari
1238 1545 1362 1576 obviam
1372 1544 1503 1576 veniss‘es
1512 1548 1544 1576 in
1554 1556 1622 1587 agro
1635 1566 1643 1581 ,
1665 1555 1698 1576 ut
1706 1547 1833 1577 arbitror
1842 1567 1850 1580 ‚
1872 1547 2058 1577 Trebulano.
2080 1550 2135 1577 S&

1172 1596 1275 1619 cutum
1287 1587 1363 1618 illud
1374 1597 1492 1628 tempus
1501 1587 1544 1618 est
1555 1607 1563 1621 ‚
1587 1588 1658 1618 cum
1671 1598 1721 1618 me
1731 1589 1766 1619 ad
1779 1591 1957 1628 Pompeium
1970 1587 2134 1629 proficisci,

1173 1629 1231 1660 five
1241 1629 1337 1670 pudor
1351 1640 1437 1660 meus
1449 1632 1547 1671 coegit
1558 1650 1566 1663 ‚
1581 1629 1639 1660 five
1650 1629 1786 1660 officium
1798 1651 1806 1664 ‚
1819 1629 1878 1660 five
1887 1629 2017 1661 fortuna.
2041 1629 2135 1672 Qiod

1174 1671 1312 1710 officium
1328 1682 1416 1703 tuum
1429 1692 1438 1705 ‚
1457 1672 1538 1713 quod
1552 1672 1685 1702 studium
1705 1676 1719 1692 2
1731 1673 1777 1703 ve]
1790 1675 1821 1702 in
1832 1672 1982 1712 absentem
1995 1682 2043 1702 me
2055 1688 2064 1706 ⁵
2084 1671 2135 1702 vel

1175 1716 1205 1744 in
1217 1715 1371 1754 praesentes
1383 1724 1466 1744 meos
1476 1713 1593 1744 defuit?
1607 1724 1696 1757 quem
1707 1713 1796 1755 porro
1809 1724 1917 1744 omnes
1928 1714 2032 1744 mei&
2043 1715 2139 1748 mihi‚.

1176 1756 1207 1786 &
1220 1755 1274 1786 fibi
1286 1765 1313 1785 te
1323 1756 1736 1795 amicioremjudicaverunt?
1757 1759 1837 1786 Veni
1848 1754 2053 1786 Brundisium.
2077 1756 2135 1785 ob-

1175 1799 1305 1827 litumne
1316 1807 1366 1827 mc
1375 1806 1458 1837 putas
1470 1818 1478 1830 ,
1494 1808 1553 1838 qua
1560 1798 1708 1828 celeritate
1719 1818 1727 1831 ,
1746 1797 2063 1838 utprimumaudieris
2075 1816 2089 1831 ‚.
2096 1796 2135 1827 ad

1176 1849 1226 1868 me
1237 1842 1369 1869 Tarento
1379 1839 1525 1869 advolaris
1535 1842 1546 1868 ?
1557 1849 1627 1879 quae<
1635 1848 1682 1869 tua
1692 1838 1901 1870 fueritafl'effio
1911 1859 1918 1872 ‚
1931 1841 2027 1869 oratio
2039 1859 2047 1872 ,
2060 1848 2138 1869 con-

1176 1879 1306 1911 firmatio
1315 1882 1481 1911 animivmei
1491 1901 1499 1914 ,
1511 1880 1596 1911 fraai
1607 1883 1822 1912 communium
1835 1881 2023 1911 miseriarum
2035 1881 2136 1911 metu?

1175 1923 1312 1953 Tandem
1325 1923 1486 1964 aliquando
1496 1925 1606 1953 Romae
1618 1921 1676 1953 ess'e
1686 1925 1844 1964 coepimus.
1869 1923 1942 1964 quid
1961 1921 2058 1953 defuit
2075 1931 2135 1953 no-

1175 1964 1239 1996 st'i‘ae
1258 1964 1454 1996 familiaritati
1471 1966 1504 1995 in
1524 1966 1668 1995 maximis
1687 1966 1796 1995 rebus?
1819 1968 1958 2003 Quonam
1975 1964 2070 1995 modo
2085 1973 2135 1994 me

1173 2017 1304 2049 gererem
1323 2007 1461 2038 adversus
1475 2008 1616 2038 Caesarem
1628 2027 1637 2041 ,
1658 2008 1727 2037 usus
1740 2017 1793 2038 tuo
1803 2006 1931 2038 consilio
1940 2007 2018 2038 sum.
2041 2009 2079 2037 Iri
2089 2016 2137 2037 re-

1174 2051 1265 2091 liquis
1275 2048 1386 2080 officiis
1396 2069 1404 2083 ,
1416 2051 1506 2080 cuitu
1518 2048 1646 2079 tribuisti
1661 2069 1669 2082 ,
1683 2058 1809 2090 excepto
1820 2050 1928 2080 Caesare
1939 2069 1947 2083 ‚
1959 2059 2063 2089 praeter
2073 2057 2135 2081 me,

1174 2101 1207 2122 ut
1226 2092 1355 2122 domum
1376 2093 1534 2122 ventitares
1546 2112 1554 2125 ,
1579 2091 1723 2132 horasque
1741 2092 1851 2122 multas
1870 2091 1942 2131 saepe
1963 2089 2134 2121 suaviffimo

1171 2135 1311 2165 sermone
1321 2134 1536 2164 consumeres?
1554 2142 1617 2164 tum
1630 2153 1639 2167 ‚
1660 2134 1732 2163 cum
1743 2136 1832 2164 etiam
1844 2153 1852 2168 ,
1864 2131 1884 2162 fi
1894 2131 2063 2163 meministi
2075 2151 2084 2165 ‚
2103 2138 2138 2161 ut

1174 2185 1237 2215 haec
1249 2169 1507 2220 §Dfflvwss‘b‘ssfloe
1523 2184 1680 2223 scriberem
1693 2204 1701 2218 ,
1714 2193 1743 2214 tu
1755 2193 1805 2213 me
1814 2182 1971 2224 impulisti.
1994 2179 2063 2212 Post
2073 2183 2137 2211 Cae-

1173 2227 1242 2257 saris
1252 2224 1382 2255 reditum
1395 2245 1403 2259 ‚
1424 2224 1497 2265 quid
1510 2225 1564 2256 tibi
1577 2226 1684 2265 majori
1695 2235 1772 2256 curae
1782 2224 1838 2255 fuit
1850 2245 1858 2258 ‚
1879 2224 1970 2265 quam
1990 2232 2022 2253 ut
2041 2221 2135 2252 essem

1173 2279 1229 2310 ego
1248 2267 1296 2299 illi
1314 2267 1404 2308 quam
1422 2266 1693 2299 familiai-risimus?
1715 2266 1797 2308 quod
1810 2265 1956 2296 effeceras.
1980 2264 2135 2304 Qiorsum

1174 2312 1264 2353 igitur
1274 2310 1336 2339 haec
1346 2311 1440 2339 oratio
1450 2309 1573 2350 longior
1583 2329 1591 2343 ‚
1607 2309 1695 2350 quam
1706 2318 1838 2350 putaram
1851 2310 1862 2337 ?
1879 2309 1950 2349 quia
1960 2307 2025 2337 sum
2036 2306 2138 2336 admi-

1175 2360 1253 2386 ratus
1266 2371 1275 2384 ,
1286 2359 1313 2380 te
1324 2370 1332 2384 ‚
1345 2352 1397 2391 qui
1408 2351 1470 2380 haec
1483 2349 1567 2380 nofl'e
1576 2351 1696 2381 deberes
1707 2369 1715 2384 ,
1727 2350 1891 2391 quidquam
1903 2349 1918 2379 a
1929 2347 2137 2378 mecommis-

1176 2392 1241 2423 sum
1252 2412 1261 2426 ,
1271 2391 1352 2432 quod
1363 2389 1433 2421 esset
1441 2392 1575 2422 alienum
1588 2391 1686 2422 nostra
1696 2394 1827 2422 amicitia
1838 2412 1847 2424 ,
1860 2390 2026 2422 credidisse.
2051 2392 2137 2420 Nam

1174 2443 1278 2474 praeter
1289 2434 1351 2463 haec
1363 2453 1370 2466 ‚
1391 2443 1455 2473 quae
1465 2436 1706 2464 commemoravi
1719 2454 1727 2468 ,
1748 2444 1813 2474 quae
1831 2432 1932 2463 testata
1947 2433 2034 2466 sunt,
2054 2431 2087 2461 δε
2098 2431 2138 2460 il·-

1174 2475 1275 2506 lustria
1287 2494 1296 2508 ‚
1313 2474 1408 2505 habeo
1423 2475 1521 2505 multo
1535 2476 1701 2506 occultiora
1713 2496 1721 2509 ,
1741 2486 1806 2517 quae
1825 2478 1878 2505 vix
1895 2474 1994 2504 verbis
2014 2473 2136 2513 exsequi

1174 2516 1302 2558 poss'um.
1327 2518 1437 2547 Omnia
1454 2527 1503 2547 me
1517 2526 1564 2548 tua
1578 2517 1742 2548 deleffiint:
1763 2517 1811 2547 sed
1822 2515 1958 2547 maxime
1970 2536 1979 2550 ,
2000 2516 2136 2546 maxima

1174 2559 1245 2589 cum
1266 2557 1339 2589 fides
1357 2560 1391 2588 in
1410 2560 1561 2593 amicitia,
1582 2558 1739 2589 confilium
1752 2579 1760 2592 ‚
1782 2561 1906 2599 gravitas
1920 2578 1928 2592 ,
1951 2557 2136 2588 constantia:

1174 2610 1239 2632 tum
1251 2601 1333 2642 lepos
1344 2620 1353 2634 ‚
1376 2601 1544 2631 humanitas
1560 2623 1567 2634 ‚
1590 2601 1702 2632 litterae.
1739 2604 1925 2642 Qaproptei·
1943 2599 2032 2630 redeo
2052 2606 2134 2628 nunc

1174 2642 1209 2673 ad
1220 2643 1381 2684 querelam.
1402 2645 1466 2683 Ego
1477 2652 1503 2672 te
1514 2642 1686 2685 suffragium
1698 2642 1795 2673 tuliss'e
1805 2645 1838 2672 in
1849 2643 1900 2672 illa
1909 2642 1985 2682 lege,
1997 2637 2134 2681 primum

1175 2694 1239 2715 non
1246 2684 1358 2716 credidi
1372 2696 1377 2713 z
1393 2684 1502 2715 deinde
1513 2705 1521 2718 ‚
1538 2683 1557 2714 si
1568 2683 1755 2715 credidiss’em
1769 2705 1778 2718 2
1789 2692 1955 2724 numquam
1967 2679 2070 2712 id‘fine
2080 2680 2136 2711 ali·

1173 2737 1230 2768 qua
1238 2725 1316 2767 justa
1326 2727 1409 2757 causa
1418 2725 1622 2757 existimarem
1634 2736 1661 2757 te
1671 2726 1781 2757 fecisse.
1794 2728 1933 2766 Dignitas
1944 2732 1993 2753 tua
2002 2722 2090 2756 facit,
2103 2730 2136 2752 ut

1173 2768 1447 2800 animadvertatur,
1466 2768 1538 2808 quid
1564 2769 1613 2798 uid
1624 2768 1712 2799 facias
1726 2779 1731 2797 ;
1753 2766 1959 2797 malivolentia
1970 2773 2068 2795 autem
2079 2765 2138 2794 ho-

1176 2813 1298 2841 minum
1310 2830 1319 2844 ‚
1340 2819 1372 2840 ut
1385 2809 1533 2839 nonnulla
1542 2778 1648 2839 durius
1659 2830 1667 2843 ,
1687 2808 1805 2849 quam&
1816 2816 1844 2837 te
1857 2806 1931 2837 fasta
1941 2804 1996 2836 fint
2007 2827 2015 2841 ,
2035 2804 2138 2846 prose·

1176 2862 1289 2883 rantur.
1315 2854 1356 2882 Ea
1365 2861 1396 2882 tu
1408 2849 1426 2880 fi
1437 2860 1502 2880 non
1511 2851 1610 2880 audis:
1622 2850 1697 2891 quid
1707 2851 1804 2880 dicam
1816 2868 1825 2881 ,
1845 2849 1956 2879 nescio.
1981 2847 2135 2889 equidem,

1178 2893 1197 2924 si
1215 2893 1335 2935 quando
1354 2892 1444 2923 audio
1457 2912 1466 2925 ,
1486 2901 1548 2922 tam
1564 2891 1696 2921 defendo
1707 2912 1716 2924 ,
1735 2900 1825 2962 quam
1837 2900 1887 2920 me
1899 2889 1984 2920 scioh
1999 2898 2025 2920 te
2034 2897 2140 2920 contra

1180 2937 1303 2977 iniquos
1322 2943 1408 2966 meos
1428 2934 1522 2964 solere
1541 2932 1673 2963 defendi.
1698 2935 1745 2963 De
1762 2931 1843 2963 enfio
1852 2941 1951 2962 autem
1964 2931 2006 2962 est
2015 2931 2139 3003 dqpffiaita·

210 3074 233 3091 1.
253 3068 311 3097 22st
321 3075 372 3091 rum
381 3069 496 3093 <Antonia
514 3070 659 3102 conjunxit]
681 3070 745 3095 Non
765 3068 893 3094 habebant
911 3066 978 3093 illud
990 3066 1135 3101 vulgares}

1213 3074 1241 3091 2.
1263 3066 1305 3091 Vel
1318 3067 1343 3089 in
1354 3063 1469 3095 abfintcm
1478 3071 1512 3087 me
1523 3081 1531 3094 ,
1550 3064 1594 3087 vel
1607 3065 1633 3087 in
1649 3062 1769 3095 praefi’ntes
1788 3071 1846 3087 nicos
1865 3062 1937 3092 defuit
1948 3062 1981 3095 ἒ]
2003 3060 2046 3086 Sic
2055 3059 2139 3086 editio

169 3101 303 3133 Palatini,
323 3101 406 3128 editio
419 3102 532 3127 Victorii
552 3104 725 3139 omniumque
744 3105 864 3140 princeps
877 3123 885 3135 ,
904 3102 974 3138 quod
994 3101 1054 3128 dico
1067 3121 1074 3133 ‚
1099 3111 1131 3128 ne
1174 3101 1293 3127 omnium
1306 3098 1474 3138 vetustiffima
1493 3107 1523 3123 ac
1534 3097 1686 3125 Victoriana
1699 3117 1707 3128 ,
1729 3097 1843 3124 Palatini
1864 3097 1917 3124 duo
1927 3105 2027 3132 primus
2038 3105 2068 3122 ac
2083 3103 2141 3122 tei·-

165 3137 226 3202 auls
239 3156 247 3168 ,
266 3137 389 3178 utvulgo
401 3157 411 3171 ,
428 3137 622 3174 interpretetur
635 3158 644 3172 ‚
662 3141 936 3178 &praeteteaignarus
948 3147 1033 3167 meam
1048 3137 1129 3165 fidem
1174 3137 1238 3162 tius.
1259 3135 1356 3162 Nihili·
1367 3135 1403 3162 est
1425 3133 1553 3170 vulgata3
1573 3136 1617 3160 vel
1630 3136 1656 3161 iu
1675 3134 1790 3168 absentem
1809 3144 1843 3160 mc
1860 3136 1904 3160 vcl
1912 3136 1944 3160 in„
1954 3133 2089 3167 prqsemem
2098 3131 2140 3157 de,

2034 3211 2057 3230 ι.
2068 3203 2129 3230 Alia
2174 3232 2177 3233 ⁷

186 3173 270 3215 agitet
277 3192 284 3200 .

1164 3174 1228 3206 suit»

2148 377 2196 413 27
