2297 3389
483 146 741 192 ORATIO
788 157 859 190 DE
905 142 1294 192 Piiovmciis
1340 144 1865 196 consummavi.

186 223 257 257 nim
269 234 320 256 me
328 223 502 265 participem
513 222 571 254 ess'e
581 223 695 253 voluit:
711 221 821 262 quibus
834 231 889 262 ego
903 220 923 251 sl
938 221 1041 252 minsis
1054 221 1148 252 afl'en-
1192 234 1210 263 p

186 268 299 301 richar,
321 276 421 297 tamen
433 266 517 296 iilius
532 265 609 294 mihi
620 264 773 303 judicium
785 284 794 298 ,
816 273 931 305 gratum
946 262 1004 293 effe
1013 263 1148 293 debebat.

186 319 238 339 me
256 309 329 341 ille,
351 317 383 338 ut
401 308 665 348 quinqueviratum
685 308 872 345 acciperem3
895 306 1027 347 rogavit:
1046 314 1097 334 me
1117 308 1148 334 in

1213 233 1262 255 eto
1272 244 1281 258 ‚
1302 233 1335 255 ut
1345 244 1353 259 ,
1374 224 1394 256 si
1413 237 1468 268 ego
1481 227 1550 257 illos
1563 238 1703 260 meorum
1713 230 1851 262 laborum
1863 250 1871 265 ‚
1892 230 1925 262 &
1935 229 2155 261 incommodo-

1191 276 1257 296 rum
1270 269 1425 307 participes
1435 268 1494 299 ess'e
1503 270 1592 300 nolui
1603 291 1612 304 ‚
1634 282 1672 302 ne
1685 272 1731 302 iili
1741 282 1791 303 me
1802 274 1918 304 suarum
1930 272 2153 303 inimicitiarum

1192 308 1307 338 socium
1319 310 1414 340 velint
1428 309 1487 341 ess'e
1496 331 1504 344 ‚
1525 313 1690 351 praesertim¹
1699 323 1769 344 cum
1781 316 1859 345 mihi
1870 315 1962 346 iidem
1974 315 2020 344 illi
2030 315 2153 345 conces-

187 350 282 380 tribus
295 348 347 379 fibi
359 346 612 387 conjuneiiffimis
626 348 835 378 consularibus
852 346 910 377 effe
929 347 1048 376 voluit:
1069 347 1146 375 mihi
1190 348 1298 382 serint,
1320 360 1351 380 ut
1371 361 1460 382 etiam
1478 352 1541 384 afta
1559 355 1608 384 illa
1622 357 1761 390 Caesaris,
1781 367 1847 397 quae
1865 367 1903 387 ne
1926 368 1963 387 ue
1981 358 2150 398 oppugnavi

185 391 367 433 legationem
379 410 388 424 ‚
405 399 495 430 quam
511 389 642 422 vellem,
656 398 774 429 quanto
792 399 864 420 cum
887 390 1004 418 honore
1022 387 1146 432 vellem,
1188 391 1290 422 antea,
1312 401 1409 431 neque
1429 393 1552 424 defendi
1567 416 1576 428 .
1601 406 1671 427 meo
1687 399 1749 436 jam
1765 399 1833 437 jure
1851 368 1958 438 possim
1978 398 2150 429 defendere.

187 433 304 463 detulit.
327 441 394 471 quae
407 441 462 471 ego
472 433 578 461 omnia
589 441 652 461 non
663 434 779 472 ingrato
789 433 894 461 animo
906 450 915 464 ‚
927 429 975 460 sed
986 427 1145 474 obstinatia-
1191 440 1260 460 nam
1272 432 1383 462 summi
1394 436 1523 465 civitatis
1534 439 1591 466 viri
1604 457 1612 471 ,
1624 448 1754 479 quorum
1764 450 1819 481 ego
1829 439 1956 471 consilio
1966 450 2062 480 remp.
2074 449 2149 470 con—

187 484 222 505 κε
238 472 365 514 quadam
385 472 539 503 sententiae
556 472 718 512 repudiavi.
741 473 831 513 quam
843 473 1004 512 sapienter,
1025 480 1089 500 non
1099 470 1145 499 dl·
1188 472 1304 501 servavi
1315 492 1323 506 ‚
1344 474 1377 502 ἅτ
1395 485 1524 513 quorum
1539 477 1807 511 au&0ritateillam
1818 482 2073 520 confunCtionem
2084 475 2149 513 cae‘-

186 516 291 555 sputo:
313 514 417 544 multis
424 524 509 544 enim
520 524 583 544 non
595 515 729 554 probabo
742 524 748 543 :
766 513 937 544 constanter
946 512 1069 553 quidem
1082 531 1091 545 ‚
1111 512 1144 541 &
1187 513 1255 543 saris
1267 513 1366 555 defugi
1378 535 1386 547 ,
1398 517 1493 555 Julias
1503 519 1582 558 leges
1592 540 1599 553 ,
1613 521 1646 550 δε
1658 531 1768 552 ceteras
1777 543 1785 556 ‚
1802 525 1858 554 5110
1866 520 1989 555 eonsule
1998 544 2006 557 ,
2021 533 2148 565 rogatas,

184 555 302 587 fortiter
324 555 413 586 certe.
444 559 497 597 qui
524 554 596 586 cum
623 566 673 586 me
700 554 876 585 firmissimis
902 556 1010 594 opibus
1039 563 1143 583 contra

183 597 279 628 scelus
291 599 489 628 inimicorum
502 600 639 632 munire,
662 598 695 628 δε
709 598 878 638 populareis
895 598 1026 635 impetus
1043 605 1140 635 popu—

184 639 238 669 lari
253 637 391 679 praefidio
408 641 577 680 propulsare
592 638 708 680 poss'em
718 660 726 673 ‚
748 639 887 680 quamvis
896 638 1033 676 excipere
1042 635 1142 666 fortu-

182 690 255 711 nam
266 700 275 714 ‚
295 679 393 711 subire
402 691 467 711 vim
479 701 488 715 ‚
507 691 594 723 atque
607 683 750 718 injuriam
765 681 879 713 malui,
899 680 989 720 quam
1001 687 1051 707 aut
1062 679 1077 707 a
1088 688 1140 707 ve·

184 720 252 753 stris
268 721 457 753 sanffiffimis
471 724 625 754 mentibus
639 721 773 753 diffidere
786 741 795 754 ‚
815 729 865 750 aut
874 719 993 763 demeo
1004 718 1078 749 statu
1088 718 1141 748 de-

183 764 305 794 clinare.
328 764 385 794 Sed
405 774 426 794 N
435 774 454 794 o
465 775 485 794 N
507 775 518 794 i
530 776 543 794 s
561 765 659 794 solum
669 772 766 805 gratus
775 761 863 791 debet
871 759 929 790 esse
940 780 948 793 ‚
963 762 1014 801 qui
1025 762 1137 804 accepit

183 803 366 836 beneficium
379 826 387 840 ,
407 805 513 836 verum
526 808 616 836 etiam
630 808 655 834 is
665 824 674 838 ,
693 806 741 833 cui
753 801 880 842 potestas
890 801 1056 841 accipiendi
1065 804 1134 831 tuit.

185 849 250 887 Ego
265 847 316 877 illa
331 857 522 880 ornamenta,
539 847 648 887 quibus
664 845 716 874 ille
731 853 781 873 me
797 843 920 873 ornabat
930 863 938 877 ,
958 843 1061 873 decere
1076 853 1138 876 me.

183 888 219 918 <Sc
229 892 393 919 convenire
409 891 446 918 ii's
459 888 545 918 rebus
555 908 565 920 ‚
583 896 657 927 quas
668 884 810 928 gefl'eram
821 905 830 918 ‚
849 895 913 915 non
923 885 1073 924 putabam.
1097 886 1138 915 11-

182 930 250 964 lum
267 930 388 971 quidem
407 932 506 960 amico
525 930 631 958 animo
649 938 698 957 me
715 927 822 957 habere
841 927 951 957 eodem
965 927 1033 956 ioco
1047 947 1056 960 ,
1074 936 1137 967 quo

180 974 349 1013 principem
362 973 460 1000 civem
471 990 479 1004 ,
502 971 588 1000 suurn
604 979 749 1011 generum
760 989 769 1003 ‚
789 969 964 999 sentiebam.
987 968 1137 999 'ri-aduxit

179 1013 216 1043 ad
234 1013 352 1053 plebem
370 1014 533 1042 inimicum
554 1022 676 1041 meum:
697 1010 754 1041 five
772 1013 862 1040 iratus
875 1011 970 1043 mihi,
991 1010 1075 1050 quod
1085 1020 1135 1040 mc

180 1055 282 1086 secum
299 1064 337 1083 ne
354 1053 508 1083 beneficiis
523 1054 648 1095 quidem
666 1052 786 1083 videbat
799 1051 880 1092 poffe
893 1047 1056 1092 conjungi:
1077 1051 1136 1082 five

180 1105 327 1126 exoratus.
351 1098 401 1125 Ne
410 1096 470 1125 hoc
478 1096 601 1136 quidem
612 1095 670 1125 fuit
679 1096 800 1128 iniuria.
825 1104 895 1124 nam
906 1093 1005 1133 postea
1014 1104 1063 1123 me
1075 1114 1083 1127 ,
1103 1103 1135 1123 ut

179 1135 236 1167 sibi
246 1135 337 1166 effem
349 1138 460 1175 legatus
469 1156 478 1170 ,
491 1147 555 1167 non
566 1135 665 1167 solum
676 1135 759 1166 suasit
769 1156 778 1169 ,
790 1135 896 1166 verum
908 1138 998 1165 etiarn
1008 1137 1132 1177 rogavit.

179 1180 230 1209 Ne
248 1178 277 1208 id
294 1179 419 1219 quidem
436 1181 534 1218 accepi
547 1189 552 1207 :
573 1189 637 1208 non
647 1188 708 1219 quo
716 1178 849 1208 alienum
861 1187 928 1208 mea
937 1177 1080 1218 dignitate
1090 1187 1135 1207 ai·—

179 1219 304 1251 bitrarer
322 1240 331 1254 ,
354 1220 402 1250 sed
420 1220 503 1262 quod
523 1230 638 1250 tantum
654 1219 769 1259 reipub.
791 1220 906 1250 sceleris
924 1218 1099 1258 impendere
1119 1218 1135 1249 a

115 1257 163 1294 '18
180 1262 354 1292 consulibus
371 1264 522 1302 proximis
542 1272 607 1292 non
623 1262 796 1301 suspicabar.
839 1264 918 1302 Ergo
930 1261 1028 1290 adhuc
1038 1263 1133 1302 magis

115 1300 118 1305 ’
179 1303 223 1334 est
233 1305 486 1334 mihiverendum
504 1323 512 1338 ‚
537 1314 575 1334 ne
584 1314 652 1334 mea
662 1304 839 1342 superbiam
854 1302 1132 1335 illiusiiberal'itate,

177 1351 270 1387 quam
289 1356 327 1375 ne
347 1345 430 1375 illius
449 1348 557 1381 iniuria
573 1348 607 1376 in
627 1344 726 1375 nostra
742 1346 873 1374 amicitia
890 1344 1131 1383 reprehendatur.

177 1389 256 1418 Ecce
273 1387 326 1416 illa
344 1386 519 1426 tempestas,
539 1388 638 1427 caligo
656 1387 809 1416 bonorum
826 1406 835 1419 ‚
860 1386 893 1416 &
911 1386 1022 1419 subita,
1045 1395 1132 1427 atque

177 1427 503 1468 improvrsafoi·mido‚
523 1429 651 1458 tenebrae
661 1428 849 1468 reipublicae,
867 1430 971 1462 ruina,
990 1437 1077 1468 atque
1087 1429 1132 1456 in-

176 1471 306 1500 cendium
314 1470 454 1498 avitam.
478 1479 570 1500 terror
579 1469 708 1507 injeeius
720 1470 822 1499 Caesari
833 1469 869 1499 de
880 1472 904 1510 ej
910 1480 944 1499 us
953 1469 1025 1500 116115
1037 1490 1045 1503 ,
1064 1479 1126 1500 me·

175 1519 224 1541 tus
233 1511 320 1541 caedis
330 1511 420 1541 bonis
429 1511 575 1541 omnibus
587 1511 764 1541 :consulum
774 1511 867 1542 scelus
875 1531 883 1545 ‚
894 1512 1051 1552 cupiditas,
1061 1522 1129 1552 ege-

175 1551 252 1586 stas,
271 1552 399 1583 audacia.
425 1556 434 1572 ¹
445 1556 476 1584 Si
491 1563 553 1583 non
568 1554 634 1583 sum
648 1553 784 1591 adjutus;
803 1563 867 1584 non
877 1553 979 1584 debui.
1002 1552 1022 1583 si
1033 1553 1128 1583 deser-

173 1602 240 1624 tus:
253 1592 307 1624 fibi
317 1592 433 1624 fortasse
442 1595 583 1635 providit.
607 1593 628 1624 fi
639 1597 728 1625 etiam
738 1604 928 1636 oppugnatus
938 1615 947 1629 ‚
958 1604 992 1625 ut
1001 1595 1125 1636 quidam

172 1645 223 1667 aut
234 1644 358 1676 putant,
375 1646 425 1667 aut
441 1637 568 1667 volunt:
585 1637 697 1667 violata
709 1639 841 1667 amicitia
853 1636 913 1667 est:
933 1639 1032 1676 accepi
1043 1638 1127 1675 inju-

170 1679 247 1708 riam
258 1698 267 1712 ‚
279 1678 424 1708 inimicus
434 1677 491 1709 effi²
501 1679 603 1712 debui,
615 1689 680 1709 non
689 1689 778 1720 nego.
802 1678 863 1712 sed,
874 1677 895 1708 si
904 1679 986 1709 idem
995 1679 1048 1709 ille
1059 1689 1125 1709 tum

171 1720 348 1750 mesalvum
361 1719 419 1750 effe
429 1722 528 1751 voluit
536 1741 545 1754 ‚
556 1719 628 1751 curn
640 1728 693 1750 vos
703 1731 754 1751 me
764 1741 773 1753 ‚
788 1730 820 1750 ut
830 1719 1013 1751 carissimum
1026 1720 1125 1751 filium

168 1759 390 1792 desiderabatis:
411 1762 444 1793 Sc
463 1761 483 1792 fi
502 1772 556 1792 vos
573 1763 667 1793 iidem
685 1765 832 1803 pertinere
851 1763 888 1793 ad
905 1763 1022 1793 caulam
1040 1763 1125 1793 illam

168 1802 316 1842 putabatis
326 1822 335 1836 ‚
353 1804 539 1835 voluntatem
550 1807 583 1835 C.
593 1806 711 1835 Caesaris
723 1803 740 1835 a
752 1805 844 1835 salute
857 1814 924 1834 mea
937 1815 1003 1834 non
1016 1805 1124 1835 abhor-

167 1854 248 1874 rere:
268 1844 321 1877 &‚
340 1843 360 1874 si
377 1845 460 1876 illius
476 1847 640 1876 voluntatis
657 1853 811 1887 generum·
819 1847 881 1885 ejus
897 1846 991 1875 habeo
1006 1845 1122 1880 testem,

167 1887 221 1926 qui
237 1885 316 1915 idem
326 1886 442 1917 Italiam
453 1907 463 1921 ‚
482 1891 516 1917 in
527 1889 704 1928 municipiis
714 1907 723 1921 ‚
741 1888 889 1927 populum
899 1890 1078 1918 Romanurn
1090 1890 1123 1918 in

167 1929 327 1960 concione,
340 1937 394 1957 vos
405 1948 413 1961 ‚
428 1931 490 1958 mei
499 1929 613 1969 semper
621 1928 849 1969 cupidissimos,
861 1931 894 1958 in
905 1930 1073 1969 Capitolio,
1085 1930 1121 1960 ad

166 1978 269 1999 meam
291 1969 415 1999 salutem
434 1972 588 2000 incitavit:
605 1969 628 1999 si
646 1971 778 2011 denique
795 1971 1022 2010 Cn.Pompejus
1039 1971 1122 2001 idem

167 2011 248 2048 mihi
259 2009 340 2040 testis
349 2011 386 2040 de
396 2011 678 2042 voluntateCaesaris
688 2031 697 2044 ,
712 2014 746 2041 &
756 2012 881 2051 sponsor
890 2011 932 2042 est
942 2013 988 2041 1111
999 2012 1035 2042 de
1045 2022 1122 2042 mea:

164 2061 271 2082 nonne
287 2052 373 2082 vobis
390 2053 497 2084 videor
510 2053 546 2083 ὃς
566 2054 667 2084 ultimi
685 2056 828 2093 temporis
845 2053 1050 2094 recordatione
1061 2074 1069 2088 ‚
1091 2055 1123 2084 &

164 2095 301 2133 proximi
311 2097 459 2129 memoria
470 2115 478 2129 ‚
500 2095 636 2125 medium
647 2095 724 2125 illud
734 2093 931 2125 mstiffimum
943 2104 1061 2136 tempus
1069 2096 1122 2126 de—

164 2134 234 2165 bere
246 2155 255 2168 .
275 2134 296 2165 fi
313 2145 352 2166 ex
369 2145 460 2165 rerum
477 2145 581 2166 natura
595 2147 658 2167 non
672 2135 785 2176 pofl'em
800 2137 927 2167 evellere
937 2157 946 2170 ‚
966 2147 1003 2167 ex
1014 2139 1120 2167 animo

116 2213 121 2217 ι
163 2176 288 2217 quidem
299 2177 376 2207 certe
388 2179 546 2208 excidere?
567 2182 631 2219 Ego
648 2177 740 2212 vero,
761 2177 782 2207 fi
800 2180 877 2208 mihi
895 2189 960 2208 non
979 2180 1050 2209 licet
1066 2189 1119 2219 pei·

162 2219 281 2259 aliquos
298 2220 338 2248 ita
351 2220 472 2260 gloriari
483 2240 492 2253 ‚
515 2229 564 2250 me
574 2221 713 2250 dolorem
726 2240 734 2254 ‚
753 2229 839 2261 atque
849 2222 1027 2251 inimicitias
1037 2231 1117 2251 meas

160 2259 491 2306 reipubl-concess'ifl'e,
511 2262 595 2302 quod
613 2265 716 2303 magni
733 2262 888 2303 cujusdam
907 2263 1062 2296 hominis,
1086 2264 1119 2293 &

160 2301 351 2341 persapientis
360 2302 496 2332 videtur:
516 2304 666 2336 utarhoc‚
686 2304 766 2344 quod
781 2313 845 2332 non
864 2312 925 2334 tam
944 2305 979 2334 ad
999 2304 1118 2335 laudem

159 2343 378 2383 adipiscendam
391 2364 400 2377 ‚
421 2344 511 2384 quam
530 2345 566 2375 ad
586 2345 738 2374 vitandam
758 2346 1009 2384 vituperationem
1028 2347 1116 2380 valet,

158 2385 320 2415 hominem
336 2395 384 2415 me
398 2385 456 2416 elle
467 2395 582 2427 gratum
595 2407 604 2420 ‚
626 2387 658 2417 &
668 2397 732 2417 non
742 2386 839 2416 modo
849 2390 937 2417 tantis
950 2386 1115 2421 beneficiis,

158 2426 208 2456 sed
228 2429 317 2456 etiam
336 2427 483 2457 mediocri
502 2429 667 2458 hominum
688 2429 894 2458 benivolentia
912 2431 1114 2463 commoveri.

103 2475 144 2509 19
160 2470 186 2498 A
197 2469 268 2498 viris
277 2466 444 2500 fortissimis
456 2488 466 2504 ,
487 2469 521 2501 &
539 2470 577 2501 de
593 2480 644 2501 me
662 2470 780 2511 optime
799 2472 916 2501 meritis
933 2471 1113 2512 quibusdam

1182 555 1248 592 jure
1264 555 1334 585 latas
1352 566 1468 596 negant.
1497 560 1588 590 iidem
1601 562 1684 592 iliam
1695 566 1944 605 proscriptionem
1955 568 2058 596 canitis
2070 568 2145 599 mei,

1184 605 1287 642 contra
1309 597 1431 627 salutem
1456 601 1580 639 reipubl.
1602 604 1650 632 sed
1675 605 1760 635 salvis
1780 608 1916 646 auspiciis
1935 598 2066 650 rogatam
2085 606 2143 637 effe

1183 636 1330 668 dicebant.
1356 641 1457 680 ltaque
1464 643 1511 670 vir
1521 643 1640 673 summa
1649 645 1824 678 auCtoritate
1835 669 1843 682 ‚
1868 649 1985 680 fiimrna
1995 650 2142 690 eloquen-

1183 680 1222 709 tia
1233 699 1241 713 ‚
1253 679 1495 723 *dixitgraviten
1517 685 1616 714 casum
1629 687 1717 716 illum
1729 698 1832 718 meum
1845 710 1852 723 ‚
1867 690 1957 728 funus
1967 691 2014 728 effe
2024 689 2145 731 reipubl..

1182 720 1231 749 sed
1246 723 1337 751 lunus
1348 721 1463 762 justum
1475 743 1483 755 ,
1505 724 1538 753 δε
1549 726 1712 756 1111118111111.
1737 732 1812 759 mihi
1824 731 1876 765 ipfi
1886 736 2017 763 omnino
2030 734 2143 772 perho-

1183 761 1366 797 norificum,
1388 763 1547 796 discessum
1567 776 1672 797 meum
1690 768 1781 799 funus
1797 767 1857 801 dici
1876 775 2001 813 reipubl.
2014 775 2141 815 Reliqua

1182 813 1244 833 non
1259 805 1463 844 reprehendo:
1485 807 1533 836 sed
1554 810 1631 838 mihi
1649 810 1682 839 ad
1705 811 1734 840 id
1747 831 1754 844 ‚
1776 814 1856 852 quod
1876 815 1990 849 sentio,
2011 815 2136 846 assumo.

1180 855 1250 875 nam
1263 866 1271 879 ‚
1292 845 1312 875 fi
1332 847 1409 877 illud
1425 848 1491 887 jure
1509 859 1644 891 rogatum
1663 851 1761 881 dice-:e
1778 853 1835 883 ausi
1849 855 1935 889 sunt,
1958 858 2038 896 quod
2052 858 2138 889 nulio

1179 889 1322 927 exemplo
1334 887 1400 918 fieri
1411 892 1510 928 potuit
1520 911 1528 924 ‚
1549 892 1631 922 nulla
1641 893 1704 934 lege
1715 895 1798 925 licuit
1810 916 1818 928 .
1837 900 1905 936 quia
1918 909 2010 928 nemo
2020 898 2055 928 de
2065 899 2139 929 caelo

1180 928 1320 960 servarat:
1333 930 1462 960 oblitine
1471 942 1553 962 erant
1564 953 1572 966 ‚
1583 943 1648 964 tum
1658 955 1666 969 ‚
1677 934 1748 965 cum
1760 937 1812 967 ille
1822 958 1831 970 ‚
1842 939 1935 979 quiid
1948 949 2058 976 egerat,
2071 941 2137 979 ple-

1181 969 1264 1007 beius
1284 971 1327 1001 est
1343 972 1407 1013 lege
1425 976 1531 1004 curiata
1550 975 1645 1006 facins
1656 985 1675 1011 ,’
1685 977 1745 1007 dici
1759 978 1795 1008 de
1808 981 1881 1010 caelo
1895 979 1951 1010 esse
1965 973 2110 1012 'servatum
2123 985 2136 1011 ?

1178 1014 1230 1051 qui
1241 1011 1262 1041 fi
1272 1013 1407 1055 plcbejue
1418 1025 1548 1045 omnino
1560 1015 1617 1046 effe
1627 1028 1689 1048 non
1700 1022 1801 1059 potuit
1810 1042 1819 1054 ‚
1839 1024 1891 1062 qui
1905 1022 2043 1052 tribunus
2053 1024 2132 1062 pleb.

1175 1056 1274 1092 potuit
1291 1054 1370 1085 effe?
1390 1057 1440 1089 δε,
1461 1058 1548 1093 cuius
1565 1060 1731 1090 tribunatus
1752 1061 1771 1091 si
1790 1072 1865 1094 ratus
1883 1063 1945 1098 est,
1965 1066 2067 1094 ²niiiil
2079 1065 2133 1098 est,

1175 1096 1257 1135 quod
1276 1098 1392 1127 irritum
1410 1108 1448 1128 ex
1465 1098 1537 1129 affers
1549 1102 1667 1131 Caessiris
1679 1101 1767 1141 possit
1781 1103 1856 1134 este:
1875 1106 1938 1146 ejus
1953 1116 2019 1136 non
2032 1106 2133 1137 solum

1179 1138 1345 1168 tribunatus
1354 1159 1362 1172 ‚
1376 1139 1424 1170 sed
1435 1143 1524 1170 etiam
1535 1143 1789 1181 perniciosiffimae
1800 1157 1845 1176 res
1855 1167 1864 1181 ,
1876 1148 2076 1187 auspiciorum
2088 1159 2135 1179 re—

1176 1179 1292 1221 ligione
1301 1181 1471 1213 conservata
1481 1202 1490 1216 ,
1502 1184 1569 1223 jure
1580 1185 1644 1215 lam-2
1653 1186 1835 1217 videbuntur
1846 1192 1857 1208 ³
1878 1192 1976 1231 Qare
1986 1199 2035 1220 aut
2045 1191 2133 1221 vobis

1178 1220 1367 1253 statuendum
1378 1222 1438 1257 est,
1452 1225 1548 1266 legem
1559 1227 1671 1257 AEliam
1685 1238 1802 1259 manere
1812 1250 1821 1264 ‚
1833 1231 1930 1271 legem
1942 1230 2056 1262 Fufiam
2069 1242 2133 1265 non

1176 1261 1234 1292 effe
1244 1264 1426 1305 abrogatam,
1436 1276 1501 1296 non
1510 1268 1656 1299 omnibus
1663 1268 1745 1300 fastis
1756 1272 1853 1313 legem
1863 1272 1934 1303 ferri
1944 1273 2031 1304 licere
2042 1273 2133 1306 :cum

1174 1305 1222 1335 lex
1231 1304 1360 1340 feratur,
1380 1307 1416 1337 de
1429 1309 1502 1338 caelo
1516 1309 1643 1344 servari,
1664 1312 1837 1350 obnuntiari
1848 1334 1857 1348 ,
1877 1316 2022 1346 intercedi
2032 1316 2131 1347 licere:

1172 1347 1502 1394 censoriumjudicium
1513 1370 1522 1384 ,
1535 1362 1567 1382 ac
1580 1355 1789 1389 notionem‚&
1801 1359 1813 1383 3
1824 1356 1899 1386 illud
1911 1367 2033 1387 morum
2044 1358 2126 1388 seve-

1172 1387 1320 1420 riffimum
1331 1391 1536 1432 magisterium
1546 1413 1555 1427 ‚
1566 1404 1629 1424 non
1639 1394 1698 1426 effe
1708 1396 1828 1427 nefariis
1838 1398 1953 1438 legibus
1963 1398 2000 1429 de
2009 1400 2130 1430 civitate

1171 1430 1319 1461 sublatum
1333 1443 1338 1461 :
1358 1432 1528 1474 sipatricius
1539 1456 1547 1468 ‚
1567 1437 1704 1467 tribunus
1718 1439 1797 1479 pleb.
1808 1438 1898 1470 fuerit
1909 1460 1917 1473 ‚
1935 1450 2038 1471 contra
2046 1441 2127 1483 leges

1173 1472 1309 1503 sacratas:
1331 1472 1349 1504 fi
1360 1475 1494 1514 plebeius
1503 1497 1512 1509 ‚
1525 1487 1628 1509 contra
1635 1480 1764 1520 auspicia
1776 1480 1864 1511 fuisse
1877 1492 1883 1510 z
1906 1490 1957 1512 aut
1965 1483 2129 1512 mihicon-

1169 1514 1274 1560 cedant
1285 1516 1426 1546 homines
1435 1527 1571 1557 oportet,
1592 1530 1642 1550 aut
1658 1523 1691 1551 in
1709 1521 1786 1550 rebus
1805 1522 1876 1552 bonis
1891 1533 1956 1553 non
1972 1526 2131 1565 exquirere

1166 1566 1233 1595 Jura
1243 1567 1275 1587 ea
1284 1577 1292 1591 ‚
1303 1568 1368 1598 quae
1381 1557 1434 1598 ipfi
1444 1561 1476 1589 in
1486 1560 1607 1599 perditis
1618 1572 1682 1592 non
1692 1566 1857 1604 exquirunt
1866 1584 1874 1598 ‚
1886 1565 2047 1605 praesertim
2057 1576 2128 1596 cum

1169 1597 1205 1627 ab
1223 1599 1285 1628 illis
1300 1601 1458 1641 aliquoties
1475 1604 1612 1632 conditio
1631 1606 1782 1636 C-Caesari
1801 1607 1857 1636 lata
1875 1605 1910 1636 sit
1928 1627 1936 1641 ‚
1958 1616 1992 1638 ut
2009 1608 2129 1640 easdem

1168 1649 1213 1669 res
1228 1640 1287 1671 alio
1298 1642 1393 1672 modo
1403 1641 1491 1677 ferret
1503 1654 1508 1673 :
1528 1654 1586 1685 qua
1596 1645 1774 1679 conditione
1790 1648 1919 1688 auspicia
1926 1649 2129 1690 requirebant,

1166 1681 1245 1723 leges
1256 1683 1510 1725 comprobabant:
1529 1687 1564 1716 in
1584 1687 1694 1718 Clodio
1715 1690 1917 1729 auspiciorum
1936 1693 2011 1721 ratio
2028 1690 2064 1723 fit
2081 1702 2131 1722 ea—

1165 1723 1253 1757 dem,
1273 1726 1351 1767 }eges
1361 1736 1469 1757 ornnes
1479 1726 1536 1758 fint
1548 1730 1673 1762 eversae,
1695 1740 1728 1762 ac
1749 1732 1871 1771 perditae
1893 1734 2033 1764 civitatis.
2063 1737 2127 1765 Ex-

1166 1775 1297 1797 tremum
1317 1768 1392 1798 iliud
1413 1768 1466 1799 est.
1497 1780 1570 1812 ego,
1592 1769 1612 1800 si
1622 1770 1718 1803 effent
1728 1774 1898 1804 inimicitiae
1911 1776 1991 1805 milii
2006 1786 2077 1806 cum
2089 1779 2126 1807 C.

1165 1809 1293 1854 Caesare,
1312 1819 1414 1840 tamen
1434 1811 1492 1842 hoc
1510 1821 1647 1853 tempore
1665 1817 1739 1855 reip.
1760 1816 1929 1850 consulere,
1948 1818 2127 1849 inimicitias

1165 1859 1195 1878 m
1208 1849 1294 1880 aliud
1316 1858 1421 1892 tempus
1447 1854 1592 1885 reservare
1610 1855 1760 1886 deberem.
1792 1856 1907 1897 possem
1927 1860 2019 1889 etiam
2040 1860 2123 1890 sum*

1164 1900 1289 1922 morum
1309 1894 1447 1924 virorum
1466 1896 1609 1936 exemplo
1627 1899 1802 1928 inimicitias
1824 1899 1951 1939 reipubl.
1968 1901 2053 1932 causa
2070 1901 2123 1932 de-

1162 1942 1274 1972 ponere
1289 1944 1295 1962 :
1313 1935 1362 1964 sed
1374 1955 1383 1968 ,
1396 1935 1468 1965 cum
1487 1939 1657 1968 inimicitiae
1679 1938 1792 1970 fuerint
1809 1950 1996 1982 numquam:
2014 1945 2123 1983 opinio

1163 1975 1281 2013 injuriae
1290 1995 1299 2009 ‚
1320 1975 1470 2006 beneficio
1490 1976 1523 2008 sit
1532 1978 1680 2010 exstinfika
1689 1981 1835 2012 sententia
1845 1992 1929 2016 mea,
1954 1986 1984 2014 P.
1996 1987 2029 2014 C.
2044 1985 2065 2014 si
2074 1985 2124 2014 di-

1161 2018 1257 2057 gnitas
1273 2018 1367 2057 agitur
1386 2020 1419 2047 C.
1431 2019 1568 2054 Caesaris,
1589 2021 1711 2052 homini
1729 2023 1858 2053 tribuam
1873 2035 1879 2053 2
1901 2023 1922 2054 si
1934 2026 2032 2056 honos
2051 2028 2122 2067 qui-

1162 2058 1230 2087 dam
1244 2077 1252 2091 ,
1274 2059 1391 2092 senatus
1409 2061 1578 2092 concordiae
1599 2064 1754 2094 consulam
1775 2076 1781 2094 :
1805 2064 1826 2095 fi
1844 2066 2002 2098 anhloritas
2018 2068 2122 2100 decre-

1162 2108 1262 2129 torum
1276 2099 1443 2131 vestrorum
1456 2122 1465 2135 ‚
1486 2102 1686 2135 constantiam
1707 2107 1825 2137 ordinis
1843 2109 1875 2137 in
1885 2108 1994 2139 eodem
2007 2120 2124 2143 ornan-

1162 2140 1202 2170 do
1212 2142 1391 2181 imperatore
1402 2142 1537 2174 servabo:
1558 2143 1578 2174 si
1592 2155 1730 2187 perpetua
1747 2151 1821 2179 ratio
1832 2150 1943 2180 Gallici
1953 2151 2026 2181 belli
2039 2172 2049 2186 ‚
2062 2155 2122 2184 rei-

1160 2182 1243 2222 publ.
1262 2184 1429 2223 prqvidebo
1453 2195 1459 2214 :
1481 2184 1502 2215 fi
1521 2186 1643 2227 aliquod
1666 2199 1770 2219 meum
1798 2192 1946 2230 privatum
1967 2191 2120 2241 officium„

1161 2234 1211 2253 me
1222 2234 1285 2255 non
1296 2227 1446 2266 ingratum
1464 2225 1522 2257 effe
1535 2228 1690 2267 praestabo.
1713 2235 1812 2273 Atque
1823 2233 1880 2263 hoc
1889 2234 1983 2264 velim
1994 2237 2120 2275 probare

1160 2267 1305 2296 omnibus
1317 2287 1326 2301 ,
1348 2277 1441 2307 patres
1455 2270 1615 2310 conscripti
1629 2282 1634 2301 2
1655 2272 1703 2302 sed
1714 2271 1861 2304 leviffime
1872 2274 1965 2305 feram
1978 2297 1986 2309 ,
2008 2276 2028 2306 fi
2040 2277 2119 2310 forte

1160 2310 1255 2337 autiis
1266 2308 1372 2339 minsis
1382 2310 1508 2350 probaro
1522 2331 1530 2344 ‚
1551 2315 1603 2352 qui
1615 2323 1720 2344 meum
1733 2316 1897 2346 inimicum
1907 2336 1915 2350 ,
1937 2328 2118 2360 repugnante

1160 2348 1254 2379 vestra
1272 2349 1465 2386 minoritate,
1486 2362 1644 2385 texerunt:
1667 2365 1717 2386 aut
1735 2358 1773 2386 iis
1785 2376 1793 2390 ‚
1813 2356 1834 2386 sl
1852 2360 1905 2398 qui
1924 2368 2028 2391 meum
2045 2371 2116 2393 cum

1160 2392 1289 2420 inimico
1308 2392 1362 2422 suo
1380 2393 1512 2424 reditum
1529 2397 1561 2425 in
1571 2398 1692 2436 gratiam
1704 2400 1937 2438 vituperabunt,
1957 2400 2028 2431 cum
2041 2403 2090 2442 ipfi
2102 2422 2112 2437 ,

1159 2432 1192 2463 δε
1203 2442 1274 2463 cum
1286 2443 1357 2464 meo
1368 2455 1378 2470 ‚
1397 2436 1430 2467 &
1439 2446 1510 2468 cum
1520 2437 1574 2468 suo
1583 2440 1714 2471 inimico
1730 2442 1763 2470 in
1779 2443 1904 2482 gratiam
1923 2451 1986 2473 non
1997 2443 2115 2477 dubita-

1158 2477 1220 2505 rint
1231 2475 1336 2507 redire.

1848 2541 1915 2586 Μ.
1954 2541 2004 2589 Τ
2017 2561 2050 2590 U
2062 2564 2114 2594 L·

1187 2648 1214 2675 3.
1234 2644 1267 2666 Et
1285 2641 1345 2667 illud
1362 2650 1448 2667 morum
1460 2641 1626 2674 sewi-iffimum
1637 2645 1819 2679 magisterium]
1841 2645 1937 2674 Restat
1955 2647 2063 2675 &istud
2083 2632 2111 2675 Ji

194 2639 205 2658 1
213 2651 219 2656 .
236 2634 262 2656 Si
271 2632 350 2665 nonfia
382 2633 490 2667 adjutus,
499 2642 543 2660 nm
554 2633 648 2667 debui]
659 2633 774 2670 Vulgata
783 2635 872 2662 debuit.
881 2634 925 2662 sed
936 2644 1030 2663 contra
1038 2637 1097 2664 Pan
1105 2657 1112 2664 .
1132 2655 1134 2660 ,

159 2666 304 2703 Ahalaequc
315 2668 333 2694 11
355 2678 426 2701 rum,
437 2670 501 2698 item
513 2671 540 2696 S.
553 2670 681 2696 Victoris.

1152 2676 1209 2703 Pal.
1221 2687 1292 2704 nono
1302 2678 1329 2702 ὅτ
1341 2677 1456 2712 Turing.
1476 2677 1539 2702 item
1551 2685 1579 2703 ο.
1591 2677 1692 2704 Victor.
1713 2680 1890 2717 expreffitquc
1910 2683 2004 2711 Petrus
2015 2684 2110 2713 ΥᾸᾶο·

194 2711 222 2728 2.
242 2706 352 2729 Nihilefl
359 2706 419 2738 quod
425 2708 521 2731 irritum
530 2715 560 2731 ex
568 2706 675 2739 ειμι-11,
685 2706 753 2741 dra]
773 2706 918 2736 Lambinus
928 2707 1020 2738 addita
1030 2718 1111 2746 nega·
1153 2713 1218 2740 rius.
1239 2713 1366 2749 Vulgata,
1376 2713 1405 2744 ὼ·
1412 2715 1477 2738 illum
1486 2714 1737 2749 mortmsevertffimum
1745 2719 1934 2751 magistratuum.

159 2737 242 2771 tione,
252 2740 312 2774 quod
319 2749 364 2767 non
372 2744 480 2776 irritum,
490 2743 541 2776 &1:-
556 2740 601 2769 sed
611 2742 704 2771 invitis
715 2743 800 2771 libris.

1493 3056 1578 3094 Xxix
