2295 3400
165 104 261 170 306
573 99 641 146 M.
725 96 1080 144 Tunnii

164 183 429 224 mortalibiis.Qae
438 179 604 221 deprecatio
614 177 656 208 est
666 179 756 218 igitur
763 177 791 206 ei
801 175 981 215 reliqua,qui
992 172 1123 214 indigni-

167 227 322 267 tatefhrvos
334 247 342 259 ,
352 221 668 261 temeritatefugitivos
681 240 688 253 ,
712 219 818 249 scelere
829 216 957 246 barbaros
968 236 976 250 ‚
997 216 1124 246 crudeli-

167 278 225 300 tate
243 267 330 304 hostem
340 268 465 297 vicerit?
487 261 621 293 Audistis
629 261 829 292 Theodorum
843 280 851 292 ,
874 259 1105 289 &Nummium
1118 276 1126 289 ‚

170 308 405 341 &Nicasionem
416 327 424 341 ,
443 307 554 348 legatos
567 303 732 335 Ennenseis
742 323 750 336 ,
766 300 888 342 publice
905 300 1018 333 dicere,
1038 299 1096 329 sese
1111 298 1128 328 a

172 353 231 383 suis
242 351 358 382 civibus
370 351 431 379 haec
441 349 547 378 habere
558 345 695 376 mandata
704 365 712 379 ,
727 353 759 374 ut
767 343 803 374 ad
814 346 938 372 Verrem
948 341 1078 374 adirent,
1096 340 1127 370 δε

170 404 242 424 eum
252 392 441 423 simulacrum
451 391 574 422 Cereris,
587 388 619 418 δε
629 385 772 416 ViSmriae
782 385 976 424 reposcerent.
996 383 1027 413 id
1038 381 1058 412 si
1068 384 1128 412 im-

170 435 339 476 petrarum,
351 442 416 463 tum
425 441 458 462 ut
467 441 570 460 moram
579 437 700 458 veterem
708 425 894 458 Ennensium
903 425 1111 456 conservarent
1120 435 1128 458 3

171 476 292 517 publice
303 478 335 506 in
345 484 415 505 eum
426 471 552 512 (tametsi
562 469 691 503 vexasset
701 469 847 509 Siciliam)
862 477 974 502 tamen,
983 469 1128 510 quoniam

172 521 234 548 'nasc
252 518 267 548 a
286 516 451 557 majoribus
469 514 631 545 constituta
647 509 823 552 accepifl‘ent
833 531 841 543 ‚
862 509 1073 541 testimonium
1093 517 1131 537 ne

171 560 255 600 quod
265 559 407 589 dicerent.
424 556 466 587 sin
476 566 576 587 autem
586 565 619 586 ea
629 564 693 585 non
705 551 886 586 reddidisset,
897 561 964 582 tum
975 560 1008 581 ut
1014 550 1130 590 judicio

170 600 315 635 adessent,
327 610 391 630 tum
403 608 445 629 uti
456 599 491 629 de
501 599 564 638 ejus
574 598 691 637 injuriis
698 597 708 635 j
713 595 814 626 udices
824 594 976 627 docerent,
987 592 1037 623 sed
1049 592 1131 622 mul—

174 652 205 673 to
217 642 353 673 maxime
365 641 401 671 de
412 641 558 681 religione
574 647 776 680 quererentur.
799 646 871 677 quas
889 636 1014 665 illorum
1031 635 1131 674 queri-

173 687 293 716 monias
303 684 409 716 nolite,
420 692 471 723 per
479 683 552 713 deos
561 680 772 712 immortalem
783 679 941 719 aspernari,
953 677 1045 707 nolite
1056 685 1131 705 con-

173 735 319 760 temnere,
331 736 363 756 ac
373 725 534 766 negligere,
545 723 554 762 j
560 722 670 754 udices.
691 725 826 762 Aguntur
835 720 952 759 injuriae
962 719 1113 749 sociorum
1128 726 1132 745 :

174 771 270 810 agitur
284 770 329 798 vis
347 768 465 808 legum:
483 767 579 808 agitur
596 763 780 795 existimatio
791 783 800 796 ,
819 762 983 801 veritasque
1000 759 1133 799 judicio-

173 820 255 840 rum·
278 819 344 850 qua:
355 809 423 839 sunt
434 811 539 838 omnia
547 816 725 848 permagna:
741 814 847 835 verum
858 802 933 833 illud
943 803 1114 832 maximum
1127 810 1132 828 2

175 861 255 883 tanta
265 852 412 892 reiigione
422 848 561 880 obstriEta
573 857 632 879 tota
639 848 795 888 provincia
805 844 847 875 est
858 856 863 874 :
878 853 957 875 tanta
966 841 1133 883 superstitio

176 904 216 924 ex
228 892 312 924 istius
326 892 405 923 ἱειξὶο
416 893 545 922 menteis
556 893 699 921 omnium
709 888 880 920 Siculorum
891 886 1045 925 occupavit
1057 904 1064 917 ‚
1083 892 1115 913 ut
1125 902 1133 916 ,

175 945 362 976 quaecunque
379 933 515 965 accidant
533 952 541 967 ,
567 931 678 974 public&
687 951 695 965 ,
720 929 768 959 vel
776 928 920 971 privatim
942 925 1114 956 incommoda
1127 946 1135 958 ,

179 981 189 997 ¹
201 986 320 1017 propter
330 986 396 1006 eam
407 976 522 1006 causam
541 974 647 1004 scelere
661 972 744 1003 istius
755 972 873 1002 evenire
883 969 1049 1000 videantur.
1074 970 1136 997 Au-

178 1018 262 1050 distis
274 1039 281 1052 ‚
300 1019 513 1057 Centuripinos
524 1036 532 1050 ,
552 1014 763 1057 Agyrinenseis
773 1033 781 1047 ,
802 1011 985 1042 Catinenseis
996 1031 1005 1044 ,
1026 1009 1136 1040 Herbi—

178 1061 286 1092 tenseis
296 1080 304 1094 ‚
319 1060 484 1090 Ennenseis
494 1078 501 1092 ‚
515 1057 698 1096 complureis
707 1057 780 1085 alios
789 1075 797 1088 ,
810 1053 930 1094 publice
939 1052 1036 1082 dicere
1047 1072 1055 1084 ‚
1070 1060 1135 1091 quae

178 1102 311 1134 solitudo
322 1100 389 1131 esset
399 1103 431 1130 in
441 1102 516 1140 agris
528 1120 535 1133 ,
560 1108 626 1139 quae
640 1097 758 1128 vastitas
770 1117 777 1130 ,
798 1106 864 1136 quae
881 1094 950 1135 fuga
967 1102 1114 1124 aratorum
1127 1111 1136 1125 ,

180 1146 271 1185 quam
283 1144 392 1174 deserta
403 1163 410 1176 ‚
423 1145 513 1183 quam
524 1141 637 1171 inculta
645 1160 653 1174 ,
664 1138 755 1180 quam
766 1137 868 1168 relista
877 1138 989 1166 omnia.
1014 1138 1052 1166 Et
1061 1144 1135 1165 tam—

180 1185 230 1216 etsi
243 1185 325 1216 ‘istius
335 1185 441 1214 multis
451 1204 459 1217 ,
476 1183 508 1214 &
518 1184 606 1213 variis
616 1182 737 1221 injuriis
746 1180 930 1210 acciderunt:
955 1186 1055 1207 tamen
1074 1177 1137 1207 haec

181 1238 240 1258 una
250 1227 332 1257 causa
353 1229 385 1256 in
401 1227 549 1266 opinione
559 1224 729 1255 Siculorum
740 1220 909 1262 plurimum
918 1220 1013 1252 valet,
1034 1217 1117 1259 quod
1128 1237 1136 1251 ‚

180 1272 272 1298 Cerere
283 1268 392 1297 violata
403 1288 411 1302 ,
424 1270 544 1298 omneis
552 1266 650 1296 cultus
661 1285 669 1298 2
688 1263 860 1304 frudiusque
868 1263 982 1292 Cereris
992 1263 1026 1290 in
1035 1262 1080 1290 his
1091 1260 1138 1289 lo·-

179 1314 223 1341 cis
234 1309 379 1340 interiisse
391 1310 576 1340 arbitrantur.
610 1306 781 1337 Medemini
801 1305 942 1345 religioni
961 1303 1115 1333 sociorum
1128 1321 1137 1335 ,

178 1354 188 1392 j
193 1352 295 1383 udices
307 1363 312 1381 :
323 1355 337 1371 2
346 1351 515 1382 conservate
526 1348 665 1380 vestram.
678 1358 776 1388 neque
785 1349 870 1377 enirn
880 1347 944 1375 haec
953 1353 1075 1375 externa
1085 1354 1139 1374 vo-

181 1395 229 1424 bis
240 1394 459 1435 religi0‚neque
467 1393 571 1422 aliena.
591 1389 673 1432 quod
686 1389 705 1420 fi
716 1388 796 1423 esset,
808 1387 829 1418 fi
839 1388 983 1427 suscipere
992 1396 1059 1416 eam
1070 1386 1139 1416 nol-

182 1437 250 1466 letis
263 1446 268 1464 :
286 1443 388 1466 tamen
399 1438 431 1464 in
445 1445 480 1464 eo
490 1454 498 1468 ‚
516 1437 568 1475 qui
579 1430 730 1465 violass'et,
747 1432 858 1461 sancire
868 1439 923 1460 vos
932 1429 1010 1459 velle
1020 1436 1140 1468 oporte-

179 1487 234 1508 ret.
258 1479 350 1507 Nunc
360 1475 431 1507 verb
445 1478 478 1507 in
487 1476 647 1507 communi
659 1474 801 1504 omnium
818 1473 955 1514 gentium
973 1471 1119 1511 religione
1130 1489 1139 1503 ,

182 1522 275 1560 inque
291 1519 338 1548 his
356 1519 459 1551 sacris,
477 1528 543 1559 quae
560 1517 688 1555 majores
697 1514 792 1545 nostri
801 1516 837 1544 ab
846 1514 955 1543 exteris
967 1511 1140 1542 nationibus

184 1561 290 1591 adscita
299 1581 308 1593 ‚
319 1569 405 1601 atque
415 1559 542 1598 arcessita
551 1559 710 1590 coluerunt
722 1567 726 1586 :
741 1566 807 1597 quae
817 1555 904 1588 sacra,
916 1563 948 1584 ut
956 1562 1039 1584 erant
1050 1563 1079 1583 re
1090 1563 1141 1583 ve-

184 1613 215 1633 ra
224 1623 233 1636 ,
250 1601 288 1632 sic
297 1603 435 1642 appellari
447 1603 539 1631 Graeca
549 1601 710 1631 voluerunt
722 1609 727 1627 :
746 1598 945 1639 negligentes,
965 1606 998 1626 ac
1008 1594 1143 1625 dissoluti

118 1655 167 1688 52
187 1643 208 1674 fi
219 1646 373 1684 cupiamus
385 1642 460 1677 effe,
472 1641 708 1684 quiposs'umus?
725 1643 827 1670 Unius
844 1641 936 1669 etiam
951 1637 1033 1667 urbis
1044 1657 1053 1670 ‚
1073 1646 1143 1667 om—

186 1688 276 1717 nium
285 1687 491 1726 pulcherrimae
504 1705 512 1718 ,
530 1693 617 1726 atque
627 1680 817 1713 ornatiffimae
828 1701 836 1715 ,
851 1679 1056 1720 Syracusarum
1066 1678 1145 1708 dire·-

185 1731 324 1769 ptionem
334 1727 595 1759 commemorabo,
607 1725 639 1756 Sc
648 1728 680 1754 in
692 1723 829 1754 medium
841 1721 1001 1762 proferam,
1012 1720 1144 1760 judices:

184 1769 388 1811 utaliquando
399 1777 493 1798 totam
504 1769 593 1806 hujus
603 1768 719 1808 generis
730 1767 898 1795 orationem
920 1767 933 1791 3
942 1761 1122 1793 concludam
1134 1781 1142 1795 ,

185 1823 219 1843 ac
230 1812 384 1843 definiam.
418 1813 522 1840 Nemo
531 1809 592 1839 fere
605 1806 738 1839 vestrum
752 1806 810 1840 est,
832 1808 925 1846 quin,
944 1803 1145 1845 quemadmo-

187 1855 262 1885 dum
272 1862 361 1893 captae
373 1851 453 1882 sintii
463 1854 506 1881 M.
517 1851 662 1881 Marcello
670 1849 907 1889 Syracusae‚saepe
916 1846 1054 1878 audierit,
1066 1855 1145 1875 non-

187 1905 344 1936 nunquam
362 1896 451 1924 etiam
464 1895 497 1923 in
507 1892 664 1923 annalibus
672 1892 783 1932 legerit.
808 1888 942 1920 conferte
959 1889 1033 1917 hanc
1042 1897 1145 1927 pacem

188 1948 261 1968 cum
273 1937 327 1967 illo
338 1936 437 1966 bello:
458 1935 548 1973 hujus
565 1935 697 1974 praetoris
714 1932 878 1963 adventum
889 1951 897 1964 ‚
914 1940 986 1960 cum
996 1929 1077 1959 illius
1087 1931 1146 1959 im-

186 1980 328 2020 peratoris
344 1977 488 2008 vidioria:
505 1978 594 2016 hujus
611 1976 768 2006 cohortem
786 1975 956 2013 impuram,
976 1981 1046 2002 curn
1065 1971 1147 2001 illius

189 2023 323 2052 exercitu
334 2019 470 2050 invicto:
486 2019 577 2058 hujus
588 2017 748 2050 libidines,
769 2025 840 2046 cum
852 2015 933 2044 illius
942 2014 1145 2043 continentia:

187 2063 225 2094 ab
235 2063 290 2092 illo
301 2082 309 2096 ,
324 2063 375 2102 qui
386 2063 462 2101 cepit
473 2080 482 2094 ‚
500 2059 636 2090 conditas
650 2069 656 2088 t
678 2058 714 2088 ab
724 2058 782 2087 hoc
793 2077 801 2091 ‚
820 2058 871 2097 qui
882 2055 1057 2086 constitutas
1065 2064 1147 2085 acce-

187 2107 252 2145 pit,
275 2112 370 2145 raptas
386 2103 480 2132 diceris
493 2101 654 2142 Syracusas.
678 2103 722 2130 Ac
730 2101 791 2139 jam
806 2099 858 2128 illa
875 2099 986 2128 omitto
997 2118 1005 2130 ‚
1026 2107 1092 2137 quae
1102 2095 1149 2126 di-

187 2146 284 2186 sperse
297 2145 312 2175 a
323 2155 372 2175 me
381 2145 486 2174 multis
495 2144 569 2174 locis
579 2142 717 2173 dicentur
725 2161 732 2174 ,
745 2150 777 2171 ac
787 2139 867 2170 dreia
875 2139 943 2170 sunt
955 2150 960 2168 :
982 2138 1084 2169 forum
1095 2141 1148 2178 Sy—

187 2188 408 2220 iacusanorum,
418 2185 500 2227 quod
512 2186 638 2216 introitu
649 2182 783 2213 Marcelli
791 2185 809 2208 4
818 2191 927 2221 purum
939 2181 954 2210 a
963 2180 1042 2210 caede
1051 2180 1147 2210 serva-

190 2238 257 2260 tum
266 2228 320 2262 est,
333 2228 363 2258 id
373 2228 504 2258 adventu
514 2228 615 2257 Verris
625 2225 797 2256 Siculorum
807 2224 1020 2252 innocentium
1031 2222 1079 2252 san
1103 2223 1148 2251 ui-

191 2281 231 2307 ne
243 2268 415 2300 redundasie
427 2280 432 2297 2
450 2278 570 2309 portum
581 2267 829 2308 Syracusanorum
838 2284 846 2298 ,
861 2266 987 2305 quitum
999 2264 1031 2294 δε
1039 2232 1147 2293 nostris

189 2310 325 2343 clastibus
335 2331 344 2346 ‚
366 2311 398 2341 &
408 2307 699 2350 Karthaginiensium
710 2307 825 2337 clausus
840 2304 940 2336 fuisset
950 2325 958 2339 ,
979 2315 1049 2335 eum
1062 2325 1071 2337 ,
1092 2304 1148 2334 isto

190 2353 461 2395 praetore,Cilicum
474 2352 666 2392 myoparoni,
676 2348 923 2390 praedonibusque
931 2345 1062 2386 patuisse.
1075 2348 1150 2376 Mit-

192 2405 224 2427 to
234 2395 398 2426 adhibitam
407 2397 473 2424 vim
487 2394 642 2434 ingenuis,
669 2389 908 2421 matresfamilias
921 2389 1046 2418 violatas
1060 2398 1064 2416 z
1085 2397 1150 2428 quae

193 2447 260 2469 tum
273 2458 281 2471 ,
295 2435 360 2466 urbe
369 2444 452 2477 capta
460 2456 467 2469 ‚
481 2433 621 2472 commiffiz
630 2433 755 2473 nonsunt
765 2452 773 2466 ,
786 2441 883 2472 neque
891 2430 964 2461 odio
972 2429 1087 2463 hostili,
1099 2439 1152 2459 ne-

194 2489 252 2521 que
262 2480 385 2510 licentia
394 2478 517 2508 militari
530 2497 539 2510 ,
551 2485 649 2517 neque
659 2484 743 2505 more
757 2474 828 2504 belli
840 2494 850 2507 ‚
869 2481 967 2513 neque
974 2472 1039 2511 jure
1053 2470 1152 2501 vieto-

195 2524 264 2552 riae:
283 2522 374 2550 mitto
385 2541 393 2553 ,
414 2521 538 2560 inquam
548 2538 556 2552 ,
576 2520 639 2548 haec
653 2518 758 2547 omnia
768 2536 775 2549 ,
796 2525 863 2556 qua:
873 2514 908 2545 ab
926 2512 984 2544 isto
995 2523 1046 2553 per
1059 2515 1154 2542 trien-

193 2564 284 2592 nium
296 2561 424 2602 perfecta
433 2562 508 2591 sunt.
523 2570 566 2594 ea,
577 2569 642 2601 quae
651 2557 814 2598 conjun&a
823 2556 964 2587 cumillis
972 2555 1061 2585 rebus
1071 2555 1149 2587 sunt,

197 2604 234 2634 dc
245 2604 354 2645 quibus
364 2612 448 2633 antea
455 2603 535 2638 dixi,
544 2602 725 2643 cognoscite.
748 2603 761 2627 5
770 2599 886 2629 Urbem
895 2597 1046 2637 Syracusas
1056 2598 1155 2626 maxi-

198 2655 282 2676 mam
292 2644 348 2676 efl'e
360 2647 530 2675 Graecaruni
539 2644 660 2674 urbium
670 2662 680 2677 ‚
691 2641 982 2683 pulcherrimamque
992 2639 1135 2669 omnium
1143 2657 1152 2672 ,

1160 92 1689 139 C1cERoN1s

1168 172 1241 213 saepe
1250 170 1381 203 audistis.
1405 171 1474 206 Est,
1489 171 1624 211 judices,
1643 174 1700 206 ita,
1712 170 1872 202 utdicitur.
1896 177 1967 202 nam
1981 169 2074 202 &fitu
2084 170 2132 204 est.

1168 214 1240 244 cum
1252 216 1372 244 munito
1382 235 1391 248 ,
1406 223 1471 244 tum
1481 224 1519 244 ex
1528 216 1615 244 omni
1625 214 1709 243 aditu
1718 234 1726 247 ,
1739 213 1786 242 vel
1795 222 1869 242 terra
1880 232 1889 247 ,
1899 212 1947 242 vel
1955 214 2039 247 mari,
2050 223 2123 253 prae-

1168 257 1247 286 claro
1259 256 1293 286 ad
1303 255 1476 296 adspeEmrn
1486 267 1491 285 2
1511 256 1542 286 &
1552 266 1654 296 portus
1666 256 1753 285 habet
1761 255 1853 295 prope
1864 257 1897 285 in
1907 253 2114 289 aedificatione‚

1168 298 1366 339 adspeEiuquc
1385 298 1465 328 urbis
1486 297 1617 328 inclusos
1630 309 1635 326 :
1656 299 1708 338 qui
1721 296 1793 327 cum
1803 298 1934 327 diversos
1944 298 2023 327 inter
2033 297 2062 327 se
2073 296 2126 327 ad-

1170 342 1228 370 itus
1239 341 1375 378 habeant,
1392 342 1423 370 in
1434 342 1517 370 exitu
1528 339 1764 380 conjunguntur,
1777 339 1810 369 &
1819 338 1988 369 confluunt.
2012 341 2127 369 Eorum

1169 381 1388 419 conjundffione
1400 391 1463 422 pars
1473 381 1576 421 oppidi
1588 401 1597 413 ,
1611 391 1676 422 quae
1685 380 1847 420 appellatur
1856 380 1954 421 Insula
1963 400 1971 413 ,
1984 379 2128 411 maridis-

1169 423 1271 464 jun&a
1280 423 1509 465 angusto‚ponte
1519 422 1636 452 rursum
1646 422 1827 463 adjungitur,
1839 422 1872 453 &
1881 425 2062 452 continetur.
2085 424 2126 453 Ea

1173 475 1252 496 tanta
1264 464 1305 495 est
1316 466 1383 495 urbs
1394 485 1401 499 ‚
1416 474 1448 494 ut
1461 475 1499 494 ex
1509 473 1636 505 quatuor
1645 464 1768 494 urbibus
1779 466 1925 494 maximis
1934 463 2067 494 constare
2078 463 2125 493 di-

1172 516 1252 537 catur
1265 518 1269 536 :
1290 517 1417 547 quarum
1429 517 1487 536 una
1498 505 1539 536 est
1548 516 1580 536 ea
1589 524 1598 540 ‚
1610 516 1700 547 quam
1711 505 1775 535 dixi
1785 525 1793 539 ,
1805 505 1904 536 Insula
1917 516 1922 535 ;
1936 515 2000 546 quae
2011 506 2129 536 duobus

1172 549 1317 589 portubus
1333 548 1449 582 cindia,
1474 550 1506 577 in
1517 548 1668 588 utriusque
1684 556 1785 587 portus
1804 546 1916 578 ostium
1927 567 1935 580 ‚
1956 547 2131 588 aditumque

1173 590 1304 630 projeista
1314 589 1365 620 est:
1377 593 1409 620 in
1418 600 1476 631 qua
1484 589 1594 619 domus
1606 589 1657 623 est,
1667 587 1755 630 6quae
1765 591 1839 630 regis
1851 590 1994 619 Hieronis
2003 588 2132 629 fuit‚qua

1173 641 1313 672 praetores
1330 633 1373 662 uti
1392 633 1505 665 solent,
1529 633 1604 661 inea
1615 631 1681 661 sunt
1694 631 1770 661 aedes
1783 631 1865 661 sacrae
1873 630 2061 670 complures:
2082 630 2130 661 sed

1174 674 1240 705 duae
1249 694 1258 708 ,
1269 684 1334 715 quae
1346 674 1437 714 longe
1446 676 1551 703 ceteris
1561 673 1759 703 antecellunt:
1777 675 1883 703 Diana:
1899 683 1971 702 una:
1982 673 2015 703 ὃ(
2024 672 2112 703 altera
2121 691 2132 705 2

1175 726 1241 756 quae
1259 715 1317 745 fuit
1336 725 1403 746 ante
1423 714 1508 745 istius
1518 715 1682 745 adventum
1692 713 1873 744 ornatiffima
1883 734 1892 748 ‚
1914 715 2072 745 Minervae.
2095 716 2133 744 In

1178 758 1229 788 hac
1240 758 1337 787 insula
1346 766 1480 787 extrema
1490 776 1497 790 ‚
1511 756 1554 786 est
1563 756 1632 786 fons
1643 767 1724 797 aquae
1733 756 1829 786 dulcis
1840 776 1848 789 ,
1868 757 1916 786 cui
1927 765 2042 786 nomen
2051 757 2135 786 «ire-

1177 799 1260 838 ‘'lmfi‘
1279 798 1322 829 est
1331 819 1339 833 ,
1358 798 1530 828 incredibili
1544 798 1751 840 magnitudine
1761 818 1769 832 ,
1789 795 1977 838 pleniffimus
1986 798 2113 837 piscium
2125 808 2133 827 τ

1176 843 1227 881 qui
1248 840 1341 870 fluetu
1359 850 1439 870 totus
1450 842 1615 880 operiretur
1625 861 1633 873 ‚
1652 838 1707 870 nisi
1718 841 1892 870 munitione
1902 860 1910 874 ‚
1925 849 1958 869 ac
1968 839 2051 869 mole
2061 839 2136 879 lapi-

1177 883 1251 912 dum
1263 883 1278 912 ὲ
1287 884 1363 912 mari
1377 882 1431 921 disj
1439 881 1546 911 unciim
1556 881 1638 911 ess'et.
1663 883 1761 912 Altera
1770 891 1870 912 autem
1880 880 1923 911 est
1933 881 2002 911 urbs
2011 884 2135 921 Syracu-

1178 923 1212 954 sis
1225 935 1230 953 ².
1248 927 1297 955 cui
1316 934 1432 954 nomen
1441 923 1595 953 ,Acradina
1613 923 1670 953 est:
1692 925 1724 953 in
1742 933 1800 964 qua
1817 922 1921 960 forum
1940 925 2112 953 maximum
2124 942 2137 955 ι

1177 966 1384 1006 pulcherrima:
1394 968 1523 1006 porticus
1535 986 1544 999 ,
1555 964 1776 996 ornatissimum
1788 973 1976 1005 prytaneum,
1991 962 2138 1004 ampliffi-

1179 1018 1229 1038 ma
1239 1008 1281 1038 est
1292 1008 1597 1048 curia‚templumque
1610 1010 1762 1049 egregium
1771 1009 1855 1049 Jovis
1867 1007 2136 1046 Olympii‚ceterae-

1178 1060 1236 1090 que
1247 1050 1326 1080 urbis
1336 1060 1430 1090 partes
1441 1059 1499 1079 una
1509 1049 1566 1079 lata
1575 1051 1623 1079 via
1632 1058 1769 1090 perpetua
1780 1070 1788 1082 ,
1802 1049 1964 1089 multisque
1973 1046 2140 1078 transversis

1180 1092 1294 1125 divisae,
1306 1094 1426 1131 privatis
1437 1090 1570 1121 aedificiis
1580 1093 1786 1121 continentur.
1805 1092 1906 1120 Tertia
1916 1089 1958 1120 est
1969 1090 2048 1122 urbs,
2060 1099 2136 1130 quae,

1179 1132 1263 1174 quod
1278 1136 1310 1163 in
1322 1144 1354 1164 ea
1365 1142 1443 1173 parte
1452 1152 1460 1166 ,
1484 1135 1622 1162 Fortunae
1634 1132 1740 1162 fanum
1753 1134 1912 1172 antiquum
1927 1130 2000 1165 fuit,
2020 1136 2034 1159 7
2047 1131 2139 1172 Tycha

1180 1177 1337 1206 nominata
1355 1174 1397 1205 est
1411 1186 1416 1204 z
1436 1177 1469 1204 in
1483 1184 1540 1214 qua
1551 1175 1583 1204 δε
1593 1173 1780 1214 gymnasium
1799 1171 2014 1213 amplissimum
2025 1172 2084 1207 est3
2104 1173 2139 1202 &

1180 1218 1350 1257 complures
1359 1216 1434 1247 aedes
1444 1217 1528 1247 sacrae
1540 1227 1545 1245 :
1565 1217 1731 1256 coliturque
1745 1226 1776 1246 ea
1789 1225 1853 1255 pars
1861 1235 1870 1248 ,
1882 1215 1914 1246 &
1925 1215 2072 1246 habitatur
2081 1213 2140 1244 fre-

1180 1257 1377 1300 quentiffime.
1405 1261 1515 1298 Quarta
1532 1266 1633 1288 autem
1652 1257 1694 1288 est
1712 1258 1781 1288 urbs
1792 1277 1800 1290 ‚
1820 1267 1884 1297 quae
1903 1259 1973 1297 quia
1990 1255 2141 1296 postrema

1183 1298 1324 1331 aedificata
1332 1299 1375 1331 est
1383 1320 1391 1334 ,
1406 1299 1534 1341 Neapolis
1543 1302 1718 1330 nominatur
1729 1311 1735 1328 z
1749 1309 1838 1340 quam
1849 1299 1884 1329 ad
1895 1299 2045 1329 summam
2056 1299 2140 1328 thea-

1183 1352 1263 1373 trum
1273 1342 1315 1373 est
1326 1344 1497 1372 maximum
1510 1352 1515 1370 :
1525 1351 1664 1382 praeterea
1672 1342 1736 1371 duo
1743 1341 1853 1381 templa
1863 1341 1928 1371 funt
1937 1341 2050 1382 egregia
2061 1359 2070 1372 ‚
2084 1341 2140 1369 Ce-

1183 1386 1256 1414 reris
1269 1394 1386 1428 unum)
1399 1384 1525 1414 alterum
1537 1384 1653 1413 Libera:
1665 1394 1670 1412 ;
1692 1382 1868 1424 signumque
1878 1383 2030 1423 Apollinis
2041 1402 2050 1415 ‚
2061 1377 2140 1422 87(ῃῐί

1183 1426 1333 1455 Temenites
1352 1435 1490 1459 vocatur,
1510 1426 1747 1464 pulcherrimum
1767 1445 1775 1458 ‚
1794 1425 1827 1455 δε
1844 1426 2016 1454 maximum
2029 1434 2034 1452 ;
2056 1422 2140 1464 quod

1184 1467 1237 1498 iste
1255 1466 1275 1498 si
1288 1477 1403 1508 portare
1411 1466 1551 1508 potuisset
1562 1488 1570 1500 ‚
1593 1477 1657 1497 non
1668 1465 1827 1497 dubitaffet
1835 1465 1961 1497 auferre.
1994 1468 2087 1495 Nunc
2102 1463 2138 1495 ad

1184 1510 1362 1540 Marcellum
1375 1518 1519 1542 revertar,
1533 1519 1570 1539 ne
1580 1510 1642 1539 haec
1650 1508 1666 1539 a
1676 1519 1725 1538 me
1735 1507 1795 1538 fine
1809 1508 1892 1538 causa
1899 1515 2141 1538 commemorata

1184 1550 1241 1582 effe
1249 1552 1423 1582 videantur:
1440 1553 1493 1592 qui
1502 1549 1575 1581 curn
1584 1559 1644 1581 tam
1654 1551 1824 1591 praeclaram
1836 1549 1941 1580 urbem
1958 1551 2008 1583 vi,
2029 1547 2141 1589 copiis-

1184 1603 1242 1634 que
1253 1591 1391 1634 cepiss'et,
1412 1603 1477 1623 non
1495 1594 1608 1632 putavit
1625 1592 1660 1623 ad
1677 1592 1798 1623 laudem
1814 1592 1920 1631 populi
1929 1593 2064 1622 Romani
2083 1592 2143 1621 hoc

1183 1637 1332 1676 pertinere
1343 1655 1351 1668 ‚
1372 1636 1449 1665 hanc
1458 1634 1734 1675 pulchritudinem,
1759 1644 1796 1664 ex
1812 1643 1870 1674 qua
1887 1633 2050 1674 praesertim
2068 1631 2144 1661 nihil

1181 1678 1241 1718 peri
1244 1677 1300 1706 cusi
1310 1675 1486 1713 ostenderetur
1495 1696 1503 1710 ‚
1518 1676 1627 1710 delere,
1638 1676 1670 1707 δε
1678 1675 1877 1717 exstinguere.
1900 1677 1998 1715 itaque
2006 1673 2144 1705 aedificiis

1185 1719 1331 1749 omnibus
1341 1739 1349 1752 ,
1360 1719 1488 1758 publicis
1498 1739 1506 1752 ,
1521 1719 1685 1758 &privatis
1696 1739 1705 1752 ,
1726 1718 1811 1748 sacris
1820 1737 1829 1751 ,
1849 1717 2023 1756 &prot-anis
2033 1715 2070 1746 sic
2087 1725 2142 1755 pe-

1185 1763 1293 1801 percit,
1316 1759 1393 1801 quafi
1411 1760 1446 1790 ad
1457 1771 1489 1790 ea
1498 1759 1687 1790 defendenda
1704 1770 1775 1790 cum
1793 1762 1944 1792 exercitu,
1965 1768 2030 1789 non
2046 1767 2141 1797 expu-

1185 1803 1302 1844 gnanda
1310 1799 1446 1832 venisset,
1467 1804 1500 1832 in
1509 1811 1616 1832 ornatu
1626 1802 1707 1832 urbis
1716 1801 1819 1832 habuit
1828 1799 1964 1830 victoria».
1981 1801 2142 1833 rationem,

1186 1844 1498 1874 habuithumanitatis.
1522 1842 1645 1873 missoria
1662 1844 1780 1884 putabat
1798 1841 1856 1872 effe
1868 1863 1876 1875 ,
1897 1843 1991 1872 multa
2006 1843 2143 1872 Romam

1187 1887 1340 1926 deportare
1351 1906 1360 1919 ,
1374 1896 1440 1926 quae
1451 1894 1632 1916 ornamento
1644 1885 1710 1915 urbi
1721 1883 1778 1915 effe
1785 1883 1905 1924 possent
1915 1895 1921 1913 z
1937 1884 2122 1913 humanitatis
2131 1902 2141 1916 ,

1188 1938 1251 1958 non
1265 1928 1353 1968 plane
1364 1928 1487 1967 spoliare
1497 1928 1601 1957 urbem
1612 1947 1621 1960 ‚
1637 1928 1798 1967 praesertim
1809 1936 1899 1967 quam
1908 1926 2079 1956 conservare
2088 1935 2143 1955 vo-

1189 1968 1298 2000 luiss'et.
1322 1973 1358 2000 In
1377 1970 1430 1999 hac
1447 1971 1608 2009 partitione
1618 1978 1757 2002 ornatus,
1776 1978 1841 1998 non
1853 1968 1921 2008 plus
1930 1967 2054 1998 vietoria
2064 1969 2146 1997 Mar-

1187 2013 1255 2042 celli
1265 2011 1380 2052 populo
1391 2013 1430 2041 R.
1442 2012 1584 2051 appetivit
1593 2030 1602 2044 ,
1622 2010 1712 2052 quam
1723 2012 1894 2040 humanitas
1901 2009 2084 2049 Syracusanis
2099 2019 2146 2038 re-

1190 2055 1325 2084 servavit.
1357 2055 1492 2084 Romam
1502 2063 1567 2094 quae
1576 2053 1719 2092 asportata
1728 2052 1812 2086 sunt,
1832 2051 1867 2082 ad
1878 2051 1973 2081 aedem
1984 2052 2120 2081 Honoris
2135 2069 2148 2084 ,

1188 2104 1275 2136 atque
1288 2096 1416 2125 Virtutis
1426 2114 1434 2128 ,
1457 2096 1590 2135 itemque
1606 2094 1674 2124 aliis
1694 2095 1727 2123 in
1746 2094 1819 2123 locis
1839 2093 1990 2123 videmus.
2013 2092 2092 2122 nihil
2111 2093 2147 2121 in

1191 2137 1306 2168 aedibus
1316 2157 1324 2170 ,
1342 2137 1420 2166 nihil
1432 2137 1465 2165 in
1473 2137 1568 2165 hortis
1576 2136 1675 2175 posuit
1685 2154 1694 2168 ,
1712 2135 1791 2164 nihil
1809 2136 1842 2164 in
1862 2134 2046 2164 suburbano:
2062 2142 2148 2172 puta-

1192 2181 1252 2212 vit,
1262 2177 1282 2208 fi
1292 2178 1372 2208 urbis
1383 2186 1558 2208 ornamenta
1566 2177 1694 2207 domum
1705 2177 1788 2206 suam
1799 2185 1863 2206 non
1874 2174 2054 2208 contulisset,
2065 2179 2080 2202 9
2090 2174 2147 2205 do·

1193 2230 1280 2250 mum
1290 2220 1372 2250 suam
1380 2227 1559 2249 ornamento
1570 2218 1636 2248 urbi
1647 2217 1788 2248 futuram.
1819 2216 1963 2256 Syracusis
1972 2226 2070 2248 autern
2081 2226 2148 2257 per-

1194 2262 1288 2292 multa
1300 2282 1307 2294 ‚
1319 2270 1404 2301 atque
1419 2262 1532 2301 egregia
1541 2260 1678 2300 reliquit:
1694 2259 1786 2289 deum
1795 2258 1868 2289 verb
1878 2259 2000 2289 nullum
2012 2260 2150 2292 violavit,

1192 2304 1313 2334 nullum
1327 2304 1433 2343 attigit.
1463 2300 1603 2332 Conferte
1616 2304 1740 2330 Verrem
1753 2312 1758 2330 ;
1778 2311 1841 2330 non
1853 2310 1885 2330 ut
1895 2302 2057 2330 hominem
2075 2310 2147 2330 cum

1193 2347 1319 2375 homine
1329 2345 1616 2384 comparetis,nequa
1626 2343 1677 2373 tali
1686 2345 1753 2372 viro
1765 2351 1887 2372 mortuo
1898 2341 1945 2372 fiat
1956 2342 2066 2382 injuria
2077 2354 2082 2371 2
2098 2341 2149 2372 sed.

1196 2396 1228 2416 ut
1237 2396 1340 2426 pacem
1353 2395 1424 2415 cum
1434 2385 1516 2415 bello
1526 2405 1536 2418 -,
1554 2385 1635 2426 leges
1649 2394 1720 2414 cum
1740 2385 1791 2418 vi,
1811 2383 1912 2414 forum
1925 2383 2150 2423 &jurisditstio-

1195 2438 1267 2458 nem
1278 2438 1348 2458 cum
1364 2426 1442 2457 ferro
1453 2447 1461 2460 ‚
1482 2428 1632 2460 &armis,
1653 2426 1818 2461 adventum
1837 2426 1869 2456 &
1883 2427 2062 2456 comitatum
2077 2435 2147 2455 cum

1195 2471 1327 2500 exercitu
1337 2469 1369 2499 &
1379 2468 1505 2498 victoria
1516 2467 1684 2498 conferatis.
1708 2467 1800 2498 AEdes
1816 2470 1961 2498 Minervae
1971 2466 2014 2497 est
2023 2469 2056 2497 in
2068 2467 2148 2497 insu-

1195 2512 1233 2545 la,
1244 2511 1280 2541 de
1290 2521 1347 2552 qua
1354 2511 1420 2541 ante
1431 2510 1497 2541 dixi
1508 2520 1513 2538 z
1524 2520 1615 2551 quam
1625 2510 1784 2540 Marcellus
1793 2520 1844 2538 non
1857 2510 1915 2538 atti
1936 2511 1979 2538 i‘t:
1988 2518 2077 2549 quam
2088 2509 2152 2548 ple-

1198 2563 1268 2583 nam
1280 2573 1288 2586 ‚
1303 2562 1390 2593 atque
1400 2561 1534 2582 ornatam
1546 2552 1684 2592 reliquit:
1702 2561 1768 2592 quae
1785 2551 1822 2581 ab
1838 2550 1896 2580 isto
1906 2520 1943 2581 sige.
1952 2551 2090 2591 spoliata,
2110 2558 2154 2580 at-

1198 2605 1256 2636 que
1267 2594 1379 2634 direpta
1388 2593 1430 2624 est
1440 2614 1450 2628 ,
1461 2604 1526 2623 non
1540 2602 1571 2623 ut
1582 2594 1618 2623 ab
1628 2592 1711 2623 hoste
1720 2593 1821 2633 aliquo
1832 2613 1840 2626 ,
1855 2594 1907 2633 qui
1918 2594 2057 2622 tamenin
2067 2591 2131 2621 bello
2141 2611 2152 2626 ,

1198 2637 1364 2677 regionum
1373 2656 1382 2670 ,
1403 2636 1437 2669 (φ
1447 2634 1646 2676 consuetudin&
1652 2636 1723 2675 jura
1732 2636 1861 2664 retineret
1869 2654 1878 2668 ,
1898 2634 1946 2665 sed
1957 2643 1989 2664 ut
1997 2634 2013 2664 ὲ
2024 2634 2155 2676 barbaris

2081 2684 2156 2716 prae-

239 2775 249 2793 ι
257 2787 263 2793 .
281 2770 380 2799 Propter
388 2775 438 2791 eam
449 2765 545 2798 caufhm
550 2764 635 2797 scelere
644 2765 711 2796 istim
718 2765 812 2789 evenire
820 2761 979 2795 viduantur]
1003 2760 1152 2787 Habuerint
1197 2758 1266 2785 abest
1277 2759 1357 2785 etiam
1370 2758 1525 2792 Cujaciano.

201 2802 249 2829 illa
257 2810 348 2835 propter
357 2811 407 2827 eam
417 2801 510 2834 causam
519 2809 567 2836 pro
578 2800 681 2836 spuriis.

1232 2795 1260 2820 6.
1280 2797 1335 2827 Qae
1345 2795 1401 2828 regis
1410 2792 1596 2827 Hieronisfuit]
1616 2793 1740 2829 Hittorp.
1751 2791 1839 2818 Gelonis
1851 2810 1863 2824 ,
1879 2800 1964 2828 neque
1975 2790 2115 2818 temeraria
2123 2798 2154 2819 ω

238 2847 266 2864 2.
284 2839 424 2871 Cowjbmate
432 2836 562 2870 vestram]
574 2834 749 2870 Subiiitellige
761 2835 897 2868 religionem.
908 2832 989 2868 vulgo
998 2831 1104 2860 additur
1113 2842 1159 2858 ve·
1198 2831 1231 2858 est
1244 2831 1380 2867 scriptura.
1401 2829 1601 2866 inquirendum.

194 2875 273 2910 stram
283 2875 456 2899 aucam-itatem.
475 2871 517 2898 fed
528 2872 600 2897 nulla
610 2872 664 2906 ejus
677 2872 746 2897 vocis
758 2871 835 2897 litera
844 2870 871 2896 in
883 2869 1038 2903 Cujaciauo.

1233 2874 1259 2901 7.
1281 2868 1353 2902 ‘chlm
1362 2865 1509 2900 nominata]
1530 2865 1574 2892 Est
1586 2884 1594 2897 ‚
1613 2865 1629 2892 ὰ
1640 2863 1785 2899 Cujaciano
1794 2864 1822 2890 ὃ(
1833 2862 1957 2898 Hittorp.
1976 2871 2036 2889 nam
2048 2861 2155 2898 vulgata

239 2917 266 2945 3,
284 2909 424 2934 concludam
437 2908 610 2941 (lfdtfiniamj
632 2907 725 2934 Verius
737 2906 841 2933 videtur
851 2905 1000 2933 Gulielmio
1010 2925 1017 2938 ‚
1039 2911 1110 2940 atque
1121 2906 1157 2938 fi·
1199 2905 1277 2937 Delie.
2195 2930 2205 2934 1

1234 2938 1261 2964 8.
1280 2940 1328 2972 Q}
1340 2940 1465 2964 Temenites
1483 2936 1611 2970 vocatum]
1632 2936 1675 2962 Sic
1684 2934 1805 2962 omnibus
1817 2933 1901 2960 literis
1914 2933 1970 2960 Pal.
1983 2933 2031 2960 sec.
2043 2942 2103 2960 nam
2112 2941 2154 2969 pr.

240 2989 269 3014 4.
288 2983 379 3006 'Parnm
389 2978 403 3004 τὶ
415 2980 595 3012 caedeservatum
604 2980 663 3013 effi]
675 2979 716 3005 Ita
727 2977 853 3005 Lambin.
862 2977 959 3014 aliique
969 2979 984 3004 e.
995 2976 1088 3011 Cujac.
1099 2974 1158 3002 cod.
1196 2976 1310 3000 Tz'mutes.
1331 2976 1442 3000 Gruter.
1454 2973 1546 3003 Cuiac.
1559 2973 1680 3009 Hittorp.
1696 2973 1816 2996 Temnites.
1843 2970 1926 3005 prima
1945 2969 2028 2996 editio
2039 2989 2047 3001 ,
2065 2970 2156 2995 Themi-

201 2948 278 2972 m'am.
298 2953 348 2979 ego
358 2943 508 2969 divinabam
518 2944 547 2973 (37-
555 2944 664 2977 desinam.

205 3017 233 3045 iu
245 3025 297 3053 quo
310 3016 435 3048 caedcskrv.
445 3022 522 3040 antea
532 3014 581 3040 culi
595 3034 603 3046 ‚
613 3014 628 3040 e?
636 3017 741 3047 plurima
750 3014 815 3040 cx-Ie.

1199 3013 1255 3036 cles.
1275 3011 1296 3036 V
1300 3010 1427 3037 istm-iana
1435 3009 1569 3042 περηαπς.
1598 3007 1657 3035 vide
1667 3009 1778 3034 Sueton.
1788 3015 1844 3043 cap.
1855 3014 1901 3041 74.
1912 3005 2025 3032 Tiberii.
2045 3005 2158 3032 adeatur

245 3061 258 3086 5
265 3072 271 3078 .
291 3053 372 3077 vrbem
379 3051 505 3085 Syrqcujiu
514 3054 641 3076 maximam
649 3052 689 3082 effe
699 3053 823 3076 Graecorum
834 3052 966 3075 Graecarum
975 3049 1080 3080 urbium,
1090 3047 1157 3081 dra]
1203 3046 1322 3073 Turueb.
1336 3046 1383 3073 lib.
1395 3056 1408 3072 v
1416 3055 1465 3072 111.
1475 3053 1531 3080 cap.
1547 3053 1589 3070 n..

205 3089 329 3124 Quum,
339 3087 425 3122 iuquit
436 3085 608 3117 Gulielmius,
622 3087 799 3122 Hittorpiaiia:
812 3084 909 3112 stliedae
920 3084 1049 3111 venustius
1061 3095 1067 3110 ;
1081 3085 1162 3109 Urhcm

1238 3091 1253 3117 9
1260 3103 1266 3108 .
1285 3083 1454 3115 Domumfimm
1463 3087 1595 3106 ornamento
1604 3081 1659 3105 urbi
1663 3080 1776 3112 futuram
1781 3079 1802 3112 Γ]
1808 3078 1842 3104 Et
1853 3077 1910 3104 sanc
1922 3077 2084 3112 singulorum
2094 3075 2153 3103 abs-

203 3124 515 3159 Srracw'anamfflaximam
524 3123 565 3158 csse
575 3124 717 3157 cretarum,
723 3123 868 3157 pulcenffl.
880 3122 907 3149 &
920 3130 982 3150 vero
991 3119 1061 3149 illud.
1069 3121 1162 3152 urbium
1201 3119 1316 3149 tinentia
1324 3118 1466 3148 domestica
1476 3136 1484 3152 ,
1494 3116 1630 3154 publicum
1639 3115 1754 3145 civitatis
1764 3115 1842 3143 decus
1852 3113 1899 3143 est.
1918 3116 2065 3142 Gulielmius.

2067 3157 2078 3176 ι
2085 3168 2091 3174 .
2099 3147 2155 3174 *ram

2146 424 2234 465 53¹

2158 1472 2206 1506 54
