2295 3400
85 411 125 445 33

86 1424 133 1459 34

143 112 244 174 276
579 110 1079 162 M.Tu1.1.11

1159 111 1690 164 Crcanouts

145 196 258 229 mnurn
270 195 620 228 xxv1.&aeceffi0nem
638 205 692 227 1-1-s
708 206 768 227 cro
787 206 860 227 cro.
882 199 930 227 De
943 195 1108 227 accessione
1126 195 1130 236 Ι
1149 197 1316 240 frequentia
1331 199 1402 229 huic
1420 198 1512 230 causae
1530 209 1698 241 numquam
1719 196 1823 230 defuit.
1846 205 1905 239 qua
1917 197 1954 230 de
1969 197 2115 239 paucitate

143 239 253 271 dubito
263 260 271 273 ‚
286 250 323 270 an
333 242 467 280 Apronio
477 237 529 279 ipfi
541 238 605 268 data
614 237 648 269 sit
658 260 666 273 ‚
680 249 791 269 merces
802 249 898 280 operae
909 259 918 273 ‚
929 239 1109 281 pretiumque

142 282 188 311 im
206 281 332 311 udentia.
356 284 404 311 De
422 283 513 310 tritici
523 280 647 321 quidem
665 291 797 311 numero
815 289 898 311 tanto
908 301 916 314 ‚
935 282 1002 322 quis
1012 279 1107 322 potest

142 323 185 354 du
209 325 278 353 itare
289 342 297 356 ,
316 325 394 364 quin
413 323 448 352 ad
462 321 554 352 istum
570 322 746 362 praedonem
763 322 996 353 frumentarium
1007 343 1016 356 ‚
1037 321 1108 353 sicut

146 365 330 407 Agyrinense
339 364 530 394 frumentum
542 384 550 397 ‚
570 366 761 404 pervenerit?
784 367 877 395 Anno
886 364 960 395 vero
971 367 1056 395 tertio
1072 366 1105 394 in

145 408 204 437 hoc
214 416 283 449 agro
292 405 509 436 consuetudine
520 406 589 436 usus
599 405 641 436 est
651 408 741 447 regia.
763 407 864 437 solere
873 407 958 444 ajunt
970 407 1107 437 barbaros

145 459 228 490 reges
237 448 388 479 Persarum
401 468 409 481 ,
421 457 452 478 ac
463 451 606 488 Syrorum
618 468 626 481 ‚
642 448 741 488 pluras
749 459 847 478 uxores
854 449 962 479 habere
973 459 980 478 ·.
1000 449 1046 477 his
1055 459 1107 478 au—

147 499 209 521 tem
219 490 364 520 uxoribus
374 491 508 520 civitates
517 490 676 520 attribuere
688 510 696 523 ,
716 492 773 520 hoc
787 490 899 520 modo:
922 493 996 521 Haec
1003 493 1106 522 civitas

148 532 272 562 mulieri
282 531 498 562 redimiculum
508 532 635 572 praebeat
644 552 653 566 ,
671 533 734 562 haec
743 535 775 563 in
783 533 900 563 collum
911 553 920 566 ‚
936 534 999 563 haec
1009 535 1042 562 in
1051 534 1109 562 cri-

147 575 225 604 neis.
248 575 289 603 ita
302 574 429 614 populos
441 574 551 604 habent
560 575 717 604 universos
726 584 790 604 non
800 574 899 605 solum
910 575 1026 614 conscios
1041 573 1109 602 libi-

144 616 215 645 ainis
224 616 282 646 sua:
290 636 298 650 ,
310 614 419 645 verum
429 616 519 646 etiam
528 615 731 646 administros.
755 616 889 647 Eandem
899 616 984 647 istius
995 637 1003 649 ‚
1016 618 1068 657 qui
1080 616 1107 645 se

148 668 247 699 regem
258 658 432 688 Siculorum
451 656 508 688 efl'e
526 657 651 688 ducebat
661 678 670 692 ,
691 659 844 690 licentiam
857 679 866 691 ,
886 658 1108 697 libidinemque

148 698 237 730 suiffe
254 699 432 740 cognoscite·
456 700 644 730 AEschrionis
664 700 835 740 Syracusani
852 710 930 730 uxor
947 699 990 730 est
1009 702 1109 739 Pippa:

144 743 194 781 cuj
200 751 232 771 us
242 751 359 771 nomen
372 740 450 777 istim
461 741 592 784 nequitia
611 751 670 772 tota
680 742 781 773 Sicilia
791 743 997 782 pervulgatum
1010 741 1062 774 est,
1074 740 1111 770 de

145 793 205 824 qua
217 784 343 813 muliere
351 784 453 814 versus
462 784 588 824 plurimi
606 784 689 823 supra
699 784 829 814 tribunal
842 805 850 817 ,
869 784 901 814 δε
910 784 994 822 supra
1003 791 1111 823 praeto-

146 828 186 856 ris
195 834 281 865 caput
291 825 502 856 scribebantur.
518 827 577 856 Hic
589 826 737 860 AEschrio,
747 828 844 866 Pippae
856 826 903 854 vir
912 825 1109 856 adumbratus,

150 869 181 897 in
205 866 434 898 Herbitensibus
456 867 591 898 decumis
614 877 714 897 novus
736 867 904 897 instituitur
924 867 1111 906 publicanus.

147 909 344 939 Herbitenses
363 908 433 939 cum
443 909 582 939 viderent
591 930 598 943 ,
620 907 640 938 fi
653 909 690 939 ad
701 910 911 939 AEschrionem
923 909 1054 948 pretium
1066 917 1113 937 re—

146 949 234 982 disset
244 971 253 985 ,
271 951 300 981 se
308 951 344 982 ad
354 951 511 982 arbitrium
531 949 782 981 libidinosissimae
793 951 929 980 mulieris
951 950 1112 990 spoliatum

145 993 276 1023 iritliciti
287 993 355 1023 sunt
363 993 455 1034 usque
465 992 616 1034 eb‚qu0ad
627 993 654 1023 se
664 991 781 1022 efficere
792 991 873 1033 poss'e
883 992 1108 1022 arbitrabantur.

135 1033 234 1075 'i'upra
244 1034 349 1075 adjecit
358 1036 506 1065 AEschrio.
529 1045 627 1076 neque
639 1036 722 1064 enim
734 1034 905 1067 metuebat,
920 1044 959 1063 ne
968 1054 976 1067 ‚
989 1041 1114 1073 praetore

147 1079 241 1106 Verre
255 1097 263 1111 ,
288 1076 454 1107 decumana
469 1077 579 1106 mulier
598 1076 713 1106 damno
731 1074 809 1106 affici
828 1074 932 1116 poffet.
956 1075 1114 1105 Addicitur

148 1115 346 1149 medimnum
367 1128 469 1148 xxxv.
488 1118 626 1148 millibus
642 1117 774 1148 dimidio
790 1117 851 1148 fere
871 1117 964 1158 pluris
986 1137 994 1150 ,
1019 1116 1109 1157 quam

146 1160 300 1201 superiore
309 1170 402 1190 anno.
427 1163 563 1190 Aratores
575 1160 714 1199 flmditm
723 1159 939 1188 evertebantur:
959 1159 991 1189 ὃς
1000 1169 1037 1189 eo
1047 1168 1112 1188 ma-

147 1204 214 1244 gis,
231 1201 384 1243 quodpiam
396 1202 597 1242 superioribus
616 1203 701 1231 annis
712 1201 846 1232 exhausti
865 1209 965 1235 erant,
985 1211 1017 1230 ac
1025 1199 1110 1241 paene

146 1244 264 1284 perditi.
288 1244 444 1274 Intellexit
460 1243 514 1274 iste
530 1246 570 1274 ita
588 1253 699 1285 magno
715 1242 828 1274 veniss‘e
847 1263 854 1277 ,
879 1253 911 1274 ut
926 1243 1057 1283 amplius
1074 1242 1110 1272 ab

147 1284 377 1316 Herbitensibus
395 1286 514 1328 exprimi
527 1295 592 1316 non
610 1284 716 1325 posset.
740 1286 837 1316 demit
854 1284 891 1315 de
907 1287 1001 1326 capite
1012 1284 1111 1314 medi-

148 1326 261 1358 mnum
276 1338 337 1358 cro
354 1338 416 1358 cm
433 1338 493 1358 cm
513 1328 714 1368 1oc.jubetin
727 1327 839 1358 tabulas
849 1338 904 1368 pro
915 1325 1111 1357 medimnum

148 1380 237 1401 xxxx
259 1390 268 1404 ,
291 1369 394 1400 referri
413 1380 499 1400 xxm
521 1370 554 1400 ὃς
569 1379 659 1400 cccc.
684 1370 800 1400 Hordei
817 1369 958 1400 decumas
977 1368 1109 1408 ejusdem

148 1414 207 1454 agri
218 1415 370 1442 Docimus
381 1422 503 1442 emerat.
526 1414 587 1443 Hic
603 1411 646 1442 est
656 1414 808 1442 Docimus
819 1433 827 1445 ,
846 1414 898 1453 qui
910 1411 945 1442 ad
955 1410 1047 1441 istum
1059 1409 1111 1440 de-

147 1454 273 1485 duxerat
282 1456 429 1488 Tertiam,
442 1453 547 1484 Isidori
559 1455 650 1484 mimi
661 1453 805 1488 filiam,vi
814 1452 968 1483 abdudhim
976 1453 1013 1483 ab
1023 1453 1112 1483 Rho-

145 1496 200 1528 dio
211 1497 348 1527 tibicine.
373 1498 474 1536 Hujus
483 1499 594 1527 Tertia:
607 1496 674 1536 plus
684 1497 774 1526 etiam
785 1516 793 1530 ,
810 1506 901 1537 quam
912 1498 1010 1535 Pippae
1022 1515 1029 1528 ‚
1045 1494 1111 1534 plus

148 1538 240 1580 quam
257 1547 419 1569 ceterarum
431 1558 440 1572 ,
459 1548 492 1568 ac
506 1537 598 1578 prope
610 1537 708 1568 dicam
719 1558 727 1571 ‚
749 1547 866 1568 tanturn
886 1537 963 1577 apud
976 1537 1066 1566 istum
1078 1537 1110 1565 in

146 1579 295 1611 Siciliensi
317 1589 441 1620 praetura
457 1580 615 1610 auum-itas
634 1580 729 1610 valuit
749 1600 757 1612 ,
780 1588 927 1620 quantum
947 1581 981 1609 in
1000 1578 1112 1608 urbana

148 1623 337 1654 Chelidonis.
361 1624 495 1652 Veniunt
507 1622 665 1652 Herbitam
685 1621 747 1652 duo
757 1623 891 1662 praetoris
901 1621 1004 1651 aernuli
1019 1641 1028 1654 ,
1047 1629 1112 1650 non

147 1663 272 1696 molesti
283 1684 291 1698 ‚
317 1668 326 1684 ¹
339 1664 584 1694 muliercularum
601 1665 822 1694 teterrimarum
838 1662 1051 1704 improbissimi
1061 1672 1114 1693 co-

146 1708 292 1749 gnitores.
316 1705 640 1746 incipiuntpostulare,
661 1706 781 1746 poscere
791 1726 799 1740 ,
811 1707 930 1736 minari.
955 1716 1017 1735 non
1028 1714 1115 1745 pote-

147 1757 213 1779 rant
227 1758 326 1780 tamen
339 1769 347 1781 ‚
367 1747 438 1778 cum
453 1756 594 1787 cuperent
605 1768 613 1782 ,
631 1750 804 1788 Apronium
818 1750 940 1778 imitari.
963 1747 1056 1778 Siculi
1067 1747 1115 1776 Si-

145 1796 225 1821 culos
241 1801 294 1820 non
313 1798 373 1819 tam
382 1789 623 1832 pertimefiebant.
648 1788 726 1820 Cum
736 1788 1115 1820 omnirationetamenilli

144 1834 403 1864 calumniarentur
417 1842 422 1860 :
438 1833 621 1872 promittunt
632 1830 826 1863 Herbitenses
836 1832 1050 1862 vadimonium
1062 1834 1115 1870 Sy-

146 1875 270 1906 racusas.
294 1873 339 1905 Εὸ
349 1873 541 1914 posteaquam
552 1883 680 1903 ventum
690 1873 734 1904 est
742 1893 751 1908 ,
770 1883 920 1916 coguntur
930 1874 1113 1906 AEschrioni,

146 1916 179 1947 id
190 1916 233 1946 est
243 1937 251 1950 ,
268 1918 367 1956 Pippae
377 1936 385 1949 ,
406 1915 472 1945 dare
482 1923 598 1945 tantum
610 1936 619 1949 ,
639 1924 786 1956 quantum
797 1925 856 1946 erat
867 1916 903 1946 de
913 1917 1007 1955 capite
1026 1914 1113 1944 dem-

147 1967 227 1992 tum,
241 1960 331 1988 tritici
342 1954 539 1987 medimnum
555 1967 615 1987 cro
633 1967 693 1987 εκ)
711 1967 773 1988 cio
789 1968 836 1987 rx.
860 1956 1114 1996 Mulierculaepu-

143 2001 273 2032 blicanae
288 2000 390 2030 noluit
407 2009 445 2029 ex
465 1999 603 2029 decumis
623 2001 757 2029 nimium
777 2000 851 2029 lucri
869 1999 955 2032 dare,
976 2009 1014 2028 ne
1033 1998 1112 2028 forte

145 2042 184 2072 ab
201 2041 354 2072 nonrno
373 2042 426 2072 suo
446 2040 559 2082 quaestu
577 2042 715 2071 animum
728 2041 764 2072 ad
773 2041 929 2083 vetiiigalia
939 2040 1115 2071 redimenda

147 2083 330 2114 transferret.
354 2082 550 2114 TransaCium
569 2080 714 2123 putabant
725 2083 918 2114 Herbitenses
930 2104 938 2117 ,
959 2081 1032 2112 cum
1047 2081 1113 2116 iste,

150 2126 232 2168 Qid
241 2125 278 2155 de
288 2125 402 2156 hordeo
413 2146 422 2159 ,
437 2127 551 2166 inquit,
573 2126 606 2155 &
617 2127 752 2155 Docimo
763 2146 772 2159 ,
787 2126 921 2155 amiculo
931 2127 1024 2155 meo?
1040 2124 1113 2165 quid

147 2169 307 2209 cogitatis?
329 2170 368 2197 At
378 2168 436 2197 hoc
445 2166 570 2208 agebant
584 2178 615 2196 m
623 2166 749 2196 cubiculo
759 2187 767 2200 ‚
778 2167 895 2207 judices
905 2188 913 2200 ‚
928 2176 1014 2208 atque
1026 2168 1060 2196 in
1071 2167 1114 2196 le-

148 2209 234 2240 &ulo
252 2210 315 2239 suo.
350 2210 506 2250 Negabant
524 2209 571 2238 illi
589 2207 642 2238 fibi
662 2209 828 2249 quidquam
851 2208 908 2239 effe
926 2208 1112 2238 mandatum.

146 2253 224 2282 Non
237 2251 346 2281 audio:
359 2259 516 2281 numerate
533 2260 587 2280 11-s
605 2260 660 2281 xv.
684 2251 766 2292 Qd
780 2250 910 2280 facerent
924 2250 1047 2280 miseri?
1064 2258 1115 2280 aut

146 2293 222 2336 quid
230 2293 417 2324 recusarent?
431 2292 593 2332 praesertim
604 2291 675 2322 cum
692 2294 724 2322 in
734 2291 848 2322 nebulo
858 2292 1032 2322 decumanae
1042 2301 1113 2321 tnu-

145 2336 230 2365 l'reris
248 2334 371 2376 vestigia
384 2335 521 2364 viderent
538 2336 682 2368 recentia,
698 2334 807 2374 quibus
826 2334 914 2364 illum
935 2333 1114 2370 inflammari

146 2377 187 2406 ad
197 2376 669 2419 perseverandum>intelligebant?
690 2378 733 2406 Ita
751 2377 856 2406 civit-as
876 2386 935 2405 una
948 2376 1111 2409 sociorum,

145 2429 234 2460 atque
243 2420 425 2452 amicorum,
435 2418 549 2448 dua-bus
559 2419 719 2447 teterrimis
729 2418 925 2451 mulierculis,
938 2420 1029 2446 Verre
1038 2426 1112 2456 prae-

146 2470 224 2495 tore,
235 2460 390 2502 ve6tigalis
399 2459 466 2490 fuit.
484 2462 583 2500 Atque
593 2469 649 2499 ego
659 2469 753 2493 nunc,
764 2469 835 2489 eum
844 2458 991 2489 frumenti
1003 2469 1111 2488 nume-

146 2513 217 2536 rum
230 2523 238 2536 ‚
260 2503 292 2532 ὃς
312 2512 360 2532 eas
378 2501 499 2542 publice
517 2503 658 2541 pecunias
681 2501 857 2531 decumanis
872 2501 907 2531 ab
927 2498 1111 2530 Herbitensi—

149 2544 207 2575 bus
217 2544 296 2574 datas
307 2543 364 2574 effe
379 2544 448 2574 dico
461 2554 467 2573 1
485 2553 546 2584 quo
559 2543 606 2573 illi
616 2542 771 2573 frumento
783 2564 791 2577 ‚
812 2543 844 2573 ὃς
854 2542 963 2583 quibus
976 2543 1111 2582 pecuniis

148 2594 251 2617 tamen
259 2585 274 2616 a
282 2586 520 2616 decumanorum
529 2584 647 2624 injuriis
656 2587 749 2615 civeis
758 2586 825 2615 suos
834 2595 897 2615 non
907 2584 1108 2615 redemerunt.

146 2627 274 2669 perditis
282 2630 365 2657 enim
378 2648 387 2661 ‚
403 2627 565 2667 &direptis
575 2627 825 2668 aratorumbonis
834 2647 844 2661 ,
863 2628 926 2657 haec
937 2626 1110 2656 decumanis

149 2679 249 2700 merces
260 2667 382 2698 dabatur
394 2689 401 2703 ‚
416 2668 619 2710 utaliquando
634 2678 672 2698 ex
686 2679 792 2699 eorum
807 2670 882 2709 agris
893 2689 902 2702 ,
916 2677 1001 2708 atque
1011 2677 1049 2697 ex
1061 2677 1110 2696 ur-

149 2711 238 2744 bibus
248 2711 375 2741 abirent.
398 2713 500 2751 Itaque
510 2710 580 2741 curn
592 2711 728 2740 Philinus
739 2708 922 2741 Herbitensis
934 2730 942 2743 ‚
958 2712 1053 2740 homo
1063 2708 1110 2739 di-

151 2753 245 2784 sertus
256 2773 264 2785 ,
284 2753 316 2782 &
327 2752 456 2792 prudens
467 2773 475 2786 ,
496 2753 529 2782 ὃς
538 2752 625 2782 domi
635 2752 749 2782 nobilis
759 2773 767 2786 ‚
789 2752 827 2783 de
837 2753 1003 2783 calamitate
1016 2760 1108 2782 arato-

148 2805 218 2825 rum
228 2815 236 2829 ‚
257 2795 290 2824 δε
301 2794 338 2824 de
349 2793 416 2835 fuga
426 2814 434 2828 ,
454 2795 486 2824 δε
499 2793 535 2824 de
545 2795 730 2834 reliquorum
740 2796 885 2834 paucitate
895 2793 1015 2834 publice
1027 2792 1108 2822 dice-

147 2845 209 2867 ret:
224 2834 477 2867 animadvertistis
487 2856 496 2871 ,
503 2835 630 2877 judices,
641 2838 791 2877 gemitum
800 2836 906 2877 populi
917 2838 1011 2866 Rom.
1022 2835 1108 2875 cujus

190 2946 212 2965 ι.
232 2941 450 2967 ιΜιΙὶενςιιΙαγ-ιηη
467 2942 668 2976 teterrimas-mm]
692 2940 773 2968 Haud
790 2941 869 2968 aliter
879 2940 939 2967 Pal.
950 2939 1111 2967 &Nauma-

149 2984 210 3002 nus.
232 2975 346 3011 Vulgata
357 2995 365 3007 ‚
379 2976 569 3002 deterrimarum.

186 3020 202 3036 ²
209 3031 215 3037 .
233 3012 283 3043 Qu
293 3011 386 3037 tandem
396 3012 456 3037 modo
465 3014 531 3038 vobio·
539 3031 547 3043 ,
564 3022 610 3037 non
620 3013 680 3039 modb
690 3014 810 3044 ferendum
821 3032 829 3044 ,
838 3012 923 3038 veram
932 3014 1002 3038 etiam
1012 3013 1114 3038 audien-

1147 250 1296 271 aratorum
1306 241 1366 271 alio
1377 241 1444 271 loco
1455 241 1563 272 dicam.
1580 244 1611 271 N
1615 252 1672 272 unc
1683 241 1758 271 illud
1767 261 1775 274 ,
1786 242 1867 282 quod
1875 240 1961 281 paene
1971 243 2108 281 praeterii.

1147 291 1212 313 non
1226 281 1358 313 omnino
1377 283 1611 324 relinquendum
1626 283 1756 313 videtur.
1780 293 1850 312 narn
1862 302 1870 317 ,
1891 292 1943 323 per
1962 283 2036 312 deos
2052 285 2114 313 im-

1147 325 1299 355 mortaleis
1312 345 1320 359 ,
1339 324 1420 365 quod
1431 325 1467 354 de
1477 326 1572 365 capite
1582 325 1645 365 ipso
1655 323 1762 355 demfit
1772 344 1780 357 ,
1804 328 1818 343 2
1836 335 1898 365 quo
1911 324 2032 355 tandem
2043 334 2112 354 mo-

1146 365 1187 397 do
1197 366 1287 396 vobis
1300 377 1364 397 non
1383 366 1479 396 modo
1500 367 1658 397 ferendum
1670 387 1679 400 ,
1700 365 1809 397 verum
1820 369 1911 397 etiam
1924 365 2112 398 audiendum

1146 407 1287 438 videtur?
1310 412 1399 438 Unus
1412 408 1508 438 adhuc
1519 407 1577 438 fuit
1593 407 1660 448 post
1671 410 1804 438 Romam
1818 408 1974 438 conditam
1985 407 2040 447 (dii
2051 409 2116 438 ina-2

1148 451 1291 480 mortales
1308 448 1432 483 faxint,¹
1444 460 1480 480 ne
1497 448 1531 480 sit
1544 450 1625 489 alter)
1646 452 1695 479 cui
1710 450 1782 489 resp.
1806 453 1818 477 3
1835 459 1928 480 totam
1946 450 1972 479 se
1988 449 2114 481 traderet

1147 491 1314 532 temporibus
1329 490 1424 520 masfa
1435 512 1443 525 ,
1459 492 1493 524 (φ
1507 492 1586 520 maiis
1599 490 1744 527 domesticis
1755 512 1763 524 ‚
1780 493 1814 521 L.
1826 492 1916 522 Sulla.
1931 492 1981 521 hic
1993 500 2112 522 tantum

1146 536 1246 574 potuit
1255 554 1263 568 ‚
1279 543 1312 564 ut
1321 543 1414 563 nemo
1425 554 1433 567 ,
1449 534 1504 563 illo
1513 535 1613 563 invito
1624 553 1632 566 ‚
1649 543 1704 563 nec
1715 533 1793 563 bona
1804 553 1812 567 ,
1828 544 1882 563 nec
1891 535 2015 573 patriam
2026 553 2035 567 ,
2057 543 2114 564 nec

1149 577 1241 605 vitam
1258 577 1384 605 retinere
1404 573 1515 616 poffet:
1535 583 1653 605 tantum
1665 577 1761 605 animi
1779 575 1885 605 habuit
1901 575 1935 605 acl
1946 575 2111 608 audaciam,

1149 626 1182 646 ut
1198 616 1296 647 dicere
1310 619 1342 646 in
1351 619 1502 647 concione
1515 627 1580 647 non
1589 617 1737 646 dubitaret
1750 637 1757 649 ,
1782 617 1860 647 bona
1870 619 1986 647 civium
1997 619 2114 647 Roma-

1148 668 1261 689 norum
1279 658 1351 689 cum
1365 658 1507 688 venderet
1519 679 1526 692 ,
1543 659 1574 698 [ἓ
1583 659 1703 701 praedam
1711 659 1797 698 fuam
1810 659 1930 688 vendere.
1958 660 2031 699 Ejus
2044 668 2115 689 otn-

1148 702 1214 730 neis
1224 711 1270 731 res
1279 700 1371 742 gestas
1383 710 1446 731 non
1462 701 1562 730 solum
1574 701 1750 731 obtinemus
1761 712 1770 734 3
1785 700 1892 731 verum
1908 702 1998 731 etiarn
2019 704 2036 727 4·
2045 710 2115 740 pro-

1149 751 1212 782 pter
1229 745 1381 782 majorum
1400 742 1673 772 incommodorum
1685 762 1693 775 ‚
1714 743 1747 773 &
1759 743 1964 773 calamitatum
1985 752 2114 776 metum,

1145 782 1262 826 publica
1278 783 1452 813 austoritate
1467 784 1648 820 defendimus.
1672 788 1780 814 Unum
1800 785 1858 814 hoc
1876 785 1978 817 illius,
1999 784 2116 814 senatus

1149 826 1289 856 consulto
1300 826 1512 865 reprehensum
1524 847 1532 859 ‚
1544 826 1757 867 decretumque
1767 825 1820 860 est,
1832 835 1865 856 ut
1875 847 1883 859 ‚
1893 826 2003 867 quibus
2016 826 2066 855 ille
2075 825 2114 856 de

1150 870 1243 907 capite
1255 865 1403 897 demsiss'et
1413 888 1424 901 ,
1441 869 1474 897 hi
1485 870 1625 907 pecunias
1636 869 1669 897 in
1686 869 1821 898 :erarium
1833 867 1984 898 referrent.
2008 869 2117 899 Statuit

1150 909 1267 939 senatus
1279 930 1287 942 ‚
1309 910 1367 939 hoc
1379 919 1417 939 ne
1428 908 1476 939 illi
1489 910 1614 949 quidem
1628 908 1685 950 esse
1704 911 1823 949 licitum
1837 930 1847 943 ‚
1864 912 1913 940 cui
1927 908 2110 940 concefl'erat

1154 952 1259 981 omnia
1269 971 1277 984 ,
1302 954 1315 978 5
1328 951 1343 981 a
1352 952 1467 991 populo
1476 950 1623 982 fafflmrum
1635 971 1643 985 ‚
1662 950 1908 992 quaesitarumque
1919 961 2021 982 rerum
2030 952 2117 982 sum·

1154 1002 1218 1022 mas
1234 995 1428 1023 imminuere.
1452 994 1545 1023 Illum
1560 995 1633 1023 viris
1651 992 1818 1023 fortissimis
1834 994 2004 1029 judicarunt
2019 1002 2116 1033 patres

1152 1035 1314 1074 conscripti
1324 1037 1476 1066 remittere
1487 1035 1524 1065 de
1535 1036 1657 1065 summa
1668 1045 1731 1065 non
1740 1035 1866 1075 potuisti:
1879 1046 1884 1065 2
1901 1044 1928 1066 te
1939 1035 2060 1065 mulieri
2072 1044 2116 1065 te·-

1154 1076 1376 1106 terrimae1·e8te
1391 1075 1531 1106 remifiss'e
1542 1077 1688 1107 senatores
1700 1077 1898 1116 judicabunt?
1917 1078 1986 1110 ille,
2008 1077 2117 1118 dequo

1153 1118 1219 1159 lege
1226 1118 1356 1158 populus
1366 1121 1448 1148 Rom
1455 1117 1727 1159 .jufferat,utips1us
1735 1118 1868 1148 voluntas
1876 1119 1989 1159 populo
2000 1121 2118 1149 Roma-

1154 1169 1197 1189 no
1210 1158 1281 1190 effet
1291 1168 1339 1201 pro
1352 1161 1410 1201 lege
1419 1180 1428 1194 ‚
1449 1169 1550 1190 tamen
1562 1162 1595 1190 in
1604 1162 1662 1190 hoc
1672 1170 1735 1190 uno
1747 1170 1854 1201 genere
1867 1181 1874 1194 ‚
1893 1169 2031 1191 veterum
2044 1161 2116 1191 reli-

1152 1203 1244 1242 gione
1254 1202 1355 1243 legum
1367 1222 1375 1235 ‚
1393 1201 1629 1242 reprehenditur.
1648 1210 1679 1232 tu
1690 1222 1698 1236 ,
1710 1204 1762 1242 qui
1772 1202 1917 1232 omnibus
1928 1202 2044 1244 legibus
2054 1204 2117 1232 im·-

1152 1244 1277 1283 plicatus
1289 1244 1427 1274 tenebare
1437 1263 1446 1278 ,
1465 1244 1627 1274 libidinem
1639 1244 1694 1274 tibi
1712 1253 1794 1274 tuam
1807 1244 1936 1285 prolege
1946 1242 2004 1274 effe
2014 1245 2117 1274 volui-

1155 1284 1211 1315 sti?
1228 1287 1261 1315 in
1280 1286 1337 1315 illo
1357 1286 1599 1325 reprehenditur,
1620 1284 1702 1326 quod
1714 1296 1752 1316 ex
1768 1296 1800 1315 ea
1813 1288 1940 1326 pecunia
1956 1287 2114 1320 remiserit,

1153 1337 1244 1369 quam
1256 1328 1316 1368 ipse
1325 1327 1490 1368 quaesierat:
1502 1328 1557 1358 tibi
1566 1327 1763 1361 concedetur,
1775 1330 1826 1368 qui
1837 1327 1974 1367 decapite
1984 1327 2115 1369 veditiga-

1152 1370 1228 1400 lium
1240 1370 1344 1409 populi
1354 1372 1448 1400 Rom.
1458 1368 1617 1400 remisisti?
1632 1373 1728 1411 Atque
1748 1372 1780 1400 in
1792 1371 1851 1400 hoc
1866 1380 1973 1411 genere
1986 1370 2113 1402 audacia:

1152 1412 1251 1441 multo
1265 1415 1355 1441 etiam
1370 1411 1580 1452 impudentius
1592 1414 1624 1442 in
1642 1412 1778 1442 decumis
1789 1410 2007 1453 Segestenfium
2016 1413 2114 1443 versa-

1152 1462 1199 1483 tus
1210 1452 1269 1483 est:
1289 1463 1361 1494 quas
1369 1452 1441 1484 curn
1459 1452 1618 1484 addixiffet
1634 1454 1734 1484 eidem
1745 1454 1792 1484 illi
1802 1455 1938 1484 Docimo
1950 1473 1959 1488 ,
1974 1452 1991 1467 '¹‘
2002 1455 2061 1485 hoc
2070 1453 2114 1485 est

1152 1497 1241 1525 tritici
1261 1493 1403 1525 modium
1417 1498 1552 1537 quinque
1570 1496 1726 1530 millibus,
1748 1496 1781 1526 &
1795 1494 1989 1526 accessionem
2005 1496 2115 1527 adscri-

1151 1536 1249 1577 pfiffet
1261 1547 1314 1567 H-s
1329 1547 1390 1571 MD,
1405 1539 1504 1579 coe'git
1513 1537 1697 1578 Segestenses
1711 1537 1727 1568 a
1737 1540 1874 1568 Docimo
1892 1537 2041 1568 tantidem·
2058 1548 2121 1578 pu·-

1153 1579 1230 1609 blice
1240 1581 1379 1619 accipere.
1395 1580 1425 1609 id
1433 1580 1515 1621 quod
1527 1590 1565 1610 ex
1574 1578 1788 1621 Segestensium
1803 1579 1926 1619 publico
1937 1578 2116 1611 testimonio

1152 1621 1331 1663 cognoscite.
1344 1624 1450 1652 ReCita
1460 1621 1670 1652 testimonium
1679 1621 1847 1662 publicum.
1860 1624 2115 1653 ΤΕςτιΜοΝωΜ

1156 1673 1348 1694 PUBLICUM.
1372 1663 1506 1694 Audistis
1516 1683 1525 1697 ‚
1536 1666 1640 1705 quanti
1650 1663 1790 1694 decumas
1801 1665 1944 1703 acceperit
1954 1661 1970 1693 a
1979 1665 2117 1694 Docimo

1154 1708 1258 1736 civitas
1269 1725 1278 1739 ,
1289 1707 1379 1736 tritici
1391 1705 1535 1736 modium
1546 1708 1681 1747 quinque
1691 1705 1829 1735 millibus
1838 1725 1847 1739 ,
1865 1706 1897 1735 δε
1907 1704 2114 1736 accessionem.

1156 1749 1335 1789 Cognoscite
1354 1758 1435 1778 nunc
1454 1769 1462 1782 ,
1486 1750 1591 1788 quanti
1611 1748 1638 1777 se
1658 1745 1823 1777 vendidisse
1841 1748 1983 1777 retulerit.
2014 1750 2040 1777 L
2052 1751 2074 1778 E
2084 1749 2122 1779 X

1155 1790 1386 1820 DECUMIS
1409 1790 1721 1820 VENDUNDIS
1745 1791 1946 1820 c.VERRE
1970 1791 2028 1818 PR.
2045 1791 2116 1820 Hoc

1156 1833 1283 1862 nomine
1293 1831 1401 1861 videtis
1410 1833 1501 1861 tritici
1512 1830 1654 1862 modium
1673 1841 1729 1861 cro
1747 1840 1808 1860 cm
1827 1840 1887 1860 cm
1903 1830 1939 1860 de
1949 1833 2044 1871 capite
2056 1829 2116 1862 effe

1156 1916 1193 1946 de
1217 1915 1359 1954 sanguine
1383 1914 1552 1945 detraxisset
1573 1917 1666 1945 aerarii
1686 1935 1697 1949 ,
1718 1916 1831 1945 Tertiae
1843 1917 1948 1945 mimz
1959 1915 2116 1946 condona-

1154 1959 1209 1988 vit.
1234 1956 1347 1987 Utrum
1357 1956 1566 1997 impudentius
1576 1956 1591 1986 a
1600 1958 1687 1987 sociis
1695 1955 1816 1987 abstulit
1825 1958 1836 1985 ?
1845 1966 1884 1987 an
1893 1955 2010 1997 turpius
2017 1967 2117 1988 mere-

1155 2000 1220 2029 trici
1231 1998 1385 2029 dedit?an
1398 1998 1570 2039 improbius
1592 1999 1708 2039 populo
1726 2000 1767 2029 R.
1778 1998 1911 2028 ademit?
1927 2008 1966 2029 an
1974 1998 2116 2030 audacius

1156 2041 1268 2072 tabulas
1279 2041 1412 2081 publicas
1424 2043 1625 2072 commutavit
1639 2044 1650 2070 Ρ
1671 2044 1719 2071 Ex
1727 2041 1837 2070 horum
1851 2041 2002 2072 severitate
2015 2049 2043 2071 te
2054 2042 2117 2072 ulla

1155 2085 1202 2114 vis
1213 2103 1221 2117 ‚
1234 2093 1284 2114 aut
1292 2083 1353 2114 ulla
1362 2084 1481 2124 largitio
1490 2085 1615 2124 eripiet?
1629 2083 1678 2114 sed
1688 2081 1709 2112 si
1717 2084 1873 2122 eripueris>
1883 2092 1947 2112 non
1956 2083 2114 2124 intelligis,

1153 2167 1190 2198 ad
1200 2168 1347 2209 peculatus
1356 2168 1501 2205 judicium
1513 2168 1681 2206 pertinere?
1695 2168 1796 2207 Itaque
1804 2167 1862 2195 hoc
1871 2167 1949 2195 mihi
1959 2166 2120 2197 reservabo·

1154 2219 1248 2254 genus
1261 2211 1412 2249 integrum
1426 2218 1542 2238 totum:
1563 2208 1599 2238 ad
1612 2208 1714 2241 illam,
1731 2218 1820 2249 quam
1837 2207 1975 2241 institui,
1995 2209 2118 2240 causam,

1153 2253 1319 2283 immenti,
1338 2261 1370 2281 ac
1385 2250 1580 2280 decumarum
1595 2259 1732 2280 revertar.
1756 2251 1815 2290 Qi
1830 2248 1902 2279 curn
1913 2259 1999 2290 agros
2013 2252 2116 2281 maxi·

1154 2303 1223 2322 mos
1235 2313 1243 2326 ‚
1255 2302 1288 2322 ac
1294 2290 1487 2322 feraciffimos
1499 2311 1507 2325 ,
1518 2301 1569 2332 per
1577 2292 1720 2332 seipsum,
1732 2292 1790 2322 hoc
1801 2290 1852 2325 est,
1865 2301 1919 2332 per
1926 2294 2112 2332 Apronium,

1155 2337 1279 2364 Verrem
1289 2334 1426 2368 alterum,
1437 2333 1667 2374 depopularetur
1677 2344 1682 2362 :
1693 2333 1728 2364 ad
1739 2336 1872 2363 minores
1881 2335 2014 2364 civitates
2023 2334 2114 2364 habe-

1154 2376 1203 2406 bat
1213 2376 1288 2406 alios
1298 2396 1306 2409 ‚
1324 2385 1399 2416 quos
1411 2396 1418 2408 ‚
1434 2383 1574 2417 tanquam
1589 2386 1684 2409 canes,
1698 2377 1899 2409 immitteret,
1914 2385 2044 2416 nequam
2054 2377 2113 2406 ho-

1155 2419 1268 2451 mines,
1279 2418 1311 2447 8(
1321 2418 1477 2457 improbos
1489 2417 1615 2459 :quibus
1624 2426 1674 2447 aut
1681 2416 1883 2451 frumentum,
1895 2425 1945 2447 aut
1953 2419 2113 2458 pecuniam

1153 2459 1273 2499 publice
1283 2460 1407 2499 cogebat
1415 2459 1485 2489 dari.
1510 2463 1546 2489 A.
1557 2460 1714 2490 Valentius
1727 2458 1770 2489 est
1779 2461 1811 2488 in
1822 2459 1921 2490 Sicilia
1933 2480 1943 2493 ,
1958 2461 2111 2500 interpres:

1153 2511 1214 2542 quo
1232 2500 1286 2531 iste
1300 2503 1460 2541 interprete
1468 2511 1534 2531 non
1543 2501 1580 2532 ad
1596 2502 1731 2543 linguam
1743 2503 1876 2532 Graecam
1890 2521 1899 2535 ‚
1917 2501 1968 2532 sed
1978 2501 2014 2532 ad
2022 2501 2112 2535 furta,

1154 2544 1186 2573 ὅ(
1196 2542 1306 2585 flagitia
1314 2545 1358 2572 uti
1369 2543 1493 2574 solebat.
1515 2545 1562 2573 Fit
1572 2545 1716 2584 interpres
1725 2543 1776 2573 hic
1787 2564 1796 2576 ‚
1815 2544 1912 2573 homo
1921 2543 1996 2574 levis
2006 2563 2019 2578 ‚.
2027 2552 2115 2584 atque

1151 2595 1241 2626 egens
1252 2605 1260 2619 ‚
1281 2584 1402 2624 repente
1415 2584 1611 2615 decumanus·
1633 2587 1710 2616 emit
1720 2588 1780 2627 agri
1793 2583 1976 2624 Liparensis,
2000 2586 2114 2620 miseri,

1151 2637 1237 2668 atque
1255 2627 1351 2667 jejuni
1363 2647 1371 2660 ,
1393 2627 1533 2657 decumas
1550 2628 1638 2657 tritici
1659 2626 1826 2657 medimnis
1845 2636 1916 2656 loc.
1940 2627 2116 2667 Liparenses

1152 2678 1305 2699 vocantur.
1326 2667 1380 2708 ipsi
1389 2671 1519 2708 accipere
1530 2669 1669 2700 decumas
1680 2688 1689 2702 ‚
1701 2669 1900 2699 &numerare
1911 2669 2053 2699 Valentio
2061 2679 2116 2700 co-

1153 2720 1263 2751 guntur
1273 2711 1348 2740 lucri
1363 2720 1418 2740 ies
1432 2720 1498 2740 xxx
1513 2711 1620 2741 millia.
1635 2713 1689 2741 Per
1697 2710 1980 2740 deosimmortaleis
1991 2719 2114 2744 ‚utrum

1153 2752 1207 2782 tibi
1226 2753 1324 2785 sumes
1336 2752 1371 2782 ad
1389 2750 1595 2783 defensionem
1615 2755 1626 2781 ?
1648 2761 1771 2782 tantone
1785 2753 1916 2782 minoris
1935 2759 1963 2782 te
1974 2752 2115 2783 decumas

1152 2792 1318 2824 vendidiss‘e
1329 2814 1337 2827 ‚
1363 2803 1395 2823 ut
1405 2793 1439 2823 ad
1451 2794 1608 2824 medimna
1624 2803 1683 2823 mc
1696 2815 1704 2828 ‚
1719 2803 1784 2824 xxx
1798 2794 1895 2823 millia
1907 2794 1980 2824 lucri
1991 2815 2000 2828 ,
2015 2793 2116 2825 statim

1155 2836 1201 2867 sua
1215 2836 1370 2867 voluntate
1387 2837 1492 2867 civitas
1505 2835 1644 2871 adderet,
1661 2837 1720 2867 hoc
1731 2834 1791 2871 est,
1811 2837 1903 2866 tritici
1917 2834 2115 2866 medimnum

1999 2888 2012 2908 1
2021 2888 2032 2907 ι
2045 2877 2120 2908 mil-

1187 2947 1215 2972 4.
1235 2944 1334 2973 'Propter
1343 2942 1459 2975 majorum
1465 2938 1680 2973 incommodorum]
1705 2938 1879 2967 Probavimus
1892 2939 2016 2967 Lambini
2027 2941 2119 2977 conje-

1154 2975 1270 3002 Cturam.
1294 2976 1374 3011 vulgo
1385 2979 1508 3002 malornm.
1527 2979 1664 3011 corrupte.

1193 3021 1218 3045 5.
1241 3016 1264 3038 A
1270 3014 1477 3045 populofaci'arum
1487 3014 1679 3046 quesitaswnquc
1689 3030 1697 3043 ‚
1707 3011 1774 3045 &1:ss
1788 3011 1957 3039 Hotomanus
1968 3013 1997 3038 Sc
2006 3012 2118 3040 Lambi-

148 3047 204 3073 dum
212 3047 309 3072 videtur
319 3049 343 3081 ἒ]
356 3049 396 3074 Ita
407 3047 550 3074 Lambinus
564 3067 571 3078 ‚
584 3047 625 3074 {ed
636 3059 668 3075 cx
683 3049 750 3075 libi-0
761 3050 873 3077 Naunii.
895 3049 967 3085 prius
980 3047 1043 3080 cusi,
1055 3048 1120 3074 modi>
1158 3057 1205 3074 nus
1217 3048 1274 3074 heic
1284 3048 1307 3074 se
1318 3047 1435 3084 praebent
1445 3047 1580 3089 satageos5
1603 3057 1654 3073 non
1672 3046 1823 3074 necerim-io.
1844 3051 1889 3073 Res
1900 3049 1973 3081 sabb
1990 3048 2005 3074 ἢ
2018 3051 2100 3083 pupulo
2110 3068 2120 3081 ,

142 3083 365 3119 ferendumfflerhm
374 3085 445 3110 eriam
455 3085 691 3110 animadvertendum
700 3085 808 3111 vitietur.

149 3152 168 3182 δ
188 3127 201 3155 3
210 3139 224 3159 ·.
233 3120 313 3184 *rigiano
316 3119 483 3160 sentradmt]
497 3119 564 3148 Alia:
574 3119 634 3148 edd.
646 3120 808 3155 tradidiqstd
815 3121 934 3150 nostrum
943 3120 979 3150 est
988 3120 1016 3150 in
1028 3129 1114 3149 mem·

170 3163 242 3184 tanis
283 3164 369 3184 annu.

1136 3109 1138 3138 1
1159 3092 1240 3147 Ξιιὲωι
1250 3084 1309 3112 sunt
1321 3104 1329 3118 ‚
1349 3093 1435 3121 neque
1445 3093 1516 3113 cmm
1526 3090 1620 3121 ignota
1629 3082 1766 3118 formula,
1786 3093 1833 3111 rem
1844 3085 1946 3120 facerej
1966 3094 2013 3112 rem
2024 3087 2122 3120 factm

1136 3140 1142 3189 ι
1177 3129 1192 3147 (1
1207 3129 1255 3150 Ere·

2059 3171 2127 3222 „2”-

1155 1873 1255 1904 demta
1266 1894 1274 1906 ‚
1285 1883 1350 1914 quae
1359 1873 1430 1904 cum
1440 1872 1472 1902 de
1478 1873 1578 1915 populi
1587 1876 1623 1902 R.
1632 1872 1716 1902 visin
1728 1893 1739 1905 ,
1749 1872 1785 1902 de
1794 1871 1990 1914 veetigalium
2000 1875 2114 1907 nervis,
2161 1904 2164 1907 Δ

1155 2127 1218 2156 haec
1228 2145 1236 2159 ,
1247 2135 1311 2166 quae
1320 2125 1502 2165 jamdudum
1513 2126 1639 2165 loquor,
1654 2124 1689 2155 ad
1697 2125 1786 2154 aliam
1796 2123 1995 2164 quaestionem
2006 2144 2015 2157 ,
2027 2134 2116 2166 atque
2160 2136 2164 2139 ·

2136 242 2180 276 35
