2302 3353
590 129 684 161 DE

102 198 321 244 pollicet-ensur-
335 196 443 228 :L‘ocus
460 199 561 224 autem
572 211 580 226 ‚
607 191 729 233 &regio
740 187 819 231 quasi
829 189 949 220 ridiculi
970 188 1061 229 (nam

100 243 133 275 id
143 240 283 284 proxime
294 236 454 280 quaeritur)
465 233 650 274 turpitudine
659 253 667 266 ‚
687 234 719 263 ὅ(
729 230 922 262 deformitate
932 231 1061 272 quadam

101 285 290 315 continetur.⁴
310 280 372 310 haec
381 280 466 308 enim
476 277 612 308 ridentur
621 275 669 305 vel
680 274 741 305 sola
749 294 758 307 ,
769 273 965 303 veli-maxime
976 291 985 305 ‚
997 279 1063 312 quae

103 333 209 358 notant
217 345 224 357 ‚
245 323 280 352 &
286 320 436 362 designant
453 317 674 359 turpitudinem
692 316 824 357 aliquam
843 325 909 344 non
930 316 1062 354 turpiter.

102 366 153 399 Est
169 374 267 396 autem
277 383 286 397 ,
297 372 338 394 *ut
348 362 384 393 ad
394 361 470 392 illud
483 361 604 391 tertium
623 359 745 388 veniam
756 378 764 391 ‚
785 356 828 387 est
837 356 924 397 plane
937 357 1063 386 oratoris

101 417 222 439 movere
241 406 338 436 risum
349 416 354 433 1
374 404 424 437 vel
434 401 516 444 quod
526 403 587 443 ipsa
596 401 726 431 hilaritas
736 399 978 430 benivolentiam
988 407 1063 427 con-

98 449 181 481 ciliat
198 449 245 481 ei,
268 457 321 487 per
330 456 423 487 quern
433 446 558 475 excitata
569 442 610 474 est
624 454 629 472 :
647 443 696 473 vel
706 441 789 483 quod
799 440 984 471 admirantur
993 449 1063 469 om-

100 501 152 523 nes
166 499 293 520 acumen
304 498 367 519 uno
377 488 451 528 saepe
459 489 495 517 in
504 486 596 517 verbo
606 483 737 525 positum
749 504 757 518 ‚
782 483 917 514 maxime
938 482 1061 522 respon*

100 532 197 563 dentis
209 552 216 565 ,
237 540 457 580 nonnunquam
475 530 566 559 etiam
586 525 751 558 lacessentis
763 537 768 555 2
785 525 834 555 vel
853 523 936 565 quod
955 523 1065 564 frangit

100 574 299 605 adversarium
309 593 318 606 ‚
340 571 422 613 quod
434 571 563 612 impedit
574 590 582 603 ‚
594 567 678 611 quod
689 569 785 598 elevat
795 588 804 601 ,
823 567 905 607 quod
916 566 1043 597 deterret
1055 585 1062 597 ‚

103 615 185 658 quod
195 614 321 653 refutat:
341 614 391 644 vel
401 612 483 655 quod
495 613 594 653 ipsum
606 620 753 642 oratorem
765 609 912 650 „politum
930 606 987 637 effe
1008 608 1064 637 ho-

102 654 375 699 -minemfignificat
385 670 395 690 ‚¹
406 654 653 696 quoderuditum
665 673 673 686 ,
685 651 768 693 quod
779 651 928 681 urbanum
937 670 945 683 ,
967 650 1065 679 maxi-

104 709 214 741 meque
224 698 307 740 quod
318 697 487 731 tristitiam‚‘
504 707 537 728 ac
547 697 727 726 severitatem
741 694 858 733 mitigat
868 712 876 725 ‚
891 692 923 722 ὃς
934 691 1062 724 relaxat,

104 741 281 781 odiosasque
291 750 335 771 res
345 741 420 780 saepe
431 759 439 773 ‚
459 749 529 780 quas
541 737 724 778 argumentis
736 734 812 765 dilui
824 744 889 764 non
901 733 987 764 facile
999 732 1042 763 est
1053 753 1061 766 ‚

100 784 173 824 joco
185 804 192 817 ‚
212 783 331 823 risuque
350 780 494 812 dissolvit.
510 782 679 819 .Qatenus
692 786 794 807 autem
805 774 862 806 sint
872 775 998 807 ridicula
1009 783 1065 805 tra-

105 823 213 856 &anda
221 825 329 854 oratori
341 845 349 857 ,
361 822 502 864 perquam
513 821 673 862 diligenter
683 818 853 849 videndum
864 817 906 848 cst
917 838 926 850 ‚
942 817 972 847 id
983 815 1064 858 quod

103 868 140 897 in
150 876 253 908 quarto
264 867 330 896 loco
341 863 493 906 quaerendi
502 863 710 903 posueramus.
722 871 793 891 nam
804 871 859 890 nec
870 858 992 901 insignis
1006 861 1066 888 im-

103 910 235 950 probitas
245 929 254 942 ,
266 908 299 938 &
309 904 528 946 scelerevjunfiba
537 925 545 939 ,
568 914 622 934 nec
632 903 730 934 rursus
741 903 861 933 miseria
870 900 994 943 insignis
1006 903 1067 943 agi-

104 959 163 981 tata
182 950 300 980 ridetur.
317 948 486 988 facinorosos
500 947 618 987 majore:
631 945 760 986 quadam
769 947 801 975 vi
813 965 821 978 ‚
834 944 924 984 quam
935 944 1065 977 ridiculi,

101 992 254 1022 vulnerari
263 990 372 1020 volunt
384 1000 390 1018 z
411 989 539 1019 miseros
550 987 638 1018 illudi
649 988 761 1018 nolunt
772 1007 780 1019 ‚
799 986 855 1017 nisi
865 985 886 1015 fi
895 986 923 1016 se
934 984 1012 1015 forte
1021 986 1065 1025 ja-

104 1031 193 1064 &anu
217 1031 403 1063 Parcendum
422 1030 464 1062 est
480 1039 581 1061 autem
601 1028 739 1059 maxime
750 1030 862 1059 caritati
879 1029 1045 1058 hominum
1057 1047 1064 1061 ,

41 1077 87 1112 59
103 1076 141 1106 ne
151 1074 264 1104 temere
275 1075 311 1103 in
319 1083 370 1103 eos
380 1073 477 1106 dicas,
496 1074 550 1114 qui
565 1072 743 1113 diliguntur.
777 1073 853 1101 Haec
870 1072 961 1112 igitur
980 1069 1067 1100 adhi-

109 1116 205 1148 benda
215 1115 256 1146 est
265 1113 401 1156 primum
411 1117 445 1145 in
450 1114 583 1154 jocando
594 1112 770 1144 moderatio.
793 1115 892 1153 itaque
910 1123 943 1142 ea
957 1111 1066 1142 facilli-

105 1158 155 1189 me
166 1157 310 1188 luduntur
319 1178 327 1190 ‚
339 1168 405 1198 quae
416 1167 512 1198 neque
522 1156 594 1187 odio
606 1165 717 1197 magno
727 1177 735 1188 ,
753 1165 850 1196 neque
859 1154 1066 1184 misericordia

105 1202 241 1231 maxima
258 1200 347 1241 digna
364 1200 441 1230 sunt.
464 1199 673 1241 Qamobrem
691 1199 829 1227 materies
840 1199 943 1227 omnis
954 1196 1066 1226 ridicu-

104 1243 206 1273 lorum
223 1241 267 1272 est
285 1240 391 1272 inistis
400 1243 483 1272 vitiis
492 1261 500 1274 ‚
521 1251 586 1282 quae
600 1241 667 1271 sunt
678 1241 710 1269 in
720 1241 782 1269 vita
791 1240 956 1269 hominum
967 1248 1065 1279 neque

102 1294 239 1316 carorum
252 1305 260 1317 ,
273 1294 370 1325 neque
379 1284 625 1314 calamitosorum
636 1302 644 1316 ,
655 1291 752 1322 neque
762 1291 868 1311 eorum
882 1301 889 1314 ,
908 1283 962 1322 qui
971 1280 1011 1310 ob
1023 1280 1066 1310 sa-

104 1329 191 1357 cinus
207 1326 242 1356 ad
253 1326 433 1365 supplicium
446 1324 578 1364 rapiendi
589 1324 732 1354 videntur
744 1334 749 1352 z
769 1333 859 1364 eaque
870 1323 947 1353 belle
959 1324 1064 1363 agitata

104 1367 250 1399 ridentur.
273 1367 325 1399 Est
333 1370 422 1397 etiam
433 1367 620 1406 deformitatis
630 1386 638 1400 ‚
651 1366 684 1396 &
693 1368 826 1406 corporis
837 1367 986 1395 vitiorum
998 1365 1064 1395 fatis

105 1410 184 1440 bella
193 1411 329 1440 materies
340 1409 375 1439 ad
386 1409 558 1447 jocandum.
582 1408 638 1439 Sed
648 1410 812 1449 quaerimus
821 1407 905 1437 idem
917 1428 925 1441 ‚
935 1406 1017 1448 quod
1030 1408 1063 1436 in

103 1453 207 1483 ceteris
224 1451 312 1481 rebus
330 1452 464 1482 maxime
476 1450 673 1492 quaerendum
684 1449 726 1480 est
738 1470 746 1484 ,
767 1459 922 1490 quatenus.
955 1452 992 1479 In
1004 1458 1065 1489 quo

105 1503 170 1524 non
188 1491 283 1523 modo
301 1493 378 1523 illud
395 1496 581 1533 praecipitur,
601 1493 714 1534 nequid
727 1492 840 1522 insulse
852 1512 860 1525 ‚
882 1491 1032 1521 sedetiam
1045 1489 1064 1520 si

103 1535 176 1578 quid
185 1535 364 1576 perridicule
372 1533 461 1575 possis
471 1555 479 1570 ,
493 1535 651 1566 vitandum
662 1534 704 1564 est
713 1536 822 1564 oratori
834 1543 994 1574 utrumque
1005 1553 1013 1567 2
1027 1543 1064 1563 ne

103 1586 155 1608 aut
164 1577 293 1608 scurrilis
301 1579 389 1617 J'ocus
401 1575 434 1608 fit
443 1597 451 1612 ,
469 1587 519 1608 aut
529 1579 684 1607 mimicus.
710 1579 784 1618 Qjae
798 1576 970 1615 cujusmodi
987 1574 1044 1605 {int
1055 1595 1063 1608 ,

104 1617 222 1650 facilius
228 1619 292 1658 jam
303 1619 509 1661 intelligemus
517 1640 526 1654 ‚
545 1618 618 1650 cum
628 1619 664 1649 ad
676 1619 736 1659 ipsa
744 1618 944 1648 ridiculorum
960 1628 1067 1658 genera

103 1663 287 1692 venerimus.
308 1664 381 1691 Duo
391 1663 475 1692 enim
487 1663 555 1692 sunt
563 1671 671 1703 genera
680 1662 853 1691 facetiarum
865 1670 1012 1701 :quorum
1023 1660 1065 1690 al-

104 1712 205 1734 terum
215 1713 245 1733 re
255 1702 401 1738 uastatur,
413 1704 538 1734 alterum
549 1703 642 1734 dieto.
666 1705 713 1733 Re
725 1723 733 1736 ,
746 1701 766 1732 fi
776 1702 896 1744 quando
904 1702 990 1743 quid.
1002 1712 1066 1733 tan-

104 1755 194 1787 quam
204 1745 300 1786 aliqua
309 1745 416 1776 fabella
427 1766 435 1780 ,
448 1755 580 1776 narratur
589 1766 598 1780 ‚
612 1754 644 1776 ut
652 1746 730 1775 olim
741 1755 782 1779 tu,
796 1743 903 1778 Crass'e,
920 1748 952 1775 in
964 1747 1066 1774 Mem-

105 1789 206 1817 mium
217 1808 225 1821 ,
237 1786 399 1818 comedisse
409 1798 480 1818 eum
491 1789 633 1819 lacertum
644 1789 743 1829 Largii
755 1807 762 1820 ,
784 1785 856 1817 cum
867 1785 939 1817 efl'et
947 1797 1018 1817 cum
1029 1798 1066 1817 eo

104 1831 272 1860 Tarracinae
282 1829 318 1859 de
327 1830 453 1859 amicula
462 1831 800 1864 rixatus.salsa,attamen
809 1829 825 1859 a
836 1826 930 1870 teipso
944 1828 1012 1859 ficta
1020 1839 1066 1859 to—

103 1879 132 1902 ta
142 1873 247 1901 oratio.
259 1871 398 1902 addidisti
411 1873 584 1906 clausulam5
600 1881 659 1902 tota
670 1872 909 1904 Tarracina‚tum
921 1872 1066 1901 omnibus

102 1914 137 1943 in
153 1913 313 1952 parietibus
331 1914 486 1954 inscriptas
499 1913 584 1944 fuiss'e
595 1914 705 1944 litteras
718 1934 726 1947 ,
747 1915 801 1943 tria
811 1915 900 1943 LLL·
912 1913 973 1943 duo
984 1916 1064 1944 MM.

105 1954 187 1984 cum
196 1964 341 1994 quaereres
350 1955 381 1985 id
392 1975 400 1989 ‚
412 1956 485 1996 quid
497 1954 566 1986 efl'et
577 1976 586 1989 ‚
600 1956 703 1986 senem
713 1955 768 1985 tibi
778 1955 929 1995 quendam
942 1956 1065 1995 oppida-

105 2005 182 2026 num
203 1994 310 2026 dixiffe
321 2016 329 2030 ,
349 1998 468 2027 Lacerat
477 1998 619 2027 lacertum
630 1999 730 2037 Largii
746 1996 873 2026 mordax
882 1999 1062 2027 Memmius.

103 2038 289 2077 Perspicitis,
311 2039 370 2068 hoc
386 2048 480 2080 genus
499 2037 589 2079 quam
601 2037 774 2069 sitfacetum
786 2058 794 2071 ‚
814 2037 905 2079 quam
926 2039 1044 2080 elegans
1056 2058 1064 2072 ,

104 2078 197 2120 quam
207 2081 368 2109 oratorium
379 2101 386 2114 ‚
411 2079 470 2110 sive
489 2080 597 2111 habeas
613 2080 682 2110 vere
696 2100 703 2114 ‚
723 2080 806 2120 quod
826 2090 939 2110 narrare
956 2079 1044 2120 poffis
1057 2101 1065 2114 ‚

105 2121 189 2162 quod
199 2130 301 2151 tamen
310 2121 353 2151 est
363 2121 621 2152 mendaciunculis
631 2121 876 2163 adspergendum²
892 2120 948 2151 five
961 2121 1063 2164 fingas.

104 2161 157 2193 Est
166 2172 265 2193 autem
284 2164 347 2193 haec
357 2164 445 2203 hujus
466 2166 582 2205 generis
601 2166 694 2194 virtus
705 2183 713 2196 ‚
735 2172 767 2193 ut
783 2165 823 2193 ita
837 2163 916 2193 faeta
934 2164 1065 2193 demon—

106 2203 176 2235 stres
186 2225 195 2239 ‚
216 2213 249 2234 ut
259 2215 360 2235 mores
372 2207 435 2245 ejus
447 2226 455 2238 ‚
476 2205 511 2236 de
524 2216 585 2246 quo
597 2215 695 2236 narres
706 2225 714 2238 ‚
734 2213 768 2235 ut
781 2205 879 2235 sermo
892 2225 899 2239 ‚
922 2214 954 2235 ut
963 2206 1065 2236 vultus

103 2256 213 2277 omnes
222 2249 429 2287 exprimantur
439 2267 448 2280 ,
461 2257 495 2278 ut
505 2249 541 2278 iis
551 2267 559 2281 ‚
570 2248 623 2289 qui
632 2247 759 2278 audiunt
769 2267 777 2281 ‚
787 2255 854 2277 tum
866 2249 927 2289 geri
938 2247 1000 2281 illa,
1013 2247 1066 2278 fie-

104 2291 187 2330 rique
197 2288 367 2319 videantur.
387 2292 424 2319 In
433 2299 463 2319 re
473 2288 516 2320 est
526 2292 599 2319 item
610 2290 785 2323 ridiculum,
798 2290 880 2330 quod
892 2299 929 2319 ex
938 2289 1064 2330 quadam

104 2330 260 2401 depravata
268 2332 439 2361 imitatione
450 2332 528 2362 sumi
539 2332 629 2365 solet,
642 2341 674 2361 ut
683 2331 766 2361 idern
778 2329 892 2361 Crassus
905 2352 912 2365 ‚
927 2339 973 2372 per
983 2340 1066 2361 tuam

103 2383 137 2401 no
158 2371 298 2406 iurarem,
314 2381 363 2415 per
373 2372 656 2413 vestramfamiliam.
680 2373 762 2414 Qd
773 2373 852 2403 aliud
864 2373 922 2404 fuit
932 2393 939 2407 ‚
960 2376 994 2404 in
1004 2385 1064 2415 quo

104 2416 212 2444 concio
229 2414 356 2449 rideret,
376 2414 432 2445 nisi
442 2416 493 2446 illa
502 2415 601 2445 vultus
613 2416 740 2446 &vocis
757 2416 908 2446 imitatio?
928 2419 979 2446 Per
1001 2424 1064 2445 ruas

98 2455 209 2492 statuas
217 2454 288 2486 vero
300 2455 371 2487 cum
382 2457 470 2492 dixit,
484 2458 516 2487 &
526 2467 651 2487 extento
662 2458 782 2487 brachio
791 2458 962 2497 paullulum
973 2461 1063 2488 etiam

106 2497 143 2527 de
152 2497 234 2539 gestu
243 2498 375 2532 addidit,
396 2498 608 2529 vehementius
618 2498 747 2530 risimus.
778 2502 826 2529 Ex
837 2502 895 2531 hoc
904 2511 1011 2541 genere
1022 2500 1064 2531 est

103 2539 155 2570 illa
164 2540 310 2570 Rosciana
319 2542 448 2571 imitatio
459 2542 536 2571 senis
545 2562 553 2575 ,

124 2579 189 2610 Tibi
198 2591 253 2622 ego,
263 2583 408 2624 Antipho,
420 2584 541 2623 hassi’ro,
554 2586 662 2625 inquit.
681 2584 792 2624 finium
803 2583 856 2619 eff,
870 2583 934 2614 calm
945 2584 1042 2614 audio.

104 2626 200 2664 Atque
210 2626 250 2653 ita
258 2623 301 2654 est
309 2633 408 2655 totum
419 2626 476 2654 hoc
487 2626 550 2665 ipso
559 2637 666 2668 genere
676 2627 840 2657 ridiculum
852 2647 860 2660 ‚
882 2636 914 2657 ut
933 2625 1062 2657 cautiffl-

105 2668 155 2695 me
172 2665 357 2696 tractandum
376 2665 418 2696 sit.
444 2669 616 2698 Mimorum
635 2668 678 2699 est
692 2670 776 2699 enim
788 2670 1000 2710 ethologorum
1013 2689 1021 2702 ,
1044 2666 1064 2698 si

105 2708 201 2737 nimia
210 2706 252 2737 est
262 2709 390 2738 imitatio
401 2729 410 2743 ‚
429 2707 502 2739 sicut
512 2710 694 2741 obscaenitas.
722 2720 820 2741 orator
830 2712 963 2750 surripiat
973 2721 1063 2751 opor—>

106 2756 148 2778 tet
157 2750 357 2780 imitationem
369 2771 377 2783 ‚
398 2759 430 2780 ut
440 2753 464 2780 is
476 2771 484 2785 ,
495 2754 548 2792 qui
557 2753 654 2783 audiat
663 2773 671 2787 ‚
686 2754 789 2794 cogitet
798 2754 881 2793 plura
892 2773 901 2787 ,
916 2753 1006 2794 quam
1017 2754 1064 2782 vi-

105 2789 186 2821 deat:
205 2790 318 2831 praestet
327 2792 409 2824 idem
419 2795 636 2835 ingenuitatem
650 2816 658 2828 ,
681 2795 713 2825 &
724 2795 865 2825 ruborem
876 2796 964 2825 suum
976 2815 984 2828 ,
996 2804 1063 2824 ver-

49 2832 94 2867 60
106 2831 214 2862 borum
233 2834 418 2873 turpitudine
429 2855 438 2868 ‚
464 2836 605 2866 &rerum
617 2837 805 2867 obscaenitate
822 2837 950 2868 vitanda.
985 2840 1023 2867 Er

1045 2847 1062 2866 o

106 2874 166 2905 haec
176 2874 236 2905 duo
246 2886 352 2916 genera
362 2877 429 2907 sunt
444 2878 507 2918 ejus
523 2878 643 2909 ridiculi
655 2900 663 2912 ‚
683 2879 765 2920 quod
775 2882 808 2909 in
818 2890 847 2909 re
859 2878 988 2919 positum
1001 2847 1044 2909 eigs
1057 2890 1061 2907 ;

106 2926 171 2956 quae
181 2917 246 2947 sunt
257 2920 374 2958 propria
380 2928 590 2959 perpetuarum
598 2921 820 2955 facetiarum‚in
830 2922 940 2963 quibus
952 2922 1062 2951 descri-

105 2957 215 2989 buntur
224 2960 389 2990 hominum
399 2971 498 2992 mores
509 2982 518 2997 ‚
530 2963 563 2993 &
573 2965 613 2994 ita
622 2962 807 3004 effinguntur
815 2984 824 2998 ‚
839 2973 870 2995 ut
879 2973 939 2998 aut,
953 2974 983 2994 re
993 2974 1061 2994 nar-

763 113 1205 160 oasam-*01³2

1286 112 1328 158 L
1360 126 1382 161 1*
1416 125 1454 157 Β.
1506 111 1566 156 ΙῙ.
1980 131 2063 179 103

1103 197 1169 221 rata
1178 188 1217 225 ali
1239 198 1277 220 ua
1287 208 1295 223 ,
1306 187 1407 229 quales
1417 187 1485 219 sunt
1495 207 1503 222 ,
1516 186 1738 229 intelligantur:
1754 196 1814 223 aut,
1826 190 1997 221 imitatione
2007 190 2075 222 bre-

1108 233 1140 261 vi
1151 232 1192 269 inj
1197 241 1212 260 e
1232 232 1261 261 ta
1271 251 1280 265 ‚
1300 232 1334 267 in
1343 230 1445 272 ali‘quo
1455 228 1563 272 insigni
1572 229 1607 260 ad
1618 230 1807 261 irridendum
1825 233 1901 262 vitio
1922 234 2073 273 reperian-

1108 281 1165 302 tur.
1189 275 1226 304 In
1235 271 1309 302 dieto
1319 281 1418 303 autem
1429 272 1593 303 ridiculum
1603 271 1646 302 est
1655 293 1664 306 ,
1677 272 1707 303 id
1717 292 1724 306 ,
1743 273 1825 313 quod
1836 274 1932 307 verbi,
1945 284 1994 304 aut
2004 276 2071 305 sen-

1108 315 1209 344 tentiae
1218 314 1354 354 quodam
1366 317 1505 351 acumine
1523 323 1667 344 movetur
1676 335 1686 349 ‚
1705 314 1755 345 sed
1767 324 1798 344 ut
1810 317 1842 345 in
1853 315 1910 345 illo
1923 317 2074 356 superiore

1107 365 1214 394 genere
1224 356 1272 385 vel
1282 359 1458 386 narrationis
1470 377 1477 390 ‚
1488 357 1538 386 vel
1548 358 1729 396 imitationis
1739 377 1748 391 ‚
1768 357 1890 387 vitanda
1899 357 1942 388 est
1952 361 2028 388 mim
2034 369 2070 388 o-

1108 405 1176 425 rum
1188 397 1402 438 ethologorum
1419 397 1602 428 similitudo:
1622 397 1703 429 sicin
1712 400 1790 433 hoc,
1811 399 1941 430 scurrilis
1960 401 2071 437 oratori

1108 436 1245 483 dicacitas
1256 448 1435 478 magnopere
1446 439 1588 481 fugienda
1598 439 1651 471 est.
1675 439 1737 482 Qi
1749 443 1840 481 igitur
1850 441 2072 483 distinguemus

1109 478 1124 509 a
1135 477 1234 509 Crasso
1245 498 1253 512 ‚
1266 479 1281 509 a
1293 482 1407 513 Catulo,
1426 482 1440 510 a
1449 484 1552 512 ceteris
1562 481 1743 513 familiarem
1753 482 1897 517 vestrum,
1910 486 2069 515 Granium.

1109 530 1158 551 aut
1168 521 1339 561 Vargulam,
1352 524 1485 552 amicum
1497 533 1600 553 meum
1612 527 1622 553 ?
1633 534 1696 554 non
1707 525 1879 555 mehercule
1889 529 1923 555 in
1933 535 2073 557 mentem

1110 564 1189 593 mihi
1207 562 1333 604 quidem
1352 565 1453 593 venit:
1473 564 1540 594 sunt
1555 567 1640 596 enim
1658 566 1773 597 dicaces
1786 578 1790 596 :
1814 570 1928 598 Granio
1944 568 2072 609 quidem

1109 614 1204 635 nemo
1213 605 1360 635 dicacior:
1381 608 1450 640 Hoc
1460 625 1468 638 ‚
1487 608 1613 645 opinor,
1627 608 1762 646 primum
1775 628 1783 642 ‚
1796 619 1834 639 ne
1845 630 1853 643 ‚
1865 610 2071 651 quotiescum-

1108 657 1165 688 que
1176 649 1307 688 potuerit
1316 646 1434 677 <licitum
1446 646 1506 676 dici
1517 667 1525 681 ‚
1545 648 1658 678 necesse
1674 650 1835 681 habeamus
1846 651 1953 682 dicere.
1977 650 2072 682 Pusil-

1110 690 1155 719 lus
1167 689 1249 719 testis
1261 687 1405 729 proceffit.
1429 690 1531 721 Licet,
1545 690 1640 729 inqiut
1653 712 1660 723 ,
1672 702 1766 731 rogare
1778 713 1785 726 ,
1798 694 1953 734 Philippus
1964 696 1974 723 ?
1985 697 2070 724 Tum

1109 730 1247 772 quaesitor
1255 741 1414 771 properans
1427 751 1435 765 ,
1448 730 1535 760 Modb
1546 729 1677 760 breviter.
1698 733 1758 764 Hic
1768 735 1830 768 ille,
1843 738 1907 764 Non
1917 734 2066 775 accufizbzs.

1103 773 1282 816 perpusillum
1300 772 1411 813 rogabo.
1436 772 1591 803 Ridicule.
1622 774 1678 804 Sed
1700 775 1815 806 sedebat
1826 777 1922 816 judex
1933 780 1968 808 L.
1981 780 2073 808 Auri—

1108 815 1160 846 fex
1170 835 1179 849 ‚
1192 816 1312 847 brevior
1322 817 1424 849 etiam,
1437 814 1528 856 quam
1540 815 1600 854 ipse
1613 814 1704 845 testis.
1728 820 1831 847 omnis
1842 818 1885 848 est
1894 820 1968 849 risus
1980 821 2071 859 inju-

1110 857 1209 888 dicem
1221 858 1394 888 conversus.
1406 858 1507 891 visum
1518 857 1559 887 est
1571 866 1669 887 totum
1680 858 1969 898 scurrilejudicium.
1991 864 2069 902 Ergo

1110 901 1173 930 haec
1183 920 1192 933 ‚
1203 899 1381 941 quaezcadere
1391 897 1514 940 possunt
1524 901 1556 928 in
1567 909 1643 940 quos
1654 901 1734 930 nolis
1744 920 1752 933 ‚
1765 905 1902 941 quamvis
1915 901 1969 933 sint
1980 903 2070 936 bella.

1110 943 1179 973 sunt
1197 952 1299 972 tamen
1316 942 1382 981 ipso
1397 952 1502 982 genere
1514 942 1661 972 scurrilia:
1683 951 1715 971 ut
1725 941 1796 976 iste,
1817 945 1869 983 qui
1880 944 1908 973 sc
1917 945 1982 974 vult
1992 945 2071 975 dica-

1109 995 1175 1014 cem
1187 1004 1195 1018 ‚
1210 985 1242 1014 &
1253 985 1426 1013 mehercule
1436 982 1478 1013 est
1488 1004 1496 1017 ,
1517 985 1631 1023 Appius
1643 983 1713 1019 ‚sed
1724 994 1959 1026 nonnumquam
1971 988 2003 1015 in
2014 987 2073 1016 hoc

1102 1028 1221 1057 vitium
1240 1026 1359 1056 scurriLe
1379 1025 1548 1062 delabitur„
1569 1024 1675 1054 Cenabo
1687 1046 1695 1059 ‚
1708 1027 1808 1067 inquit
1818 1046 1826 1061 ,
1845 1027 1921 1067 apud
1933 1037 1961 1057 te
1975 1048 1983 1060 ,
2003 1029 2073 1064 huic

1101 1069 1192 1099 lusco
1204 1088 1213 1102 ,
1234 1068 1375 1102 familiari
1386 1077 1457 1097 meo
1466 1087 1476 1102 2
1498 1070 1528 1097 C.
1543 1070 1655 1104 Sextio.
1681 1070 1733 1098 uni
1744 1070 1829 1098 enirn
1840 1069 1943 1099 locum
1955 1068 2012 1099 effe
2024 1080 2071 1099 vi-

1111 1111 1180 1141 deo.
1214 1109 1265 1140 Est
1274 1111 1332 1140 ho'c
1342 1110 1463 1139 scurrile
1476 1130 1484 1143 ‚
1506 1110 1538 1140 &
1549 1109 1631 1151 quod
1642 1108 1701 1139 sine
1711 1111 1797 1141 causa
1807 1109 1948 1141 laceffivit
1960 1122 1965 1140 :
1986 1111 2019 1141 &
2031 1121 2076 1142 ta-

1111 1163 1184 1182 men
1195 1152 1226 1182 id
1237 1152 1317 1182 dixit
1327 1172 1335 1186 ‚
1345 1151 1428 1192 quod
1439 1153 1471 1181 in
1481 1154 1601 1182 omneis
1613 1153 1708 1182 luscos
1719 1155 1908 1183 conveniret.
1933 1156 1973 1184 Ea
1983 1173 1991 1187 ‚
2003 1155 2072 1194 quia

1111 1194 1253 1225 meditata
1268 1203 1412 1234 putantur
1430 1192 1488 1224 ess'e
1499 1214 1506 1228 ‚
1528 1192 1632 1224 minus
1652 1194 1797 1224 ridentur.
1820 1195 1899 1225 Illud
1918 1198 2072 1236 egregium

1109 1239 1223 1271 Sextii,
1237 1236 1269 1268 δε
1279 1246 1317 1266 ex
1327 1245 1462 1276 tempore
1474 1256 1482 1270 ‚
1503 1237 1612 1266 Manus
1622 1237 1686 1266 lava
1696 1256 1704 1270 ‚
1716 1238 1817 1277 inquit
1826 1237 1859 1267 ὃ(
1868 1247 1950 1267 cena.
1975 1240 2073 1268 Tem-

1101 1281 1291 1320 porisigitur
1300 1280 1375 1308 ratio
1385 1298 1393 1311 ‚
1415 1277 1546 1318 &ipsius
1558 1278 1720 1308 dicacitatis
1738 1279 1907 1309 moderatio
1918 1300 1927 1313 ‚
1950 1280 1982 1309 &
1992 1288 2071 1317 tem>

1107 1330 1240 1362 perantia
1250 1322 1282 1351 &
1292 1322 1392 1351 raritas
1402 1319 1555 1350 diEtorum
1567 1341 1575 1354 ,
1597 1319 1761 1361 distinguet
1772 1330 1922 1352 oratorem
1930 1320 1947 1351 a
1956 1322 2068 1352 scurra:

1109 1365 1152 1397 ὃς,
1164 1363 1246 1405 quod
1255 1373 1311 1393 nos
1321 1373 1392 1393 cum
1403 1362 1486 1392 causa
1497 1362 1637 1396 dicimus,
1651 1372 1717 1392 non
1727 1371 1760 1393 ut
1769 1362 1889 1393 ridiculi
1899 1363 2068 1397 videamur,

1108 1406 1157 1437 sed
1169 1404 1403 1446 utproficiamus
1413 1404 1526 1446 aliquid
1538 1426 1545 1438 ,
1566 1405 1612 1434 illi
1623 1414 1723 1434 toturn
1734 1404 1814 1435 diem
1827 1426 1835 1439 ‚
1857 1405 1890 1435 &
1900 1403 1961 1435 fine
1978 1406 2072 1436 causa.

1109 1448 1191 1490 Qid
1210 1450 1295 1478 enim
1315 1446 1357 1477 est
1376 1447 1502 1488 Vargula
1522 1446 1666 1477 assecutus
1684 1466 1693 1481 ‚
1713 1445 1786 1477 cum
1807 1457 1879 1477 eum
1898 1446 2073 1477 candidatus

1109 1492 1346 1530 A.Sempronius
1355 1499 1426 1519 cum
1438 1492 1541 1519 Marco
1551 1490 1604 1519 suo
1614 1487 1700 1519 fratre
1710 1489 1889 1529 complexus
1899 1487 1991 1519 esset?
2001 1490 2074 1518 Puer

1106 1532 1188 1573 abige
1197 1533 1316 1572 muscas.
1343 1532 1452 1561 Risum
1463 1530 1598 1572 quaesivit
1609 1551 1617 1564 ,
1628 1532 1680 1572 qui
1691 1530 1734 1561 est
1744 1552 1752 1564 ‚
1767 1541 1835 1561 mea
1846 1532 1992 1562 sententia
2004 1551 2011 1565 ,
2023 1531 2071 1561 vel

1107 1573 1296 1605 tenuiffimus
1307 1575 1424 1614 ingenii
1432 1572 1558 1603 fruEtus.
1590 1576 1728 1613 Tempus
1738 1574 1828 1615 igitur
1838 1573 1959 1604 dicendi
1971 1594 1980 1608 ,
2000 1583 2072 1614 pru-

1107 1616 1208 1647 dentia
1219 1637 1226 1650 ‚
1248 1616 1281 1646 ὃς
1290 1617 1430 1658 gravitate
1441 1615 1670 1646 moderabimur
1682 1626 1687 1645 :
1711 1625 1837 1656 quarum
1848 1617 1966 1646 utinam
1976 1625 2070 1646 artem

1107 1660 1239 1700 aliquam
1258 1659 1454 1688 haberemus:
1471 1657 1521 1688 sed
1533 1657 1659 1688 domina
1668 1666 1769 1688 natura
1781 1656 1832 1688 est.
1863 1659 1957 1688 Nunc
1976 1667 2071 1698 expo·
2091 1660 2112 1693 6
2121 1669 2133 1693 χ

1107 1712 1215 1731 namus
1233 1710 1341 1743 genera
1359 1700 1420 1740 ipsa
1436 1700 1614 1730 summatim
1624 1720 1632 1733 ‚
1650 1709 1716 1740 quae
1734 1700 1829 1730 risum
1849 1699 1985 1730 maxime
2003 1710 2073 1730 mo·

1107 1751 1206 1774 veant.
1242 1745 1316 1773 Haec
1331 1744 1423 1783 igitur
1432 1740 1466 1772 sit
1475 1744 1572 1782 prima
1580 1743 1700 1782 partitio
1711 1761 1719 1776 ‚
1741 1742 1822 1783 quod
1833 1740 1927 1773 facete
1938 1741 2053 1772 dicatur
2062 1762 2071 1776 ‚

1108 1785 1139 1816 id
1148 1786 1218 1816 alias
1228 1787 1263 1815 in
1274 1795 1305 1815 re
1316 1785 1422 1815 habere
1432 1805 1440 1818 ,
1462 1783 1532 1815 alias
1550 1787 1583 1814 in
1600 1784 1692 1814 verbo
1707 1783 1826 1814 facetias
1839 1795 1843 1813 :
1863 1784 2001 1814 maxime
2019 1794 2072 1814 au—

1108 1837 1169 1858 tem
1180 1829 1322 1858 homines
1333 1825 1473 1857 dele&ari
1485 1847 1493 1860 ,
1520 1825 1541 1856 fi
1551 1826 1672 1867 quando
1682 1826 1756 1856 risus
1772 1825 1938 1866 conjuncte
1958 1837 1988 1856 re
2006 1836 2075 1856 ver—

1109 1871 1207 1911 boque
1219 1878 1385 1900 moveatur.
1410 1868 1466 1900 Sed
1476 1870 1534 1899 hoc
1546 1876 1733 1898 mementote
1744 1888 1752 1902 ‚
1772 1869 1977 1909 quoscumque
1988 1868 2072 1898 locos

1107 1912 1345 1953 attingam‚unde
1355 1910 1480 1941 ridicula
1489 1910 1645 1942 ducantur,
1654 1919 1691 1940 ex
1702 1909 1811 1941 iisdem
1821 1911 1895 1941 locis
1904 1909 1966 1940 fere
1978 1912 2071 1940 etiam

1108 1956 1222 1995 graveis
1232 1954 1392 1983 sententias
1404 1951 1487 1992 poss'e
1498 1952 1577 1982 duci.
1601 1961 1719 1982 tanturn
1729 1951 1851 1982 interest
1861 1971 1869 1986 ,
1882 1951 1965 1993 quod
1975 1954 2073 1993 gravi—

1109 2006 1149 2026 tas
1159 1995 1294 2025 honestis
1304 1997 1337 2024 in
1347 1994 1435 2024 rebus
1446 1994 1545 2024 severe
1557 2014 1565 2027 ‚
1579 1994 1665 2033 jocus
1676 1995 1709 2023 in
1721 1994 1877 2033 turpiculis
1888 1995 1921 2024 δε
1929 1992 2008 2034 quasi
2019 1993 2072 2024 de-

1108 2037 1258 2068 formibus
1275 2039 1418 2077 ponitur:
1438 2036 1520 2065 velut
1538 2037 1570 2065 in
1585 2035 1694 2065 iisdem
1704 2036 1803 2065 verbis
1815 2035 1975 2066 &laudare
1993 2034 2073 2077 frugi

1107 2080 1226 2110 servum
1236 2077 1392 2119 poffumus
1403 2098 1410 2111 ‚
1435 2078 1467 2109 &
1476 2098 1485 2111 ‚
1504 2076 1524 2107 fi
1535 2077 1578 2107 est
1588 2087 1718 2118 nequam
1731 2098 1739 2110 ‚
1756 2078 1859 2117 jocari.
1891 2077 2073 2107 Ridiculum

1107 2121 1150 2151 est
1159 2121 1235 2151 illud
1246 2122 1459 2151 Neronianum
1470 2129 1554 2149 vetus
1565 2122 1597 2148 in
1609 2118 1708 2149 furace
1720 2120 1804 2149 servo
1814 2140 1822 2154 ‚
1835 2118 1934 2149 Solum
1946 2118 1994 2156 ff'
2003 2139 2011 2152 ,
2022 2121 2073 2149 cui

1108 2163 1195 2193 domi
1206 2164 1285 2192 nihil
1296 2161 1329 2191 sit
1339 2172 1395 2192 nec
1404 2160 1593 2201 obsignatum
1606 2181 1614 2194 ‚
1638 2171 1693 2191 nec
1703 2161 1859 2191 occlusum
1872 2172 1877 2190 z
1897 2160 1979 2202 quod
1990 2160 2073 2191 idem

1108 2207 1140 2234 in
1151 2205 1235 2234 bono
1245 2205 1329 2234 servo
1340 2203 1399 2234 dici
1410 2204 1503 2234 solet:
1525 2203 1573 2234 sed
1593 2204 1649 2233 hoc
1660 2202 1767 2233 iisdem
1779 2206 1871 2233 etiarn
1883 2203 1991 2233 verbis.
2026 2206 2074 2233 Ex

1107 2246 1216 2277 iisdem
1226 2256 1325 2277 autem
1339 2246 1411 2276 locis
1423 2247 1529 2275 omnia
1540 2246 1706 2275 nascuntur.
1726 2247 1807 2275 Nam
1817 2245 1898 2286 quod
1909 2248 1957 2285 Sp.
1968 2247 2072 2275 Carvi—

1108 2290 1151 2319 lio
1162 2291 1289 2331 graviter
1298 2287 1478 2318 claudicanti
1489 2297 1526 2318 ex
1536 2288 1659 2317 vulnere
1671 2287 1711 2317 ob
1722 2288 1863 2328 rempub.
1875 2296 1996 2327 accepto
2008 2307 2016 2321 ,
2037 2288 2070 2318 &

1108 2331 1149 2361 ob
1161 2341 1227 2362 eam
1238 2331 1353 2361 causam
1365 2330 1578 2360 verecundanti
1597 2332 1629 2359 in
1640 2329 1800 2369 publicum
1819 2329 1937 2370 prodire
1949 2350 1957 2363 ‚
1979 2338 2074 2359 mater

1108 2373 1187 2403 dixit
1197 2394 1205 2406 ,
1225 2373 1308 2414 Qin
1315 2372 1404 2415 produ
1413 2392 1421 2405 ‚
1443 2374 1486 2401 mi
1497 2373 1583 2412 Spuri
1596 2374 1606 2400 ?
1625 2372 1873 2412 quotiescumque
1886 2371 2009 2412 gradum
2028 2370 2074 2401 fa-

1106 2418 1166 2446 cies
1176 2436 1184 2449 ,
1207 2424 1295 2445 toties
1307 2414 1362 2444 tibi
1374 2424 1491 2444 tuarum
1502 2417 1649 2444 virtutum
1659 2415 1760 2444 veniat
1770 2416 1802 2443 in
1822 2422 1957 2443 mentem
1970 2424 1975 2442 z
1995 2423 2072 2452 prae-

1105 2458 1220 2488 clarum
1233 2458 1265 2488 &
1275 2467 1360 2498 grave
1371 2456 1425 2487 est.
1444 2456 1533 2497 Qod
1545 2456 1671 2486 Calvino
1682 2456 1806 2485 Glaucia
1815 2455 2004 2488 claudicanti,
2018 2455 2071 2486 ubi

1106 2499 1149 2530 est
1159 2510 1244 2530 vetus
1255 2499 1331 2529 illud
1345 2510 1349 2528 z
1362 2501 1444 2527 Num
1454 2498 1596 2528 claudicat
1609 2502 1620 2526 ?
1632 2506 1659 2527 at
1667 2498 1718 2526 hic
1728 2497 1872 2527 clodicat·¹
1892 2498 1950 2526 hoc
1959 2497 2072 2527 ridicu—

1108 2543 1173 2572 lum
1184 2541 1226 2572 est
1238 2553 1244 2570 ;
1266 2541 1471 2581 &utrumque
1482 2550 1519 2570 ex
1530 2550 1567 2569 eo
1578 2559 1586 2573 ,
1607 2538 1688 2580 quod
1698 2541 1731 2568 in
1741 2538 1959 2569 claudicatione
1968 2541 2071 2569 anim-

1106 2584 1219 2614 adverti
1228 2586 1327 2624 potuit
1336 2603 1344 2617 2
1356 2582 1399 2612 est
1410 2581 1547 2612 (iustum.
1571 2580 1653 2621 Qd
1664 2582 1722 2611 hoc
1734 2583 1845 2611 Naevio
1856 2583 1992 2622 ignavius
2003 2584 2014 2609 Ρ
2025 2581 2070 2611 se-

1107 2626 1175 2656 vere
1187 2628 1296 2666 Scipio.
1330 2629 1368 2654 At
1378 2627 1409 2654 in
1423 2624 1502 2654 male
1513 2624 1647 2653 olentem
1658 2643 1666 2656 ‚
1691 2627 1699 2642 ¹
1715 2623 1798 2652 Video
1818 2633 1860 2652 me
1879 2625 1894 2653 a
1904 2631 1932 2652 te
1941 2625 2073 2653 circum-

1106 2670 1224 2701 veniri,
1246 2667 1429 2698 subridicule
1441 2666 1605 2705 Philippus.
1629 2668 1668 2694 At
1678 2674 1840 2707 utrumque
1858 2675 1953 2707 genus
1973 2667 2073 2695 conti-

1107 2720 1159 2740 net
1168 2710 1252 2740 verbi
1263 2710 1298 2740 ad
1309 2709 1437 2738 litteram
1448 2709 1601 2738 immutati
1612 2706 1791 2737 similitudo.
1813 2710 1860 2738 Ex
1869 2707 2011 2749 ambiguo
2021 2707 2069 2737 di-

1107 2752 1152 2782 <sta
1163 2773 1171 2786 ,
1181 2753 1229 2782 vel
1240 2749 1421 2793 argutiffima
1430 2758 1570 2790 putantur
1580 2769 1588 2783 2
1601 2749 1649 2779 sed
1660 2759 1725 2779 non
1735 2749 1851 2789 semper
1864 2751 1895 2779 in
1903 2750 1984 2789 joco,
1997 2750 2072 2789 saepe

1105 2797 1197 2824 etiam
1208 2796 1241 2824 in
1250 2795 1389 2834 gravitate
1399 2792 1564 2823 versantur.
1586 2790 1729 2821 Africano
1740 2791 1786 2821 illi
1797 2793 1914 2838 majori,
1926 2801 2072 2821 coronam

1106 2835 1160 2866 sibi
1179 2838 1212 2866 in
1231 2837 1375 2867 convivio
1388 2834 1423 2865 ad
1436 2843 1522 2874 caput
1540 2833 1783 2864 accommodanti
1796 2853 1804 2867 ,
1824 2843 1895 2863 curn
1915 2844 1948 2863 ea
1968 2833 2072 2874 saepius

1107 2888 1313 2919 rumperetur,
1326 2880 1359 2908 P.
1371 2878 1509 2907 Licinius
1521 2879 1615 2907 Varus
1624 2896 1632 2910 ,
1644 2876 1715 2905 Noli
1725 2876 1839 2909 mirari,
1851 2877 1962 2916 inquit,
1975 2874 1994 2904 si
2006 2885 2072 2905 non

1106 2923 1262 2951 convenit.
1286 2928 1371 2960 caput
1386 2921 1471 2949 enim
1492 2928 1639 2960 magnum
1658 2918 1711 2948 est.
1738 2917 1885 2948 laudabile
1895 2938 1903 2952 ‚
1926 2918 1958 2948 ὃς
1976 2919 2071 2947 hone—

1108 2963 1198 2993 stum.
1226 2966 1265 2993 At
1274 2972 1313 2992 ex
1323 2961 1431 2992 eodem
1441 2971 1549 3003 genere
1560 2960 1610 2991 est.
1636 2960 1739 2990 Calvus
1749 2961 1815 2991 satis
1825 2959 1885 2994 est,
1905 2960 1986 3001 quod
1998 2959 2072 2989 dicit

1952 3011 2070 3042 parum.

113 3049 2066 3065 W

145 3087 155 3104 ι
163 3099 168 3105 .
180 3082 251 3120 ’ἠλεο
260 3082 317 3123 mes?
328 3090 349 3108 te
358 3085 671 3121 circumenirI.]Expreffi
685 3085 755 3121 quod
766 3093 822 3112 erat
833 3087 859 3112 in
871 3086 938 3112 Pall.
950 3085 1060 3121 septem,
1082 3090 1085 3120 l
1106 3084 1139 3111 de
1151 3085 1195 3111 suo
1208 3105 1216 3117 ,
1227 3096 1271 3111 non
1281 3088 1402 3113 conveniri
1412 3086 1470 3122 ,fid
1478 3088 1662 3120 clrcumcniri5
1681 3083 1752 3123 quod
1763 3092 1851 3114 tamen
1860 3083 2015 3119 neutiquam
2025 3079 2074 3107 ἑλά-

107 3113 135 3139 &
145 3114 261 3144 editione
270 3128 365 3155 prima.
383 3130 443 3147 nam
454 3131 494 3157 pr.
505 3122 531 3147 δε
544 3121 593 3148 sec.
605 3122 662 3148 heic
670 3122 836 3155 deficiebant,
854 3123 892 3148 uti
904 3123 984 3148 etiam
996 3122 1063 3148 Gal·
1084 3123 1086 3153 ξ
1109 3122 1178 3150 milit
1188 3122 1336 3151 victorius.

106 3149 196 3186 benni,
206 3162 271 3190 quos
282 3154 413 3184 consulere
423 3156 521 3187 solebat
531 3158 693 3186 Gulielmius
705 3167 714 3192 5
724 3159 812 3196 postea
825 3159 928 3195 vulgati
939 3157 1064 3188 addidere
1085 3156 1090 3191 l

1944 3195 1970 3218 x.
1981 3179 2068 3216 Nueaess
