2337 3400
150 141 243 202 84³
542 135 617 183 M.
687 132 1054 180 TULL1<1

130 221 277 253 concioni
299 217 356 249 effe
376 217 526 246 dicuntur.
548 218 726 256 itaputaram
744 225 750 245 :
776 219 786 235 ¹
799 224 865 255 quae
874 212 999 255 quidem
1011 209 1094 242 illesi

129 263 308 304 repudiarit,
330 259 455 297 iacebit:
477 256 497 287 si
520 260 685 302 aeceperit?
707 266 808 287 utrum
830 258 921 296 igitur
936 275 944 289 ,
965 255 1095 295 inquies,

130 306 248 335 mavis?
272 299 504 339 responderem,
531 301 550 328 11
592 298 830 329 uemadmodum
845 294 1095 339 pararieffemus,

130 347 244 376 scirem.
259 341 398 374 Cassium,
411 349 470 371 erat
481 340 528 371 hic
537 351 573 371 au
599 343 685 374 itum,
697 341 857 381 expulsum
868 344 1005 371 Ancone,
1016 346 1099 367 earn·
1122 337 1123 360 l

130 397 188 427 que
212 385 318 415 urbem
339 384 354 413 a
378 382 468 413 nobis
481 385 585 413 teneri.
610 381 629 412 fi
641 383 757 412 bellum
768 381 906 412 futurum
921 379 964 411 est
976 400 985 414 ,
1005 389 1100 420 nego—

132 437 209 458 tium
222 426 309 456 utile.
334 427 380 455 Cae
387 425 480 455 sarem
491 424 614 466 quidem
628 445 636 458 ,
652 426 687 454 L.
699 423 811 454 Caesare
821 433 891 453 cum
903 422 1051 453 mandatis
1061 419 1098 450 de

133 479 201 510 pac<-
223 466 313 498 miffo
326 487 334 500 ‚
356 476 458 496 tamen
467 466 551 506 ajunt
561 467 703 496 acerrime
714 465 868 496 dele&um
879 465 986 495 habere
1000 484 1009 497 ,
1034 463 1100 493 loca

133 520 276 550 occupare
288 529 295 543 ,
312 512 326 529 ²
340 510 449 539 vinciri
460 506 614 548 praelidiis.
627 506 646 538 ὃ
659 508 814 548 perditum
828 507 998 537 latronem!
1018 504 1037 535 ὃ
1048 506 1102 534 vix

134 553 200 583 ullo
220 553 286 581 otio
311 549 566 590 compensandam
593 551 668 580 hanc
688 548 1028 589 Reip-turpitudinem!
1053 545 1103 576 sed
1126 556 1127 559 ¹

135 594 314 625 stomachari
325 591 496 623 desinamus
508 613 516 625 ,
529 592 647 633 tempori
657 600 816 633 pareamus,
827 601 898 622 curn
911 589 1059 630 Pompejo
1071 589 1104 617 in

137 636 315 676 Hispaniam
335 643 449 664 eamus.
485 637 497 661 3
510 635 572 664 haec
593 642 666 673 opto
685 635 717 663 in
735 634 842 668 malis3
859 634 1006 674 quoniam
1023 631 1106 660 illius

136 679 264 708 alterum
283 677 471 708 consulatum
481 675 498 705 a
511 678 587 716 Rep.
607 685 646 706 ne
655 675 720 706 data
729 675 853 717 quidem
866 672 1018 705 occasione
1029 693 1037 706 ‚
1061 682 1106 702 re-

138 720 285 760 pulimus.
308 718 364 749 Sed
375 720 438 747 haec
449 716 604 748 hadienus.
627 719 676 747 De
686 716 836 757 Dionysio
853 736 861 751 ,
881 715 957 757 fugit
968 725 1017 745 me
1030 714 1066 744 ad
1079 723 1106 743 rc

137 771 223 792 antea
233 760 358 791 scribere
370 770 375 789 :
395 758 444 790 sed
459 761 497 790 ita
506 758 648 790 constitui
661 772 669 793 ·,
689 758 857 800 exspedlmre
866 757 1003 798 responsa
1014 756 1108 787 Caesa-

139 806 182 834 ris
196 815 203 837 ·‚
222 812 272 836 ut,
297 801 318 831 si
341 801 375 831 ad
400 801 506 832 urbem
516 801 683 831 rediremus
693 821 702 834 ‚
724 802 767 831 ibi
777 810 834 832 nos
843 799 1043 841 exspeetare:;
1063 797 1106 826 sin

141 845 254 876 tardius
278 844 309 874 id
333 842 432 876 fieret,
454 851 521 873 tum
540 853 610 873 eum
620 841 839 873 arcefferemus.
864 846 882 869 4
892 843 1023 872 omnino
1035 838 1108 880 quid

142 888 195 918 ille
218 885 459 916 facere-debuerit
470 887 501 915 in
512 884 612 915 nostra
624 885 673 915 illa
685 884 754 926 fuga
763 904 772 918 ‚
793 884 866 925 quid
878 882 970 915 doc-sto
981 884 1108 913 homine

143 929 178 960 δε
191 930 290 959 amico
300 927 426 969 dignum
439 926 540 960 fuerit,
551 925 623 956 cum
632 927 796 966 praesertim
806 935 924 967 rogatus
933 923 1015 957 effer,
1033 924 1105 954 scio.

141 971 193 1002 sed
217 972 281 1001 haec
290 979 357 1000 non
369 971 463 999 nimis
473 971 600 1009 exquiro
611 968 757 999 aGraecis.
777 977 809 999 tu
820 978 920 999 tamen
933 966 1049 998 videbis
1061 986 1069 999 ‚
1086 963 1107 994 si

142 1015 219 1048 erit,
238 1011 321 1054 quod
333 1011 432 1042 nolim
445 1031 453 1044 ‚
465 1007 649 1040 arcessendus
661 1014 703 1045 ,Ἰ
718 1020 755 1040 ne
767 1009 885 1040 molesti
898 1008 988 1039 fimus
1000 1010 1107 1039 invito.

143 1056 279 1096 Qintus
294 1052 383 1083 frater
403 1052 515 1082 laborat
525 1071 533 1085 ‚
555 1061 588 1082 ut
605 1052 680 1086 tibi,
700 1052 781 1093 quod
803 1052 892 1082 debet
906 1071 914 1085 ,
935 1051 971 1081 ab
982 1050 1109 1091 Egnatio

143 1097 241 1127 solvat
254 1107 258 1125 :
270 1105 326 1125 nec
335 1096 461 1136 Egnatio
471 1094 612 1124 voluntas
622 1093 703 1124 deest
716 1104 787 1125 :nec
796 1103 901 1134 pamm
911 1093 1046 1132 locuples
1056 1089 1108 1121 est:

142 1138 194 1169 sed
209 1137 281 1168 cum
293 1137 347 1167 tale
363 1145 482 1176 tempus
493 1134 538 1169 sit,
552 1145 583 1166 ut
593 1138 784 1176 QTitinius
803 1135 960 1175 (multum
972 1135 1055 1163 enim
1068 1130 1110 1162 est

145 1180 307 1210 nobiscum
323 1179 333 1218 )
349 1180 493 1208 viaticum
512 1179 540 1208 se
558 1186 647 1218 neget
666 1178 792 1212 haberes
815 1178 955 1217 idemque
965 1175 1111 1205 debitori-
1130 1197 1132 1203 .

145 1222 202 1252 bus
220 1221 279 1252 suis
300 1219 506 1253 denuntiarit,
528 1228 562 1250 ut
577 1219 685 1250 eodem
695 1219 814 1250 foenore
823 1227 976 1249 uterentur
992 1228 1001 1250 ‚·
1023 1224 1110 1256 atque

146 1264 206 1293 hoc
225 1262 307 1293 idem
325 1264 416 1292 etiam
427 1263 462 1291 L.
477 1263 568 1303 Ligus
579 1260 680 1291 fecisse
690 1261 804 1291 dicatur
816 1281 823 1294 2
843 1270 897 1290 nec
908 1261 965 1290 hoc
974 1266 1110 1298 tempore

147 1314 197 1335 aut
206 1304 292 1334 domi
304 1313 451 1334 nummos
461 1305 595 1345 Qintus
605 1303 719 1337 habeat,
731 1312 781 1333 aut
790 1304 910 1343 exigere
924 1302 960 1331 ab
969 1301 1111 1342 Egnatio,

148 1356 200 1378 aut
211 1346 359 1377 versuram
370 1346 493 1386 usquam
504 1344 600 1375 facere
610 1343 696 1384 poffit
707 1357 714 1379 ;
724 1347 859 1377 miratur,
869 1353 897 1373 te
907 1353 970 1374 non
981 1340 1112 1372 habuisse

149 1390 302 1419 rationem
319 1389 408 1428 hujus
423 1386 550 1429 plublicae
566 1386 750 1427 difficultatis.
770 1397 827 1428 ego
837 1395 936 1417 autem
950 1396 954 1414 z
973 1382 1023 1414 etsi
1035 1383 1112 1414 illud

149 1425 398 1475 ψώῶισῖδῖὲίον
421 1436 481 1475 (ita
491 1437 576 1475 enirn
587 1437 724 1476 putatur)
744 1436 871 1466 observo
881 1454 890 1469 ,
903 1420 988 1471 *unffi
1002 1421 1114 1464 όὟκᾶιθ,

147 1479 315 1519 praesertim
336 1481 369 1508 in
391 1487 439 1512 te,
458 1477 474 1508 a
490 1488 552 1519 quo
573 1478 651 1508 nihil
670 1487 815 1519 umquam
839 1476 903 1507 vidi
914 1474 1027 1506 temere
1038 1473 1112 1508 fieri3

150 1530 254 1552 tamen
270 1521 354 1551 illius
363 1520 482 1561 querela
496 1519 649 1551 movebar.
669 1521 747 1554 hoc,
766 1518 915 1561 quidquid
925 1516 986 1552 est,
1007 1525 1035 1547 te
1044 1517 1116 1548 scire

151 1563 252 1593 volui.

395 1605 544 1634 CICER
559 1605 585 1633 Ο
605 1605 822 1637 ATTICO,
841 1605 869 1633 S.

257 1648 335 1676 Imr.
354 1645 448 1675 habeo
464 1665 472 1678 ,
491 1644 575 1686 quod
593 1645 627 1675 ad
637 1654 664 1675 te
679 1645 815 1675 scribam.
836 1643 852 1664 ⁶
862 1645 938 1685 quin
948 1644 1039 1674 etiam
1053 1642 1117 1681 epi*

258 1687 364 1717 stolam
378 1707 387 1720 ‚
408 1697 498 1727 quam
515 1696 597 1717 eram
625 1686 832 1719 elucubratus,
854 1686 890 1717 ad
912 1694 940 1715 te
958 1694 1022 1715 non
1033 1683 1114 1714 dedi.

155 1738 216 1758 erat
226 1731 309 1759 enim
320 1729 408 1768 plena
417 1729 477 1768 spei
488 1729 576 1758 bonae
590 1739 598 1762 3
618 1727 702 1769 quod
713 1728 746 1758 &
755 1729 914 1759 concionis
925 1727 1114 1757 voluntatem

157 1770 320 1803 audieram,
334 1770 367 1800 &
380 1770 468 1799 illum
478 1768 681 1799 conditionibus
693 1771 780 1800 usum
791 1769 943 1810 putabam,
955 1767 1117 1808 praesertim

156 1813 228 1843 suis.
240 1822 307 1843 ecce
318 1811 374 1842 tibi
385 1816 416 1841 71
426 1821 437 1841 1
446 1811 630 1841 .NON.Febr.
641 1810 731 1842 mane
743 1813 841 1852 accepi
852 1811 962 1841 litteras
973 1809 1121 1842 tuas,Phi-

155 1854 258 1884 lotimi
271 1875 279 1887 ‚
302 1855 406 1884 Furnii
418 1872 426 1887 ‚
438 1854 581 1883 Curionis
590 1853 625 1883 ad
635 1854 783 1883 Furnium
795 1872 804 1886 ,
824 1852 934 1893 quibus
944 1847 959 1870 ⁸
969 1851 1072 1881 irridet
1080 1852 1117 1880 L.

156 1896 277 1926 Caesaris
294 1896 487 1937 legationem.
503 1894 592 1934 plane
611 1893 737 1935 oppreffi
757 1893 898 1924 videmur
919 1904 926 1922 ε
946 1903 1020 1926 nec,
1047 1891 1119 1933 quid

157 1936 277 1968 consilii
295 1939 432 1977 capiam,
458 1936 537 1967 scio:
559 1946 616 1966 nec
634 1937 804 1966 mehercule
824 1936 860 1966 de
879 1945 929 1965 me
940 1935 1065 1968 labor03
1084 1933 1121 1964 de

157 1981 259 2019 pueris
277 1979 350 2020 quid
363 1988 446 2020 agam
459 1998 469 2012 ‚
488 1988 554 2010 non
564 1978 668 2008 habeo.
694 1981 824 2018 Capuam
837 1987 940 2008 tamen
952 1975 1121 2017 proficisce-

154 2022 208 2052 bar
224 2022 288 2052 haec
305 2021 457 2056 scribens,
481 2030 544 2062 quo
560 2019 679 2051 facilius
698 2020 735 2051 de
749 2019 986 2061 Pompejirebus
994 2017 1122 2059 cognos-

157 2073 270 2094 cerem.

396 2115 588 2145 CICERO
611 2116 835 2148 ATTICO,
858 2116 887 2145 S.

232 2163 535 2202 REVILOQJENTEM
555 2162 619 2201 jam
640 2172 690 2192 me
710 2170 830 2202 tempus
849 2161 947 2203 ipsum
968 2160 1050 2192 facit.
1072 2169 1123 2201 pa-

233 2213 299 2232 cem
318 2205 403 2233 enirn
422 2203 595 2243 desperavi:
618 2203 736 2234 bellum
754 2203 849 2234 nostri
859 2204 979 2234 nullum
990 2203 1125 2233 admini-

161 2243 262 2275 strant.
280 2254 352 2274 cave
370 2247 454 2274 enim
473 2254 577 2285 putes,
597 2245 761 2286 quidquam
776 2244 833 2276 effe
845 2247 974 2276 minoris
985 2247 1030 2275 his
1042 2247 1124 2275 Con-

163 2286 279 2316 sulibus
292 2290 323 2314 :9
336 2296 465 2327 quorum
478 2297 547 2327 ergo
558 2307 567 2320 ,
588 2288 636 2328 spe
645 2287 788 2318 audiendi
801 2288 914 2329 aliquid
925 2307 933 2321 ,
954 2287 1125 2328 &cognos-

160 2327 251 2358 cendi
262 2327 356 2358 nostri
366 2337 517 2368 apparatus
527 2348 535 2362 ‚
548 2330 686 2359 maximo
697 2328 788 2359 imbri
804 2332 935 2369 Capuam
947 2331 1017 2360 veni
1027 2328 1124 2369 pridie

161 2371 290 2403 Nonas,
308 2378 341 2400 ut
350 2368 543 2409 eramjuffus.
566 2371 724 2401 illiautem
734 2371 876 2401 nondum
888 2380 1030 2401 venerant
1043 2390 1051 2404 ‚
1073 2371 1124 2400 sed

162 2420 245 2441 erant
267 2413 404 2445 venturi,
429 2413 554 2444 inanes,
576 2412 721 2451 imparati.
746 2414 854 2443 Cnaeus
873 2421 973 2442 autem
993 2413 1126 2442 Luceriae

160 2452 315 2483 dicebatur
324 2452 381 2483 esse
391 2473 400 2487 ‚
413 2454 445 2484 δε
454 2453 533 2484 adire
545 2454 695 2484 coliorteis
715 2455 745 2472 ¹⁰
755 2454 911 2495 legionum
923 2455 1124 2487 Attianarum‚

163 2503 230 2526 non
247 2493 498 2526 firmiffimarum.
522 2505 550 2526 at
559 2495 649 2526 iilum
660 2505 745 2526 ruere
754 2498 914 2530 nuntiant,
935 2495 1037 2535 &jam
1046 2475 1142 2535 jam-l

207 2620 231 2637 r.
250 2613 305 2645 Qae
313 2613 405 2647 quidem
414 2615 449 2638 ille
458 2614 475 2644 fi
484 2613 616 2646 repudiarit
628 2633 635 2644 ‚
643 2615 735 2647 jacebit
738 2614 762 2647 fi
768 2616 883 2646 acceperit
894 2614 927 2648 ἲ]
949 2615 1031 2640 Hunc
1041 2614 1127 2641 locum

166 2646 200 2672 fic
215 2650 329 2675 restituit
339 2648 473 2675 Vic'iorius
485 2659 516 2675 cx
529 2650 680 2684 antiquiore
690 2649 736 2675 suo
749 2658 757 2680 3
772 2657 801 2675 ut
811 2658 871 2686 pro,
884 2650 982 2682 iambi«,
993 2650 1063 2686 quod
1074 2658 1131 2677 erat

167 2691 245 2744 auttea
257 2684 533 2725 ,reposuerit-jacebit,
544 2686 611 2722 post,
621 2688 747 2720 acceperit,
757 2685 976 2722 interrogationis
987 2695 1076 2714 notam
1087 2696 1133 2723 ap-

173 2728 206 2753 po
221 2729 299 2747 uerit.

197 2764 235 2796 ἰ.
254 2757 486 2791 macirIpraefidiis]
510 2758 570 2784 Hoc
581 2758 616 2785 est
627 2758 653 2784 in
665 2759 738 2784 Deeu
744 2764 777 2785 rt.
791 2757 908 2785 Crusell.
919 2757 1038 2786 Tornaes.
1050 2758 1131 2795 vulgo

171 2794 281 2824 vincirffi·
300 2794 327 2818 ὃς
338 2802 414 2825 mox,
424 2794 435 2818 ό
445 2797 492 2819 vix
501 2796 544 2820 ullo
551 2797 606 2826 otio,
621 2803 680 2820 cum
691 2793 757 2821 defit
767 2795 778 2820 ὂ
789 2794 814 2821 in
830 2795 919 2831 vulgg.

210 2834 236 2866 3:
256 2831 305 2853 Haec
313 2836 360 2868 opto
369 2832 396 2855 in
405 2830 499 2864 malin]
521 2830 610 2856 Multo
621 2829 746 2857 libentius
757 2831 854 2866 legerit
865 2830 979 2867 Lipsius,
994 2831 1048 2857 haec
1060 2831 1131 2867 opti-

173 2870 251 2901 ma‘m
264 2864 337 2889 malis
350 2874 356 2893 3
369 2875 413 2900 qui
425 2865 575 2892 consulatur
586 2865 633 2892 lib.
647 2875 681 2893 rt.
698 2866 800 2893 Vax-iar.
812 2866 875 2893 lest.
886 2877 943 2903 cap.
958 2876 1000 2901 15.
1012 2869 1132 2894 Grutero

172 2897 326 2937 mulcebatur
337 2899 380 2925 sub
392 2902 470 2927 manu¹
481 2911 489 2931 ς
507 2905 558 2927 Hac
566 2905 633 2934 opilo,
644 2902 780 2938 quomodo
789 2903 948 2931 Ammianus
958 2903 1131 2931 Marcellinus

175 2933 222 2959 lib.
236 2936 437 2970 xx·11.cap.28.
456 2918 518 2963 ulin
527 2940 595 2964 malu
603 2940 712 2971 optabile.

211 2976 238 3001 4.
259 2973 354 2995 Omnino
364 2973 422 3005 quod
430 2973 492 3006 iae]
513 2973 625 3001 Videtur
637 2974 769 3001 Lambino
779 2974 920 3011 legendum
934 2995 942 3008 ‚
952 2978 1046 3008 Omitto,
1057 2976 1094 3003 ita
1103 2983 1133 3003 ut

177 3005 246 3046 POst!
260 3013 359 3046 rogatur
366 3008 417 3040 effer
429 3027 435 3038 ,
445 3007 566 3035 deleatur
577 3029 585 3041 ,
598 3012 664 3044 scio‚·
684 3011 908 3047 quemadmodum
919 3012 946 3039 in
956 3011 1073 3039 editione
1084 3013 1131 3039 Vi-

170 3040 296 3068 ›eron-nna
307 3044 432 3084 nulquqm
443 3052 559 3078 apparet.
581 3045 622 3072 scd
642 3047 691 3073 lioe
704 3055 796 3075 contra
808 3047 865 3074 mss.
875 3047 954 3074 fidem
967 3067 976 3079 ,
995 3058 1043 3075 nec
1052 3048 1132 3076 etiam

172 3077 259 3113 potest
268 3077 349 3104 abesse
360 3077 454 3113 ubique
466 3087 560 3113 magno
570 3080 704 3109 sententirc
715 3083 898 3115 incommodo,
910 3092 939 3110 ut
949 3085 986 3111 ait
996 3084 1097 3111 Bofius.

188 3148 194 3153 μ
212 3122 238 3146 ς,
257 3117 301 3149 Q
311 3116 469 3147 molestifimm
477 3117 581 3149 muita]
603 3119 673 3144 Cum
686 3126 774 3146 vetere
794 3119 838 3145 suo
848 3119 908 3146 cod.
919 3120 952 3146 fic
963 3120 1030 3158 legit
1040 3120 1134 3151 Visio-

170 3157 243 3176 rius:
257 3157 333 3176 antea
343 3149 492 3185 legebatur,
505 3160 536 3176 nc
548 3151 577 3177 sit
589 3153 791 3186 moststiffinms,
803 3155 966 3191 iuvitulque.

203 3186 231 3214 6.
248 3186 384 3220 Qinctiam
395 3186 537 3222 epistolam]
562 3187 642 3223 Vulg.
653 3192 784 3223 quinetiam
793 3200 843 3219 eam
853 3193 978 3227 epistotam.
1110 3183 1145 3203 ἢ

1123 129 1661 178 Cice-nonrs

1121 213 1123 252 ζ
1141 221 1200 253 que
1210 208 1316 244 adeffe,
1327 219 1391 240 non
1401 219 1433 240 ut
1441 219 1567 242 manum
1576 212 1709 244 conserat
1721 233 1730 247 ,
1747 211 1891 256 (quicum
1903 208 2011 242 enirn?
2028 209 2100 251 )sed

1121 276 1122 295 1
1141 270 1174 292 ut
1184 259 1283 301 fugam
1295 258 1480 290 intercludat.
1492 270 1548 301 ego
1557 269 1656 291 autern
1666 261 1790 292 ithalia
1800 255 1829 300 a}
1846 252 2101 288 σιωοιπτθοινέῖνς

1143 312 1198 333 nec
1215 311 1244 333 te
1266 301 1296 331 id
1320 300 1457 330 consulo.
1475 299 1519 331 fin
1537 311 1622 333 extra
1639 322 1649 336 ‚
1667 303 1740 344 quid
1759 295 1834 344 ago?
1855 301 1890 333 ad
1913 300 2103 332 manendum

1144 346 1242 375 hiems
1255 363 1263 377 ‚
1276 341 1409 375 lietores,
1420 343 1584 383 improvidi
1596 344 1629 374 &
1641 345 1825 386 negligentes
1835 344 1926 374 duces
1936 355 1944 377 ς.
1956 343 1991 373 ad
2001 341 2104 383 fugam

1144 388 1278 417 hortatur
1289 385 1421 414 amicitia
1432 385 1527 418 Cnaei,
1538 385 1622 415 causa
1632 385 1796 416 bonorum:
1810 385 1964 424 turpitudo
1973 386 2041 423 conj
2046 393 2104 414 un-

1145 427 1235 469 gendi
1245 436 1315 457 cum
1326 432 1461 467 tyranno:
1473 429 1524 466 qui
1535 425 1659 467 quidem
1671 427 1821 457 incertum
1832 427 1874 457 est
1884 446 1893 460 ,
1905 427 2103 460 Phalarimne,

1146 480 1183 500 an
1203 467 1383 500 Pisistratum
1403 466 1625 498 fitimitaturus.
1650 471 1722 499 Haec
1733 469 1826 498 velim
1837 469 1986 508 explices,
2008 468 2041 498 δε
2055 477 2105 497 me

1144 513 1233 552 juves
1254 507 1397 540 consilio.
1418 507 1469 539 etsi
1481 518 1510 539 te
1532 509 1629 550 ipsum
1644 509 1710 540 istic
1729 513 1754 530 ¹¹
1768 510 1831 549 jam
1845 510 1938 539 calere
1951 518 2034 550 puto.
2057 507 2106 539 sed

1149 562 1247 584 tamen
1267 549 1417 592 quantum
1429 553 1549 591 poteris.
1571 561 1627 592 ego
1638 550 1657 580 si
1668 551 1740 592 quid
1753 550 1801 582 hic
1811 551 1900 580 hodie
1910 553 1984 581 novi
1993 560 2108 591 cogno-

1150 605 1196 629 ro,
1210 595 1291 624 scies.
1308 593 1370 632 jam
1380 595 1465 622 enim
1475 592 1602 623 aderunt
1613 593 1759 624 Consules
1768 592 1804 623 ad
1814 593 1878 623 suas
1889 594 2004 622 Nonas.
2025 595 2109 622 Tuas

1149 635 1285 678 quotidie
1304 635 1414 665 litteras
1432 634 1621 674 exspefhbo.
1644 634 1680 665 ad
1703 636 1755 665 has
1764 643 1863 664 autem
1874 653 1882 668 ‚
1906 643 1974 664 cum
1985 636 2106 674 poteris,

1149 677 1301 710 rescribes.
1325 676 1471 707 Mulieres
1482 677 1515 707 &
1529 679 1690 707 Cicerones
1699 678 1731 706 in
1740 676 1905 706 Formiano
1916 675 2032 716 reliqui.

1386 720 1579 749 CICERO
1601 720 1820 751 ATTICO,
1842 719 1869 747 S.

1153 761 1270 838 DE
1284 761 1373 791 malis
1381 759 1490 791 nostris
1501 769 1533 791 tu
1543 762 1624 800 prius
1635 759 1733 793 audis,
1742 759 1832 801 qu‘am
1844 767 1909 799 ego.
1926 756 2013 788 istinc
2022 759 2107 789 enim

1246 811 1395 834 emanant.
1418 802 1493 833 boni
1504 812 1604 832 autem
1616 804 1688 832 hinc
1697 801 1780 843 quod
1794 799 1957 839 exspectes,
1971 800 2047 830 nihil
2057 799 2109 830 est.

1152 850 1180 866 ¹2
1196 847 1273 877 Veni
1285 847 1416 885 Capuam
1435 844 1471 874 ad
1491 847 1598 874 Nonas
1611 844 1696 874 Febr.
1708 846 1749 874 ita
1759 841 1943 882 utjuss'erant
1952 841 2107 872 Consules.

1152 898 1188 918 eo
1207 887 1259 917 die
1280 887 1432 918 Lentulus
1448 887 1535 916 venit
1544 885 1608 916 sero
1620 896 1626 915 :
1638 886 1710 916 alter
1719 884 1974 916 Consulomnino
1983 893 2109 914 nonve·

1151 939 1233 960 nera:
1257 939 1325 960 vu.
1338 928 1419 959 Idus.
1439 938 1476 958 eo
1486 929 1571 958 enim
1584 927 1634 958 die
1644 937 1700 969 ego
1712 930 1809 967 Capua
1819 924 1931 956 discesii
1942 946 1951 959 ‚
1971 925 2004 955 &
2014 922 2109 955 mansi

1152 971 1283 1002 Calibus.
1307 970 1378 1001 inde
1397 971 1448 1000 has
1470 971 1581 1000 litteras
1594 969 1738 1010 postridie
1747 969 1924 999 antelucem
1938 966 2016 997 dedi.
2034 968 2108 1001 haee,

1152 1017 1257 1053 Capuae
1269 1013 1342 1043 dum
1354 1011 1398 1042 fui
1409 1031 1417 1045 ,
1428 1013 1558 1052 cognovi
1569 1031 1578 1046 ‚
1592 1012 1669 1041 nihil
1681 1013 1713 1041 in
1721 1011 1914 1043 Consulibus,
1930 1009 2053 1039 nullum
2063 1009 2112 1040 us-

1150 1073 1243 1104 quam
1253 1061 1417 1092 deleEtum.
1434 1071 1489 1091 nec
1498 1062 1584 1090 enim
1592 1059 1808 1101 conquisitores
1820 1051 2113 1095 Φοανῡθῑξῠσωπὲἷν

1152 1104 1263 1135 audent
1275 1115 1282 1137 ·,
1296 1103 1368 1133 cum
1380 1102 1432 1132 ille
1441 1100 1513 1132 adsit
1522 1111 1645 1136 contra3
1662 1101 1733 1132 cum
1745 1100 1828 1137 noster
1836 1100 1896 1129 dux
1905 1100 2051 1140 nusquam
2065 1098 2109 1134 sit,

1154 1146 1232 1176 nihil
1251 1155 1329 1186 agat:
1352 1154 1408 1174 nec
1426 1146 1556 1173 nomina
1572 1143 1652 1173 dant.
1672 1142 1775 1173 deficit
1783 1144 1868 1173 enim
1880 1152 1943 1172 non
1956 1141 2110 1175 voluntas,

1154 1187 1202 1218 sed
1222 1187 1294 1226 spes.
1319 1189 1426 1216 Cnaeus
1447 1194 1548 1216 autern
1569 1184 1670 1215 noster
1691 1184 1804 1224 (orem
1815 1183 2000 1213 miseram&
2013 1184 2111 1214 incre-

1154 1228 1304 1267 dibilem)
1326 1237 1359 1258 ut
1368 1236 1449 1258 totus
1460 1228 1536 1267 jacet
1549 1229 1554 1256 !
1574 1236 1639 1257 non
1649 1228 1770 1256 animus
1779 1225 1839 1258 est,
1859 1234 1924 1254 non
1934 1223 2109 1258 confilium.

1152 1280 1216 1301 non
1227 1272 1322 1310 copiae
1333 1290 1341 1303 ,
1356 1279 1420 1299 non
1430 1268 1595 1310 diligentia.
1621 1272 1649 1296 ¹3
1663 1270 1780 1299 mittam
1794 1267 1845 1297 illa
1857 1286 1866 1300 ,
1878 1266 1985 1308 fugam
1993 1266 2030 1296 ab
2039 1265 2112 1296 urbe

1153 1310 1352 1353 turpiffimam
1361 1333 1370 1346 ‚
1387 1309 1589 1341 timidiffimas
1604 1312 1636 1341 in
1649 1310 1768 1351 oppidis
1780 1310 1946 1340 conciones
1959 1327 1968 1342 ,
1991 1310 2113 1349 ignora-

1154 1356 1271 1385 tionem
1286 1364 1349 1384 non
1364 1353 1462 1383 solum
1471 1352 1639 1385 adversarii,
1653 1353 1701 1383 sed
1715 1354 1806 1382 etiam
1816 1351 1934 1381 suarum
1943 1353 2111 1391 copiarum,

1154 1398 1213 1427 hoc
1226 1398 1273 1436 cuj
1279 1395 1398 1426 usmodi
1411 1394 1541 1425 est?vr1.
1558 1394 1602 1424 Id.
1616 1394 1699 1424 Febr.
1713 1397 1845 1434 Capuam
1860 1396 1894 1423 C.
1905 1390 2013 1423 caffius
2023 1392 2109 1423 Trib.

1153 1439 1193 1479 pl.
1206 1439 1300 1471 venit,
1310 1438 1409 1468 attulit
1419 1436 1556 1466 mandata
1567 1435 1808 1470 ad‘Consulesmt
1816 1437 1951 1465 Romam
1960 1435 2112 1469 venirent,

1155 1482 1313 1521 pecuniam
1325 1479 1362 1509 de
1371 1478 1515 1509 san&iore
1524 1480 1627 1508 aerario
1637 1475 1901 1510 auferrent‚statim
1912 1477 2029 1507 exirent
2039 1477 2112 1507 urbe

1154 1521 1267 1552 rencia.
1278 1521 1409 1554 redeant3
1421 1530 1483 1561 quo
1493 1518 1650 1560 praefidio?
1666 1519 1776 1549 deinde
1795 1526 1904 1548 exeant
1913 1529 1922 1552 3
1940 1519 2009 1559 quis
2025 1516 2112 1548 sinat?

1154 1564 1269 1595 Consul
1288 1565 1316 1593 ei
1326 1561 1470 1602 rescripsit
1481 1581 1490 1595 ,
1514 1571 1547 1592 ut
1556 1563 1639 1601 prius
1648 1561 1709 1601 ipse
1718 1571 1752 1591 in
1761 1562 1917 1590 Picenum.
1936 1568 1964 1590 at
1976 1558 2053 1590 illud
2064 1568 2112 1590 to-

1157 1615 1223 1636 turn
1245 1614 1306 1635 erat
1325 1602 1466 1634 amissum
1482 1603 1608 1634 :sciebat
1624 1612 1718 1633 nemo
1735 1623 1744 1637 ‚
1761 1610 1866 1642 praeter
1885 1611 1934 1632 me
1949 1610 1988 1632 ex
2006 1602 2114 1632 litteris

1157 1647 1335 1678 Dolabellae.
1359 1647 1437 1676 mihi
1456 1644 1585 1676 dubium
1605 1655 1670 1675 non
1679 1653 1756 1677 erat,
1778 1643 2114 1684 quinillejamiarnque

1157 1689 1236 1720 foret
1253 1692 1286 1719 in
1305 1688 1426 1728 Apulia.
1449 1690 1556 1718 Cnaeus
1574 1685 1676 1717 noster
1697 1687 1730 1716 in
1749 1687 1831 1716 navi.
1851 1694 1906 1726 ego
1923 1684 1997 1726 quid
2015 1694 2113 1725 agam,

1159 1733 1300 1774 σκὲμρζςι
1311 1745 1360 1766 ma
1382 1746 1456 1766 num
1469 1745 1585 1776 meque
1599 1734 1770 1765 mehercule
1783 1734 1860 1763 mihi
1868 1733 1993 1774 quidem
2003 1733 2115 1768 ullum,

1159 1778 1215 1810 nisi
1227 1778 1332 1810 omnia
1342 1788 1357 1807 e
1385 1777 1507 1808 enta&a
1518 1774 1681 1817 turpiffime
1693 1788 1703 1810 3
1726 1785 1824 1816 neque
1833 1785 1890 1817 ego
1899 1775 1990 1805 ullius
1998 1774 2118 1806 consilii

1158 1823 1312 1862 particeps.
1335 1818 1384 1849 sed
1407 1828 1508 1850 tamen
1520 1838 1528 1852 ‚
1548 1818 1630 1859 quod
1650 1827 1700 1847 me
1719 1817 1829 1848 deceat.
1848 1817 1909 1857 ipse
1920 1827 1970 1847 me
1980 1817 2071 1848 Caesar
2080 1817 2117 1849 ad

1157 1873 1261 1904 pacem
1273 1863 1414 1891 hortatur.
1438 1860 1487 1892 sed
1497 1862 1681 1900 antiquiores
1693 1860 1797 1890 litterae
1806 1878 1814 1893 ‚
1826 1859 1919 1899 quam
1930 1869 2006 1888 ruere
2014 1861 2115 1910 coepit.

1159 1904 1329 1937 Dolabella,
1341 1902 1468 1936 Coelius,
1480 1912 1529 1933 me
1538 1902 1585 1932 illi
1594 1901 1680 1932 valde
1690 1899 1864 1932 satisfacere.
1888 1902 1964 1931 mira
1974 1910 2025 1931 me
2034 1905 2125 1936 zm...

1159 1947 1226 1989 ejx
1251 1961 1378 1994 torquet.
1398 1953 1469 1993 juva
1489 1961 1540 1982 me
1549 1949 1677 1982 consilio
1691 1970 1700 1984 ,
1717 1948 1758 1984 fi,
1776 1959 1877 1991 potes:
1899 1950 2042 1982 &tamen
2052 1949 2118 1985 ista,

1160 2005 1309 2037 quantum
1319 2004 1404 2035 potes
1415 2015 1424 2028 ,
1442 1993 1577 2034 provide.
1595 1993 1674 2024 nihil
1683 1992 1780 2023 habeo
1788 2013 1798 2026 ,
1808 2002 1888 2024 tanta
1896 2002 1995 2024 rerum
2004 2001 2120 2034 pertur-

1160 2039 1293 2072 batione,
1302 2037 1384 2079 quod
1395 2036 1532 2067 scribam.
1552 2044 1616 2066 tuas
1624 2035 1735 2065 litteras
1747 2034 1899 2075 exspefiio.

1393 2080 1586 2110 CICERO
1608 2078 1833 2111 ATTICO,
1855 2080 1887 2109 S.

1240 2125 1338 2153 anm
1358 2122 1391 2152 in
1413 2121 1498 2152 Italia
1515 2119 1605 2150 video
1625 2118 1747 2149 nullum
1757 2117 1833 2161 effeh,
1854 2119 1906 2160 qui
1915 2128 1980 2149 non
1991 2119 2024 2149 in
2034 2117 2120 2148 istius

1239 2163 1384 2204 potestate
1402 2161 1442 2193 sit.
1469 2164 1517 2192 De
1537 2161 1756 2201 Pompeioscio
1765 2161 1862 2195 nihi13
1881 2170 2010 2201 eumque
2023 2158 2077 2189 nisi
2087 2162 2121 2191 in

1165 2208 1269 2236 navim
1291 2206 1319 2236 se
1337 2205 1520 2238 contulerit,
1540 2210 1685 2245 exceptum
1703 2205 1738 2233 iri
1748 2211 1829 2243 puto.
1854 2201 2061 2233 &celeritatem
2072 2203 2122 2232 in·

1165 2247 1343 2278 credibilem
1372 2250 1378 2276 !
1414 2247 1503 2286 hujus
1525 2254 1626 2276 autem
1645 2243 1752 2277 nostri.
1771 2243 1821 2275 sed
1842 2253 1906 2274 non
1923 2241 2041 2284 possum
2059 2242 2121 2274 fine

1166 2289 1271 2320 dolore
1289 2289 1422 2320 accusare
1431 2297 1502 2318 eum
1513 2308 1522 2322 ‚
1540 2287 1577 2317 de
1587 2297 1648 2328 quo
1659 2296 1753 2327 angor
1762 2286 1926 2316 &ermion
1949 2288 1999 2316 Tu
2009 2285 2122 2316 caedern

1166 2341 1230 2362 non
1256 2330 1317 2361 sine
1339 2331 1423 2361 causa
1441 2332 1545 2360 times:
1566 2338 1631 2359 non
1647 2337 1712 2368 quo
1730 2329 1832 2358 minus
1844 2327 2009 2369 quidquam
2020 2327 2123 2358 Caesari

1166 2373 1305 2413 expediat
1320 2372 1355 2403 ad
1372 2371 1595 2402 diuturnitatem
1611 2369 1749 2400 vi&oriae
1770 2369 1802 2398 &
1816 2368 1901 2399 dorni
1912 2371 2043 2399 nationis
2055 2380 2059 2398 z
2071 2369 2121 2401 sed

1168 2415 1260 2445 video
1274 2435 1283 2447 ,
1298 2423 1430 2455 quorum
1439 2413 1561 2443 arbitrio
1575 2410 1610 2442 fit
1620 2410 1747 2442 abintus.
1764 2414 1795 2437 ¹4
1804 2409 1884 2441 reete
1900 2409 1942 2441 fit.
1956 2411 2064 2442 censeo
2076 2421 2125 2442 cc-

1170 2455 1305 2486 dendum
1334 2455 1371 2486 de
1392 2454 1512 2495 oppidis
1532 2455 1588 2484 his.
1621 2463 1694 2494 egeo
1710 2451 1836 2484 consilii.
1891 2452 1951 2483 uod
1969 2454 2123 2494 optimum

1166 2496 1250 2529 faCtu
1259 2496 1410 2528 videbitur
1423 2496 1523 2528 facies.
1544 2505 1616 2527 cum
1626 2495 1926 2535 Philotimoloquere
1938 2506 1943 2525 :
1954 2503 2040 2536 atque
2050 2495 2125 2526 adeo

2002 2539 2120 2567 Teren-

1205 2624 1233 2650 7.
1252 2619 1286 2642 11.
1297 2622 1348 2656 Non
1357 2618 1442 2652 Tubu]
1464 2617 1595 2654 Vulg.1V.
1613 2620 1761 2654 Qchbr.
1780 2617 1850 2646 Bosii
1867 2618 2010 2646 lectionem
2029 2618 2128 2645 confir-

1171 2660 1227 2679 mat
1238 2654 1387 2681 Manutius.

1207 2688 1234 2715 8.
1254 2691 1368 2725 ſtrides]
1389 2691 1432 2717 Sic
1441 2690 1685 2719 habet-Beffarionis
1695 2690 1782 2718 liber:
1803 2691 2011 2723 antea‚irrident,
2023 2690 2127 2726 legeba-

1172 2732 1216 2752 tur
1227 2726 1351 2753 Manutio
1363 2727 1436 2754 teste.

1206 2770 1235 2797 9.
1253 2762 1357 2794 Qorum
1367 2764 1440 2798 ergo]
1462 2764 1503 2790 Ita
1513 2763 1614 2799 legitur
1623 2764 1648 2790 in
1661 2764 1819 2794 Decurtato,
1830 2763 2009 2798 wlg.quorum
2018 2772 2060 2796 ego.

1212 2806 1254 2824 ιο.
1273 2800 1400 2838 Legianum
1408 2800 1595 2833 Animarum]
1616 2799 1752 2825 Victorius
1762 2808 1797 2825 ex
1815 2798 1961 2835 probatiori
1980 2798 2025 2825 suo
2036 2800 2128 2833 legen-

1171 2832 1234 2859 dum
1255 2834 1342 2861 censet
1353 2854 1361 2867 ‚
1379 2837 1488 2868 legionum
1506 2837 1673 2863 damarum.
1691 2834 1829 2869 legebatur
1847 2841 1923 2860 antea
1935 2853 1943 2866 ,
1960 2836 2070 2868 legionum
2088 2839 2130 2862 Vi-

1171 2872 1289 2896 cinarmn.
1310 2870 1413 2907 Lipsius
1424 2869 1505 2906 Epist.
1524 2871 1654 2897 Centuria
1670 2869 1702 2897 ad
1721 2869 1816 2905 Belgas
1828 2889 1837 2902 ‚
1855 2870 2013 2897 emendabat
2022 2874 2130 2905 :Appia-

1172 2915 1270 2932 narum.

1212 2950 1253 2968 11.
1272 2945 1332 2975 Jam
1341 2943 1416 2968 calere
1421 2940 1504 2975 palm]
1527 2940 1691 2968 Emendabat
1704 2959 1713 2973 ‚
1732 2950 1812 2967 carere
1817 2948 1873 2974 puto
1884 2961 1892 2974 ,
1904 2942 1944 2969 vir
1953 2941 2130 2977 desumimus,

1174 2976 1306 3004 referente
1317 2977 1425 3004 Urfino.

1213 3022 1255 3040 η.
1276 3015 1335 3039 Veni
1343 3016 1449 3046 Capuam
1459 3013 1493 3038 ad
1499 3016 1588 3049 mnae
1598 3013 1683 3046 Febr]
1705 3013 1747 3040 Sic
1757 3022 1790 3040 ex
1811 3014 1927 3050 antiquis
1938 3012 1988 3042 suis
2001 3015 2067 3051 legit
2077 3017 2132 3043 Bo·

1175 3049 1224 3076 sius
1237 3068 1245 3081 ,
1266 3058 1313 3075 nec
1326 3047 1481 3075 mutandum
1492 3056 1579 3084 putat.
1601 3049 1746 3076 Lambinus
1759 3058 1822 3076 vero
1841 3051 2044 3078 reclamantibus
2056 3052 2130 3078 libris

1173 3084 1307 3115 omnibus,
1319 3084 1352 3110 sic
1362 3083 1501 3120 legendum
1513 3084 1599 3111 censet
1610 3093 1618 3114 3
1630 3088 1694 3110 Veni
1703 3089 1851 3118 CapuamA.
1861 3090 1892 3114 D.
1908 3091 2049 3114 11.N0nas.

1213 3129 1253 3155 ¹3·
1272 3123 1390 3148 &littam
1399 3120 1466 3153 illa]
1486 3120 1575 3155 Vulgo
1585 3123 1648 3146 mino
1657 3122 1730 3148 illam.

1214 3163 1254 3195 143.
1273 3157 1339 3182 Reele‘
1350 3156 1476 3196 fit,fenfto
1487 3157 1608 3182 cedendum
1619 3158 1652 3191 ἓ]
1676 3158 1718 3183 Sic
1728 3167 1760 3184 ex
1773 3158 1831 3185 mss'.
1852 3159 2020 3196 interpunxit
2039 3159 2136 3188 Via‘Jio-

1175 3190 1288 3224 θεολ-ωε,
1298 3192 1390 3227 &‚fic,
1399 3194 1476 3228 infit,
1486 3193 1611 3222 mutavit.
1623 3192 1695 3230 vulg.
1705 3195 1808 3230 erlkfic
1818 3196 1891 3231 censio
1899 3196 2031 3222 cedendum.

2040 3240 2050 3259 1
2058 3250 2064 3259 .
2073 3234 2141 3261 Nullo

2135 2083 2181 2109 22
