2295 3400
185 131 282 183 370
593 111 1095 162 M.Tur.1,11

187 197 246 231 effe
266 197 431 240 repetitam.
464 198 475 218 ¹
501 195 662 226 Mulierem
684 194 758 225 cum
777 191 893 224 emiss'et
909 192 946 223 de
957 190 1141 223 sestoribus:

187 251 250 283 quo
261 250 395 280 tempore
412 248 478 269 eam
493 236 627 279 primum
638 236 762 267 liberam
773 233 830 266 ess‘e
840 234 973 268 audivit,
991 231 1051 263 fine
1065 232 1146 273 Judi-

188 285 238 314 cio
256 281 384 313 reddidit
393 279 500 310 coelio.
525 279 661 310 Ennium
671 276 728 308 esl'e
740 276 902 319 quendam,
912 276 997 315 cujus
1015 275 1093 305 bona
1103 284 1147 304 te-

191 333 259 355 neat
269 325 382 354 Avitus.
394 354 396 357 .
408 320 458 352 Est
475 322 521 351 bic
532 323 648 351 Ennius
667 329 755 362 egens
772 318 893 361 quidam
906 337 915 352 ‚
934 317 1145 350 calumniator,

193 367 392 396 mercenarius
402 363 623 403 Oppianici‚qui
635 361 802 402 permultos
811 370 907 391 annos
916 360 1031 401 quievit
1042 369 1047 388 z
1059 358 1146 390 dein-

190 407 228 438 de
248 405 410 446 aliquando
427 414 498 435 cum
518 404 603 434 servo
625 405 708 434 Aviti
726 402 798 434 furti
816 404 892 443 egit:
916 411 1012 442 nuper
1026 400 1062 431 ab
1082 400 1146 441 ipso

191 451 284 479 Avito
300 456 397 487 petere
417 448 518 486 coepit.
542 448 601 477 Hic
621 445 677 476 illo
695 447 810 486 privato
824 443 942 484 judicio
962 443 1061 483 (mihi
1083 452 1146 473 cre-

190 490 250 520 dite
262 490 271 530 )
291 489 380 519 nobis
398 488 504 519 iisdem
516 486 632 518 fortass'e
649 488 781 528 patronis
793 507 800 520 ,
811 486 985 516 calumniam
995 495 1060 516 non
1071 482 1147 515 effu-

189 533 260 573 giet.
284 533 381 571 Atque
397 531 499 563 etiam,
511 538 543 559 ut
554 529 642 560 nobis
652 530 849 562 renuntiatur,
861 529 1022 558 hominem
1033 526 1148 556 multo-

189 582 259 603 rum
271 572 424 612 hospitum
444 575 458 591 ²
476 573 511 601 A.
524 572 672 601 Binnium
681 570 832 612 quendam
843 590 852 604 ,
870 579 1020 610 coponem
1032 589 1040 602 ,
1055 567 1092 598 de
1101 569 1150 597 via

192 615 318 648 Latina,
337 613 502 644 subornatis
518 623 524 642 z
544 615 597 654 qui
608 612 660 642 fibi
672 611 849 646 aCluentio‚
861 611 1010 652 servisque
1024 611 1100 648 ejus,
1113 612 1147 639 in

190 656 312 686 taberna
331 655 379 686 sua
389 664 496 685 manus
506 655 605 685 allatas
615 653 672 684 ess'e
683 653 768 684 dicat.
793 656 863 696 Qo
872 653 908 683 de
918 654 1056 684 homine,
1070 653 1148 681 nihil

191 699 282 727 etiam
307 707 389 727 nunc
411 697 508 727 dicere
529 696 620 727 nobis
637 694 679 726 est
701 694 824 726 necesse.
854 696 884 727 Si
903 694 1076 723 invitaverit
1093 712 1102 726 ,
1117 692 1148 722 id

191 738 273 779 quod
286 738 370 772 solet,
384 737 420 768 sic
430 739 593 769 hominem
603 739 782 778 accipiemus
794 757 802 771 ,
823 747 854 767 ut
873 735 1000 766 moleste:
1016 735 1103 768 ferat,
1119 735 1148 764 se

191 781 230 811 de
246 782 294 810 via
305 778 460 810 dcceffiffe.
487 779 611 811 Habetis
622 779 753 820 ,judices
764 800 772 813 ,
783 790 849 820 quae
859 782 891 808 in
902 787 996 808 totam
1006 779 1099 807 vitam
1112 776 1149 806 de

193 822 335 853 moribus
350 825 384 852 Α.
400 822 552 856 Cluentii,
572 832 662 863 quem
677 821 722 851 illi
741 821 929 851 invidiosum
945 829 1031 849 reum
1042 819 1150 848 volunt

193 863 269 898 effe,
292 873 388 894 annos
406 863 478 894 οᾶὶο
500 864 635 894 meditati
647 863 826 893 accusatores
842 863 1036 903 collegerunt.
1058 869 1148 900 quarn

192 907 271 936 levia
282 926 290 939 ‚
301 915 407 948 genere
418 906 482 946 ipso
496 908 501 935 1
520 915 611 947 quam
621 905 690 935 falsa
701 925 708 937 ‚
722 915 750 934 rc
765 907 769 934 Ε
788 914 878 945 quam
896 904 1013 936 brevia,
1028 903 1150 941 respon-

136 949 185 984 60
198 948 247 979 su!
273 948 450 989 Cognoscite
471 957 552 978 nunc
570 947 600 977 id
613 967 620 981 ‚
640 946 721 987 quod
739 946 774 976 ad
794 945 924 976 vestrum
939 943 1150 983 jusjurandum

194 991 334 1031 pertinet,
344 989 426 1030 quod
441 988 528 1019 vestri
544 988 652 1028 judicii
662 987 704 1018 est
715 1008 723 1020 ‚
733 988 815 1028 quod
830 987 918 1017 vobis
931 987 1031 1016 oneris
1050 986 1152 1024 impo-

195 1033 255 1062 suit
273 1041 305 1061 ea
322 1032 382 1064 lex,
394 1040 451 1071 qua
461 1029 555 1060 coaetl
567 1032 624 1060 huc
642 1028 839 1062 convenistis,
851 1029 887 1058 de
902 1027 1082 1058 criminibus
1098 1036 1153 1056 ve—

196 1075 289 1104 neni:
309 1082 457 1103 utomnes
468 1072 645 1112 intelligant,
657 1071 747 1111 quam
758 1073 856 1111 paucis
874 1069 973 1101 verbis
989 1070 1053 1098 haec
1069 1067 1152 1098 causa

196 1117 325 1156 perorari
343 1115 490 1154 potuerit,
511 1113 643 1153 &quarn
665 1113 759 1142 multa
767 1115 781 1142 ξι
796 1122 844 1142 me
861 1111 942 1142 diSta
954 1110 1009 1140 sint
1020 1131 1028 1144 ‚
1039 1119 1107 1150 quae
1117 1108 1153 1139 ad

197 1157 287 1196 hujus
297 1158 483 1186 voluntatem
502 1154 637 1185 maxime
649 1175 657 1187 ,
669 1154 703 1184 ad
713 1154 845 1184 vestrum
857 1153 1002 1190 iudicium
1021 1151 1152 1181 minime

197 1200 391 1239 pertinerent.
415 1196 577 1237 Objeftum
593 1196 644 1230 est,
658 1199 689 1226 C.
702 1196 826 1225 Vibium
839 1198 979 1235 Capacem
999 1194 1035 1224 ab
1047 1195 1104 1223 hoc
1116 1195 1150 1222 A.

199 1241 342 1269 Cluentio
353 1249 450 1268 veneno
462 1238 510 1276 effi
518 1237 677 1278 fiabratum.
689 1237 864 1277 Opportune
876 1235 956 1266 adest
967 1237 1062 1265 homo
1073 1235 1154 1265 sum—

198 1291 249 1311 ma
260 1279 328 1313 fide,
342 1280 373 1311 Sc
390 1291 477 1310 omni
495 1283 602 1310 virtute
614 1280 751 1319 praeditus
764 1300 771 1312 ,
791 1281 825 1308 L·
838 1279 989 1308 Plaetouus
1002 1298 1010 1310 ,
1029 1277 1154 1309 senator,

198 1325 251 1363 qui
269 1323 350 1352 illius
362 1325 480 1362 Capacis
490 1322 595 1361 hospes
607 1322 675 1355 fuit,
691 1323 722 1351 ὃς
732 1320 900 1350 familiaris.
924 1319 1000 1359 apud
1012 1320 1092 1348 bunc
1104 1317 1156 1347 ille

201 1367 310 1394 Romae
321 1364 474 1396 habitavit⁷
484 1365 560 1403 apud
573 1365 652 1393 hunc
663 1363 915 1405 aegrotavit,liujus
925 1361 1011 1391 domi
1022 1360 1064 1390 cst
1073 1369 1156 1389 moi·-

200 1415 282 1436 tuus.
312 1408 351 1435 At
367 1406 439 1434 heres
457 1404 500 1434 eff
521 1406 672 1434 cruentius.
703 1404 880 1434 Intestatum
904 1403 972 1433 dico
992 1401 1049 1432 effe
1072 1411 1157 1430 mor-

201 1456 308 1481 tuum,
328 1445 597 1487 possessionemque
615 1448 679 1486 ejus
699 1447 850 1476 bonorum
863 1465 871 1479 ,
892 1446 1024 1485 praetoris
1043 1442 1155 1476 edicto,

202 1490 276 1519 huic
290 1489 370 1518 illius
389 1489 497 1519 sororis
516 1487 601 1522 filio,
619 1488 799 1518 adolescenti
817 1485 1051 1527 pudentiffimo‚
1073 1486 1105 1515 &
1125 1486 1158 1514 in

201 1533 309 1571 primis
320 1530 445 1561 honesto
457 1551 466 1563 ,
486 1533 579 1571 equiti
590 1533 682 1561 Rom.
694 1530 791 1560 datam
804 1549 812 1563 ‚
834 1530 985 1559 Numerio
1004 1528 1156 1559 Cluentio,

201 1583 293 1614 quem
308 1572 426 1602 videns.
450 1573 587 1602 Alterum
602 1571 867 1602 veneficiicrimen
880 1591 887 1604 ,
906 1572 1073 1610 Oppianico
1090 1570 1159 1598 huic
1178 1571 1180 1607 j
1199 1570 1248 1600 me
1259 1571 1359 1600 vivere
1378 1569 1456 1599 velle
1477 1569 1623 1600 debebat?
1641 1571 1711 1599 huic
1731 1579 1861 1600 mortem
1875 1568 2037 1600 maturabat
2046 1568 2155 1597 inimi-

200 1614 393 1648 adolescenti,
404 1613 475 1644 cum
484 1614 547 1654 ejus
560 1616 593 1643 in
604 1616 727 1654 nuptiiS‚
745 1623 830 1643 more
842 1614 1039 1644 Larinatium,
1052 1611 1160 1640 multi-
1178 1616 1180 1621 ‘

203 1656 278 1686 tudo
299 1657 464 1686 hominum
481 1656 653 1696 pranderet,
673 1665 827 1685 venenum
838 1656 921 1685 Aviti
934 1652 1059 1684 consilio
1077 1662 1159 1692 para—
1199 1651 1281 1694 quisi
1290 1652 1364 1694 quid
1375 1654 1481 1685 animi,
1492 1663 1523 1682 ac
1531 1653 1649 1683 virtutis
1659 1652 1803 1683 habuiffet
1815 1653 1825 1692 (
1836 1662 1869 1683 ut
1880 1653 1969 1682 multi
1979 1653 2053 1690 ssepe
2061 1650 2157 1681 fortes

1180 1716 1181 1721 ,
1197 1696 1255 1725 viri
1274 1704 1307 1724 in
1323 1693 1474 1734 ejusmodi
1485 1694 1604 1734 dolore)
1620 1703 1750 1724 mortem
1762 1693 1815 1724 fibi
1825 1695 1886 1734 ipse
1895 1692 2065 1724 consciss'et:
2087 1692 2160 1722 huic

201 1738 383 1770 familiarem
396 1759 404 1772 ‚
416 1738 581 1780 intercepiffe
590 1758 598 1772 ,
619 1737 723 1768 bibiss‘e
732 1758 740 1772 ‚
753 1738 909 1778 statimque
920 1736 977 1767 este
990 1745 1160 1766 mortuum.
1180 1748 1181 1751 ¹

204 1706 270 1728 tum
285 1708 290 1726 z
311 1697 340 1727 id
360 1697 431 1727 cum
441 1698 556 1727 daretur
565 1699 598 1726 in
608 1697 705 1727 mulso
716 1717 724 1730 ,
737 1697 909 1727 Balbutium
920 1695 1082 1740 quendam,
1095 1694 1158 1732 ejus

206 1784 282 1811 Haec
291 1791 347 1822 ego
358 1779 378 1810 si
389 1780 427 1811 fic
436 1790 553 1821 agerem
565 1800 573 1813 ‚
593 1789 734 1821 tanquam
746 1781 823 1809 mihi
837 1782 954 1809 crimen
963 1776 1032 1808 esset
1041 1778 1160 1807 diluen-

206 1823 280 1853 dum
294 1843 302 1856 ,
319 1824 381 1853 haec
397 1822 533 1862 pluribus
544 1822 642 1852 verbis
651 1823 795 1855 dicerem,
807 1831 873 1862 quae
893 1831 973 1850 nunc
982 1821 1081 1859 paucis
1095 1828 1162 1858 per-

205 1866 299 1895 currit
316 1865 411 1894 oratio
423 1873 500 1893 mea.
523 1866 615 1903 Quin
637 1872 793 1902 uMQAM
817 1865 923 1892 Avitus
940 1864 973 1892 in
986 1862 1015 1892 se
1032 1858 1160 1893 admisit,

205 1916 241 1936 ut
260 1907 318 1936 hoc
328 1914 443 1936 tantum
454 1905 489 1935 ab
500 1915 536 1935 eo
553 1904 668 1935 facinus
680 1915 744 1935 non
755 1905 911 1935 abhorrere
921 1903 1074 1934 videatur?
1089 1901 1161 1942 quid

204 1957 306 1978 autem
323 1957 503 1988 magnopere
522 1948 723 1987 Oppianicum
743 1946 913 1979 metuebat,
934 1945 1004 1976 cum
1023 1945 1074 1974 ille
1095 1953 1162 1974 ver—

208 1990 284 2019 bum
305 1991 436 2018 omnino
460 1990 495 2019 in
514 1990 566 2019 hac
586 1989 647 2028 ipsa
661 1989 743 2019 causa
761 1988 884 2018 nullum
902 1986 995 2017 facere
1014 1987 1162 2026 potuerit:

205 2032 278 2061 huic
294 2040 396 2061 autern
405 2031 600 2064 accusatores,
621 2040 714 2061 matre
722 2032 808 2064 viva,
830 2027 925 2059 deesse
942 2038 1006 2058 non
1023 2026 1162 2068 pofl'ent?

206 2072 289 2113 quod
298 2074 360 2112 jam
370 2073 553 2113 intelligetis.
576 2075 625 2102 An
635 2082 666 2102 ut
676 2072 712 2101 de
721 2072 804 2102 causa
814 2072 878 2110 ejus
887 2071 1012 2110 periculi
1022 2070 1100 2100 nihil
1111 2069 1163 2099 de-

207 2114 343 2148 cederet,
361 2114 397 2144 ad
407 2115 522 2144 causam
541 2124 646 2143 novum
664 2113 765 2143 crimen
780 2112 953 2143 accederet?
971 2111 1053 2153 quod
1061 2120 1162 2141 autem

208 2165 329 2195 tempus
339 2158 451 2185 veneni
461 2155 620 2189 dandi‚illo
632 2155 681 2185 die
692 2158 702 2184 ?
713 2156 745 2185 in
753 2155 804 2184 illa
813 2153 996 2194 frequentia?
1013 2163 1065 2194 per
1073 2162 1172 2194 quem-

209 2196 301 2238 porro
312 2198 434 2227 datum?
455 2197 533 2227 unde
545 2197 679 2227 sumtum
691 2200 703 2226 .⁷
723 2206 787 2237 quae
802 2195 912 2225 deinde
922 2196 1099 2234 interceptio
1109 2204 1165 2234 po·

209 2239 293 2269 culi?
313 2249 365 2268 cur
378 2249 442 2268 non
454 2238 489 2268 de
500 2241 615 2279 integro
628 2247 726 2268 autem
746 2237 868 2268 datum?
888 2237 985 2266 Multa
994 2237 1078 2270 sunt,
1100 2245 1166 2276 quae

209 2279 409 2320 dicipoffunt.
434 2280 482 2310 sed
493 2290 556 2310 non
566 2281 776 2312 committam,
794 2288 826 2308 ut
846 2278 946 2308 videar
954 2288 1018 2308 non
1037 2277 1167 2308 dicendo

209 2320 340 2352 voluiss’e
357 2321 464 2352 dicere.
487 2331 533 2351 res
551 2323 636 2351 enim
650 2322 713 2359 jam
734 2318 981 2360 seipsadefendat.
1002 2321 1090 2359 Nego
1102 2338 1110 2352 ,
1129 2319 1168 2348 il-

212 2365 278 2394 lum
295 2364 512 2393 adolescentem
523 2382 531 2396 ‚
551 2372 642 2404 quem
663 2362 761 2392 statim
781 2370 870 2402 epoto
887 2360 997 2399 poculo
1012 2369 1167 2390 mortuum

212 2404 271 2435 eff:
283 2404 400 2435 dixistis
410 2425 418 2438 ,
428 2406 561 2435 omnino
572 2405 628 2434 illo
639 2404 687 2434 dic
697 2402 754 2434 ess'c
765 2412 930 2433 mortuum.
955 2411 1098 2443 magnum
1110 2422 1119 2434 ,
1135 2401 1168 2431 δε

214 2447 376 2487 impudens
387 2446 589 2476 mendacium.
610 2447 767 2485 Perspicite
775 2454 878 2475 cetera.
891 2444 970 2477 dico,
980 2444 1082 2476 illum,
1093 2443 1165 2473 curn

212 2489 249 2519 ad
261 2488 335 2519 illud
346 2488 506 2528 prandium
521 2488 628 2517 crudior
637 2486 752 2524 vcmffer
763 2506 771 2520 ‚
788 2487 820 2516 δε
830 2506 838 2520 ,
854 2494 887 2516 ut
895 2494 963 2515 aetas
975 2485 1026 2515 illa
1035 2485 1101 2518 seit,
1115 2483 1168 2514 sibi

218 2539 285 2562 tum
295 2540 358 2560 non
368 2528 541 2571 pepercisset
550 2541 559 2564 3
568 2531 682 2571 aliquot
691 2530 754 2559 dies
764 2526 959 2570 aegrotass'e‚&
967 2529 1008 2558 ita
1018 2525 1074 2557 effe
1085 2536 1169 2556 moi·-

1180 109 1724 158 Cicanou1s

1187 200 1287 222 tuum.
1310 194 1386 235 Qis
1398 193 1470 224 huic
1481 193 1523 224 rei
1535 192 1614 224 testis
1627 192 1687 224 est?
1703 191 1797 226 idem,
1808 189 1861 233 qui
1871 189 1916 223 sui
1927 188 2035 226 laetus,
2046 198 2151 232 pater?

1186 243 1283 274 pater,
1295 235 1419 275 inquam
1433 254 1441 268 ,
1462 235 1545 265 illius
1553 234 1766 265 adolescentis:
1783 243 1873 276 quem
1885 253 1894 267 ,
1913 242 2033 274 propter
2047 234 2144 264 animi

1187 275 1326 306 dolorem
1339 296 1347 309 ‚
1367 276 1638 316 pertenuissuspicio
1651 274 1791 316 potuisset
1801 286 1839 306 ex
1850 275 1904 305 illo
1915 277 1982 305 loco
1995 274 2100 306 testem
2111 277 2143 305 in

1189 321 1227 348 A.
1238 318 1415 348 Cluentium
1427 317 1607 349 constituere
1620 328 1626 347 ι
1647 319 1672 348 is
1690 318 1770 348 hunc
1785 317 1839 348 suo
1856 316 2034 348 testimonio
2045 316 2146 346 suble·

1187 369 1244 390 vat.
1267 359 1348 401 quod
1360 362 1457 390 recita.
1481 363 1530 391 Tu
1540 368 1650 393 autem,
1663 358 1718 389 nifi
1735 358 1899 390 molestum
1910 358 1951 389 est
1961 379 1969 392 ,
1987 358 2147 399 paullisper

1189 402 1312 443 exsurge
1323 421 1332 435 ‚
1344 401 1376 432 δε
1387 401 1484 442 perfer
1493 403 1572 432 hunc
1581 401 1720 432 dolorem
1732 402 2035 431 commemorationis
2044 398 2146 431 neces·

1190 444 1267 473 sariae
1281 454 1286 472 ;
1310 445 1342 473 in
1362 454 1420 484 qua
1435 453 1491 485 ego
1500 443 1613 474 diutius
1623 452 1687 473 non
1699 443 1838 473 morabor
1848 463 1856 476 ,
1876 445 2022 483 quoniam
2033 462 2042 475 ‚
2059 441 2144 483 quod

1187 484 1246 515 fuit
1262 487 1318 515 viri
1331 487 1459 525 optimi,
1475 484 1590 518 fecisti,
1613 487 1656 515 uti
1676 487 1763 514 necui
1779 485 1935 514 innocenti
1953 493 2060 515 maeror
2078 492 2146 514 tuus

1187 528 1385 557 calamitatem
1397 546 1407 561 ‚
1428 527 1461 556 &
1481 526 1590 557 falsum
1606 528 1723 557 crimen
1742 525 1866 556 afferret.
1892 528 2145 556 Tsss-riivioumm

1189 571 1357 598 BALnu-rir
1389 578 1522 598 ima-tus.
1556 571 1662 598 Unum
1685 569 1775 597 etiam
1798 568 1875 597 mihi
1899 567 2051 608 reliquum
2069 567 2147 607 ejus-
2166 567 2210 603 61

1190 610 1276 640 modi
1293 611 1409 640 crimen
1427 609 1489 643 est,
1513 610 1642 648 iudices,
1662 619 1701 639 ex
1711 609 1859 650 quoillud
1877 609 2038 649 perspicere
2056 607 2145 649 poffi-

1190 654 1227 682 tis
1238 672 1246 686 ‚
1266 652 1348 693 quod
1358 652 1373 682 a
1383 662 1433 681 me
1443 654 1533 681 initio
1545 652 1690 682 orationis
1701 661 1774 681 meae
1790 650 1907 681 diEtum
1918 651 1977 680 est:
1997 649 2146 691 quidquid

1191 694 1262 724 mali
1279 704 1330 733 per
1350 695 1405 724 hos
1426 703 1522 723 annos
1542 696 1578 723 Α.
1598 694 1754 724 Cluentius
1773 692 1899 727 viderit,
1921 692 2070 733 quidquid
2087 693 2147 723 hoc

1190 744 1324 776 tempore
1336 735 1439 765 habeat
1447 735 1672 769 sollicitudinis,
1684 745 1715 765 ac
1732 736 1845 775 negotii
1858 755 1867 767 ,
1879 734 1909 764 id
1919 744 2012 764 omne
2028 729 2046 763 ὲ
2057 741 2149 763 matre

1191 776 1247 807 effe
1258 777 1433 808 conflatum.
1457 779 1655 817 Oppianicum
1674 787 1794 807 veneno
1809 785 1949 806 necatum
1968 774 2044 810 ess'e,
2063 774 2147 816 quod

1190 821 1218 848 ei
1237 820 1339 849 datum
1355 818 1387 849 sit
1405 821 1439 848 in
1456 829 1531 859 pane
1550 829 1601 859 per
1612 821 1656 848 M.
1669 819 1815 850 Asellium
1826 818 1975 859 quendam
1988 837 1997 851 ‚
2018 816 2150 848 familia-

1190 870 1254 890 rem
1265 861 1347 890 illius
1359 871 1364 889 :
1385 860 1475 901 idque
1486 862 1568 892 Aviti
1579 860 1704 891 consilio
1713 860 1827 890 fanum
1838 858 1906 894 effe,
1919 860 2027 890 dicitis.
2037 861 2074 889 In
2082 868 2146 900 quo

1190 901 1325 942 primum
1340 902 1415 933 illud
1426 913 1543 943 quaero,
1562 913 1621 944 qua
1634 903 1717 942 causa
1728 904 1819 932 Avito
1836 901 1943 936 fuerit,
1966 911 2017 931 cur
2030 899 2148 931 interfi-

1191 954 1256 973 cere
1267 946 1466 984 Oppianicum
1479 945 1578 974 vellet.
1594 946 1774 974 Inimicitias
1789 945 1874 973 enim
1885 945 1962 973 inter
1972 943 2050 983 ipsos
2059 939 2149 972 fuiffe

1191 984 1355 1015 confiteor:
1374 985 1422 1015 sed
1439 986 1602 1020 homines,
1626 996 1786 1016 mimicos
1809 986 1878 1016 suos
1888 993 1986 1015 morte
1995 983 2074 1014 affici
2092 993 2149 1014 vo-

1192 1027 1278 1060 lunt,
1298 1026 1437 1067 velqubd
1447 1036 1604 1061 metuunt,
1618 1028 1665 1057 vel
1682 1027 1764 1069 quod
1774 1027 1913 1059 oderunt.
1938 1029 2007 1068 Qo
2025 1025 2149 1056 tandem

1195 1070 1284 1110 igitur
1294 1070 1401 1098 Avitus
1410 1068 1658 1102 memddustus,
1670 1078 1784 1099 tantum
1797 1072 1828 1099 in
1840 1070 1867 1099 se
1876 1069 1991 1099 facinus
2003 1068 2148 1107 suscipere

1192 1119 1314 1140 conatus
1335 1109 1393 1140 est?
1417 1110 1490 1152 quid
1509 1120 1585 1144 erat,
1605 1111 1686 1151 quod
1706 1113 1765 1149 jam
1783 1113 1983 1151 Oppianicum
1999 1118 2088 1149 poena
2103 1107 2150 1138 af-

1192 1151 1309 1182 feetum
1328 1161 1381 1192 pro
1391 1151 1558 1185 maleficiis,
1569 1152 1699 1190 ejectum
1711 1154 1726 1182 ἐ
1737 1155 1854 1183 civitate
1865 1173 1874 1186 ‚
1893 1152 2049 1193 quisquam
2060 1152 2150 1180 time-

1194 1200 1255 1225 ret?
1267 1194 1340 1234 quid
1351 1194 1516 1224 metuebat:
1540 1198 1552 1222 3
1567 1203 1600 1224 ut
1609 1204 1826 1234 oppugnaretur
1835 1194 1849 1224 a
1858 1194 1974 1234 perdito
1985 1196 1998 1221 ἓ
2007 1202 2045 1222 an
2057 1202 2095 1222 ne
2104 1201 2153 1222 ac-

1195 1235 1579 1266 cusareturacondemnato
1591 1255 1599 1269 ,
1613 1246 1651 1265 an
1664 1246 1702 1265 ne
1715 1236 1826 1265 exsulis
1844 1234 2020 1265 testimonio
2031 1233 2153 1264 laedere-

1195 1284 1262 1309 tur?
1284 1279 1338 1307 Sin
1354 1286 1471 1310 autem,
1492 1276 1574 1318 quod
1592 1277 1693 1307 oderat
1713 1279 1838 1310 Avitus,
1857 1277 1968 1307 idcirco
1988 1275 2077 1305 illum
2090 1277 2154 1305 vita

1196 1318 1256 1349 frui
1267 1319 1384 1348 noluit:
1404 1318 1518 1348 adeone
1537 1328 1594 1349 erat
1605 1318 1729 1353 stultus,
1751 1330 1795 1350 ur
1820 1328 1950 1351 1LLAM,
1974 1327 2064 1358 quam
2083 1325 2151 1346 tum

1197 1362 1248 1391 ille
1258 1360 1379 1390 vivebat
1389 1380 1398 1393 ,
1417 1362 1510 1390 vitam
1522 1359 1578 1390 ess'e
1587 1361 1783 1395 arbitraretur,
1795 1360 1927 1391 damnati
1938 1380 1946 1395 ‚
1961 1359 2070 1389 exsulis
2080 1378 2088 1392 ‚
2101 1357 2154 1388 de-

1197 1403 1265 1433 serti
1284 1402 1320 1432 ab
1336 1402 1502 1432 omnibus?
1520 1412 1611 1443 quem
1630 1412 1749 1442 propter
1757 1404 1852 1433 animi
1871 1403 2153 1442 importunitatem,

1198 1454 1291 1474 nemo
1300 1445 1427 1484 recipere
1437 1443 1517 1474 tecto
1527 1464 1535 1477 ‚
1555 1448 1572 1471 4
1588 1453 1681 1474 nemo
1691 1444 1790 1474 audire
1802 1464 1810 1478 ,
1824 1454 1916 1474 nemo
1934 1444 2060 1483 alloqui,
2072 1445 2152 1472 5110-

1198 1496 1251 1516 mo
1269 1486 1409 1526 respicere
1427 1486 1536 1515 vellet?
1556 1487 1645 1525 hujus
1660 1487 1751 1525 igitur
1768 1487 1839 1516 vitae
1857 1487 1963 1516 Avitus
1981 1483 2156 1515 invidebat?

1197 1530 1279 1558 hunc
1290 1527 1434 1560 fiacerbe,
1447 1527 1609 1567 &penitus
1620 1527 1721 1558 oderat
1732 1548 1740 1562 ‚
1752 1538 1815 1558 non
1829 1537 1900 1558 eum
1918 1536 2008 1568 quam
2026 1523 2156 1556 diutiffi·

1197 1622 1248 1642 cus
1259 1631 1267 1645 ,
1286 1610 1369 1652 quod
1387 1611 1433 1640 illi
1454 1620 1551 1640 unum
1561 1612 1599 1649 jn
1616 1611 1695 1640 malu
1710 1611 1872 1652 perfugium
1884 1621 1944 1641 erat
1958 1610 2156 1641 calamitatis?

1199 1735 1397 1778 quamobrem
1406 1735 1437 1765 id
1451 1735 1541 1765 vellet
1550 1737 1694 1766 inimicus
1704 1734 1819 1769 offerre,
1837 1735 1910 1777 quid
1923 1735 1981 1775 ipse
1992 1733 2046 1764 fibi
2055 1742 2157 1774 optare

1200 1779 1341 1808 deberet?
1365 1779 1446 1807 Nam
1462 1787 1545 1807 nunc
1557 1776 1682 1818 quidem
1693 1777 1766 1818 quid
1785 1778 1907 1807 tandem
1924 1777 1969 1807 illi
1980 1776 2053 1806 mali
2071 1783 2156 1806 mors

1199 1821 1320 1851 attulit?
1340 1817 1395 1848 nisl
1408 1817 1486 1848 forte
1498 1820 1670 1859 ineptiis‚ac
1684 1817 1790 1858 fabulis
1806 1819 1947 1853 ducimur,
1958 1827 1991 1849 ut
1999 1816 2158 1848 existime-

1202 1871 1270 1892 mus
1280 1882 1287 1894 ‚
1299 1861 1387 1890 illum
1403 1860 1480 1899 apud
1494 1859 1606 1890 inferos
1623 1862 1790 1900 impiorum
1809 1861 1951 1910 supplicia
1964 1858 2091 1901 perferre,
2103 1879 2114 1892 ‚
2124 1868 2159 1890 ac

1201 1905 1312 1945 plureis
1323 1902 1385 1932 illic
1404 1900 1560 1932 offendisse
1572 1904 1726 1936 inimicos,
1736 1903 1828 1943 quam
1841 1905 1890 1932 hic
1901 1899 2052 1943 reliquiss'e
2062 1911 2067 1930 ἰ
2079 1900 2096 1931 ὲ
2109 1900 2159 1931 so-

1201 1956 1277 1979 crus,
1292 1945 1328 1975 ab
1342 1952 1474 1973 uxorum
1485 1963 1494 1977 ,
1505 1943 1520 1974 a
1530 1943 1635 1977 fratris,
1648 1944 1663 1975 a
1676 1943 1807 1974 liberum
1815 1945 1898 1986 poenis
1905 1943 2008 1974 astum
2016 1941 2072 1973 effe
2082 1952 2160 1983 prae-

1201 1989 1325 2027 cipitem
1339 1988 1371 2015 in
1390 1986 1600 2015 sceleratorum
1616 1986 1716 2017 sedem
1728 2006 1736 2020 ‚
1756 1996 1843 2027 atque
1858 1988 2024 2027 regionem.
2051 1994 2118 2025 quae
2134 1981 2158 2014 fi

1202 2028 1272 2059 falsa
1293 2028 1380 2061 sunt,
1403 2027 1434 2057 id
1455 2027 1537 2067 quod
1554 2037 1662 2058 omnes
1682 2029 1874 2069 intelligunt,
1893 2027 1967 2069 quid
1985 2029 2012 2057 ei
2030 2026 2154 2057 tandem

1201 2070 1282 2101 aliud
1303 2078 1385 2099 mors
1393 2070 1511 2108 eripuit,
1520 2077 1625 2108 praeter
1632 2070 1742 2110 sensum
1751 2070 1845 2099 doloris
1856 2074 1867 2099 ἓ
1890 2073 1952 2110 Age
1961 2066 2033 2098 vero
2043 2088 2052 2100 ,
2063 2077 2156 2097 vene-

1204 2122 1281 2142 num
1298 2121 1350 2151 per
1360 2121 1451 2151 quem
1460 2110 1586 2141 datum?
1605 2121 1656 2151 per
1674 2114 1718 2141 M.
1730 2112 1886 2141 Asellium.

1205 2156 1296 2184 Avito
1309 2156 1320 2182 ?
1341 2152 1432 2182 nihil:
1445 2161 1531 2192 atque
1539 2152 1627 2186 adeo,
1639 2151 1720 2193 quod
1731 2153 1782 2182 ille
1792 2153 1956 2192 Oppianico
1964 2149 2157 2182 familiariffi—

1208 2195 1257 2225 me
1277 2194 1319 2225 est
1338 2194 1406 2224 usus
1419 2213 1428 2228 ‚
1449 2192 1465 2213 ⁶
1481 2195 1581 2233 potius
1597 2196 1687 2224 etiam
1700 2192 1840 2223 fimultas.
1861 2195 1938 2223 Eine
1949 2194 2051 2233 igitur,
2062 2202 2155 2232 quem

1206 2235 1258 2266 fibi
1268 2234 1460 2265 offenfiorem
1471 2255 1480 2268 ,
1499 2236 1664 2274 Oppianico
1680 2233 1942 2265 familiarissimum
1962 2233 2068 2264 sciebat
2078 2232 2136 2264 ess'e
2146 2252 2159 2268 ‚

1205 2276 1393 2318 potissimum
1410 2276 1536 2306 &suum
1548 2276 1658 2309 scelus,
1679 2276 1712 2305 &
1731 2276 1811 2305 illius
1829 2276 1998 2315 periculum
2011 2277 2160 2306 commit—

1206 2319 1305 2349 tebat?
1321 2327 1373 2348 cur
1385 2317 1494 2347 deinde
1504 2325 1533 2346 tu
1546 2337 1555 2350 ,
1574 2319 1626 2357 qui
1637 2319 1744 2357 pietate
1755 2317 1791 2347 ad
1800 2317 1996 2347 accusandum
2014 2318 2160 2348 excitatus

1205 2370 1235 2390 es
1247 2380 1256 2393 ‚
1277 2361 1358 2389 hunc
1367 2359 1513 2388 Asellium
1527 2356 1585 2388 effe
1594 2360 1727 2388 inultum
1738 2358 1853 2389 tamdiu
1870 2357 1939 2389 finis
1949 2363 1960 2388 ?
1971 2369 2023 2389 cur
2035 2368 2098 2388 non
2117 2361 2159 2389 A-

1206 2403 1263 2431 viti
1275 2401 1416 2440 exemplo
1430 2401 1498 2430 usus
1508 2410 1550 2433 es,
1561 2409 1594 2430 ut
1608 2401 1768 2440 perillum,
1783 2402 1834 2440 qui
1844 2399 1983 2431 attuliss'et
1993 2409 2160 2435 venenum,

1208 2443 1244 2473 de
1256 2444 1313 2472 hoc
1326 2442 1562 2481 praejudicaretur
1575 2444 1586 2470 ?
1605 2444 1673 2483 Jam
1691 2441 1764 2472 vero
1775 2442 1850 2472 illud
1868 2442 1959 2483 quam
1978 2452 2043 2472 non
2053 2442 2161 2482 proba-

1208 2484 1269 2514 bile
1281 2505 1288 2517 ‚
1309 2484 1399 2525 quam
1418 2482 1590 2513 inusitatum
1603 2503 1612 2517 ,
1627 2482 1743 2523 judices
1755 2503 1763 2517 ‚
1786 2484 1876 2523 quam
1896 2494 2012 2514 novum
2026 2503 2034 2517 ,
2052 2484 2164 2525 inpane

1207 2526 1309 2556 datum
1327 2535 1463 2555 venenum
1478 2529 1489 2554 Ξ
1512 2530 1526 2554 7
1546 2525 1711 2556 Faciliusne
1727 2528 1844 2566 potuit,
1868 2525 1958 2567 quam
1977 2528 2011 2556 in
2028 2526 2163 2566 poculo?

2052 2571 2062 2587 ¹
2077 2567 2168 2597 latius

262 2716 284 2733 i.
305 2710 430 2734 Mulierem
439 2709 488 2733 rimi
498 2709 581 2742 cmssir
591 2709 617 2733 de
620 2708 774 2743 scfloribm]
786 2707 929 2735 Lambinus
941 2705 1088 2741 tiseHoribm
1098 2716 1104 2730 .-
1114 2715 1172 2733 cum
1215 2709 1316 2733 temere
1327 2706 1384 2741 ejici
1396 2705 1501 2732 debeat.

222 2751 309 2770 tamen
331 2745 435 2779 vulgati
447 2744 561 2771 lectione
572 2744 637 2771 niliil
650 2745 680 2772 sit
696 2744 832 2776 usitatius5
854 2750 1011 2778 tucaturque
1029 2742 1054 2770 se
1073 2742 1176 2779 scriptis

223 2779 353 2815 editisque
364 2781 495 2806 omnibus.

1250 2751 1278 2775 4.
1300 2746 1369 2769 Nemo
1378 2744 1462 2768 audire
1473 2762 1480 2774 ‚
1490 2751 1554 2767 nemo
1562 2740 1671 2775 alloqui]
1685 2739 1749 2767 Non
1760 2740 1834 2777 potui
1845 2738 1988 2766 excludere
1998 2739 2063 2765 hanc
2073 2738 2170 2766 Ιοέὶὶο-

1216 2789 1275 2805 nem
1288 2787 1370 2805 rutam
1383 2789 1434 2805 uon
1446 2777 1528 2804 solum
1542 2778 1666 2803 Palnmis
1677 2776 1739 2803 030
1750 2796 1759 2808 ‚
1778 2778 1842 2803 item
1854 2775 1954 2811 scriptis
1966 2775 2088 2802 Lambini
2100 2795 2108 2807 ,
2120 2774 2171 2809 ‚fied

261 2825 288 2841 2.
306 2819 340 2841 A.
353 2819 462 2842 munium
478 2817 620 2851 quendam]
643 2817 748 2845 Paullus
760 2817 865 2845 Merula
881 2816 912 2843 ad
924 2816 1038 2843 Ennium
1057 2815 1177 2851 cupiebat
1216 2817 1243 2842 δε
1257 2815 1439 2843 vetustioribus
1449 2813 1622 2842 editionibus.
1642 2812 1709 2840 haud
1729 2820 1816 2840 tamen
1830 2813 1919 2848 iucptc
1929 2812 2001 2848 prius
2020 2811 2151 2848 publicata
2162 2829 2172 2843 ,

225 2854 257 2877 A.
269 2854 362 2877 Rissium
374 2872 380 2883 ,
392 2854 516 2888 quoniam
528 2853 580 2879 lia-c
589 2863 652 2888 gens
664 2862 737 2886 uota,
747 2855 792 2881 illa
802 2864 865 2881 nou.
885 2861 1007 2889 tanquam
1018 2851 1114 2878 scilicet
1126 2852 1178 2878 tale

227 2887 289 2923 quid
302 2889 451 2923 requiratur
462 2889 486 2915 iu
498 2898 622 2924 caupone.
636 2890 676 2916 {cd
689 2898 773 2917 tamen
786 2890 899 2917 hominis
910 2889 985 2924 hujus
996 2898 1091 2916 nomeu
1104 2888 1177 2914 valde

229 2924 398 2963 variam-uam
410 2925 473 2950 olim
486 2925 534 2950 cusi
547 2944 555 2956 ‚
575 2928 684 2951 Brivium
697 2933 781 2953 vocat.
803 2926 859 2953 Pal.
871 2926 949 2962 prim.
961 2932 1047 2961 quart.
1059 2924 1123 2962 sept.
1134 2927 1178 2951 Bi-

224 2964 300 2985 m'um.
320 2960 423 2986 lecund.
434 2963 539 2986 Bivium.
550 2968 612 2987 tert.
624 2963 710 2997 quint.
726 2963 869 2999 anm,qui
880 2962 966 2999 quint.
977 2960 1003 2987 su
1025 2960 1177 2996 crscriptum

228 2995 303 3036 habet
315 2997 417 3022 Bibmm.
437 2995 503 3023 sext.
514 3000 546 3024 A.
555 2999 668 3023 Albinum
679 3017 687 3030 ,
707 2999 777 3035 quod
788 3000 815 3025 8<
827 3000 852 3026 in
863 3000 959 3026 ottavo
971 3017 979 3031 ‚
997 2971 1041 3025 [Ξά
1051 2997 1102 3024 fine
1112 3005 1179 3033 prae-

228 3040 347 3059 nomine.

266 3076 279 3102 3
287 3087 292 3093 .
313 3071 341 3092 Ut
350 3075 520 3100 oppucnaremr
528 3067 543 3094 ἢ
551 3071 639 3102 perdito
650 3070 683 3105 J]
694 3071 776 3097 Vetus
787 3070 870 3098 editio
881 3091 888 3102 ‚
900 3072 964 3098 item
976 3069 1033 3097 Pal.
1044 3069 1092 3096 sec.
1104 3079 1131 3095 ne
1141 3076 1180 3101 op-

223 3110 390 3135 pugnaretur,
401 3105 427 3130 8(
439 3106 533 3131 acriter
542 3105 662 3131 defendit
674 3107 828 3133 Lambinus.
848 3107 890 3133 sed
902 3108 970 3133 enim
982 3116 1040 3133 cum
1051 3106 1077 3133 in
1089 3104 1180 3142 pleris-

229 3148 280 3176 que
290 3138 350 3167 edd.
369 3140 433 3168 item
444 3141 513 3169 Pau.
530 3141 627 3177 septem
638 3142 717 3170 restet
726 3143 810 3171 altera
820 3143 945 3179 scriptura
956 3153 964 3176 3
984 3152 1037 3171 non
1046 3141 1124 3171 vidc‘o
1134 3150 1181 3170 cur

1216 2862 1277 2878 mmo
1288 2855 1364 2878 adire.

1255 2897 1280 2922 5.
1302 2892 1370 2914 Nemo
1380 2887 1514 2922 respit-ern]
1527 2884 1671 2913 Lambinus
1684 2904 1692 2917 ,
1703 2884 1829 2918 adspicere.
1849 2892 1895 2910 cur
1908 2882 2014 2920 quaeso?
2033 2892 2092 2910 nam
2103 2883 2173 2910 alte-

1219 2933 1276 2951 rum
1288 2924 1409 2960 prosc-&o
1419 2933 1510 2950 omues
1521 2922 1655 2958 occupavit
1667 2921 1758 2947 libros.

1255 2962 1283 2986 6.
1301 2964 1385 2986 'Potius
1393 2959 1602 2993 ctiamfimultat]
1615 2958 1659 2984 Est
1668 2959 1682 2983 a
1693 2956 1790 2992 septem
1802 2955 1939 2982 Palatinis.
1956 2954 2027 2981 solus
2037 2955 2106 2981 euim
2117 2954 2175 2991 pri-

1220 3005 1277 3023 mus
1289 2996 1377 3023 habuit
1388 2997 1454 3023 illud
1466 2995 1544 3021 hodie
1555 2996 1690 3029 vulgatum
1702 3012 1711 3026 ,
1728 2996 1800 3018 etiam
1810 2999 1892 3018 contra
1902 2993 2012 3026 simultas
2020 3003 2029 3024 ‚·
2049 2990 2119 3026 quod
2131 2999 2174 3017 re-

1221 3032 1315 3069 spuunt
1325 3032 1423 3068 alioqui
1434 3031 1581 3068 antiquitus
1592 3029 1653 3056 culi.

1255 3077 1284 3102 7.
1303 3069 1515 3101 Faciliusnepolmr
1523 3066 1595 3102 quiim
1603 3069 1629 3092 in
1634 3065 1737 3100 poculo]
1747 3064 1812 3090 Non
1823 3062 1996 3100 reprehendO.
2007 3062 2073 3089 libet
2084 3069 2172 3089 tamen

1220 3104 1336 3131 indicare
1349 3124 1356 3136 ‚
1374 3105 1488 3130 amicum
1499 3102 1616 3130 nostrum
1625 3101 1754 3135 conjicere
1766 3108 1774 3130 ;
1794 3100 1820 3126 in
1835 3108 1899 3134 pane
1915 3100 1997 3126 datum
2006 3108 2121 3125 venenum
2128 3106 2173 3132 so-

1221 3143 1270 3168 tim
1281 3161 1290 3175 ,
1300 3150 1371 3177 quam
1378 3143 1404 3168 s'n
1409 3142 1500 3175 poculo.
1518 3138 1610 3167 omisso
1619 3135 1808 3173 illofaciliusne.
2095 3171 2117 3196 L
2150 3170 2153 3173 Ι

2063 3178 2087 3201 1.
2118 3175 2183 3196 tut-'⁴⁶5

1911 2109 1992 2151 Qid
2003 2110 2072 2139 huic
2082 2118 2153 2138 cum
2178 2118 2228 2152 52
