2297 3389
5 201 21 312 r-varg

36 498 40 505 ἡ
34 455 42 481 ,ι
36 407 43 443 w·
34 202 44 390 ono-*⁹⁸⁴⁴

759 112 891 158 LIB.
930 113 992 159 11.
1041 129 1106 160 uz
1153 113 1208 159 C.
1246 107 1540 160 VERREM.

165 193 237 217 natu
249 195 255 216 τ
277 185 323 217 hae
340 184 450 217 debent
468 182 502 215 &
518 181 624 224 populi
635 182 771 213 Romani
782 182 814 212 &
824 183 940 213 senatus
950 182 1126 214 existimari.

164 226 299 259 Halefini
306 237 361 268 pro
371 227 475 257 multis
486 225 519 256 &
536 227 654 266 magnis
676 225 735 255 suis
746 244 756 258 ,
779 225 989 265 majorumque
1000 224 1124 255 suorum

163 271 198 300 in
209 279 303 309 remp.
316 267 446 299 nostram
457 269 573 297 meritis
582 286 592 301 ‚
602 275 687 308 atque
700 265 865 298 beneficiis,
881 266 935 295 suo
940 268 1006 305 jure
1018 275 1123 306 nuper,

163 312 201 343 L.
212 312 346 344 Licinio,
360 312 417 351 Q·
427 311 529 339 Mutio
539 311 627 339 Coss.
639 307 711 338 cum
721 307 864 338 haberent
873 309 951 337 inter
959 307 987 337 se
999 315 1124 337 contro-

163 351 265 383 verfias
274 351 309 382 de
319 351 420 381 senatu
434 350 605 390 cooptando
616 370 625 384 ,
647 351 725 394 leges
735 349 771 380 ab
781 349 883 379 senatu
894 347 999 378 nostro
1008 350 1123 395 petive—

161 402 242 425 runt.
273 393 414 423 Decrevit
422 392 539 423 senatus
550 392 722 422 honorifico
734 395 763 422 S.
776 393 809 421 C.
821 391 909 421 uthis
921 393 953 421 C.
969 389 1120 424 Claudius,

162 436 252 475 Appii
270 432 351 463 filius
361 453 370 467 ,
392 434 519 464 Pulcher
528 454 537 468 ‚
555 443 664 475 praetor
675 454 684 467 ,
704 433 740 463 de
750 433 852 463 senatu
861 431 1122 479 cooptando-leges-

161 475 370 507 conscriberet.
392 477 423 506 C.
438 475 589 509 Claudius,
598 475 737 506 adhibitis
748 474 895 505 omnibus
904 473 1123 514 Marcellis,qui

161 526 227 548 tum
237 526 328 551 erant,
340 517 377 548 de
387 528 494 548 eorum
500 518 640 557 sententia
649 518 727 559 leges
737 514 885 548 Halesinis
897 515 995 546 dedit:
1011 517 1044 544 in
1054 517 1123 556 qui-

160 559 216 589 bus
226 559 322 590 multa
329 559 426 590 sanxit
434 559 471 589 de
484 567 564 589 aetare
577 561 752 594 hominum,
767 569 805 588 ne
814 559 880 600 quis
890 559 994 587 minor
1003 559 1122 597 triginta

159 601 246 631 annis
256 609 326 631 natu
338 611 343 630 :
364 601 400 631 de
410 600 512 643 questu
519 621 529 636 ‚
543 611 635 643 quem
645 604 698 642 qui
708 599 820 631 feciss'et
830 620 838 633 ,
853 610 892 629 ne
901 599 1045 640 legeretur
1057 609 1062 627 z
1085 598 1122 628 de

159 642 251 682 censii,
262 642 297 673 de
309 645 413 673 ceteris
422 643 522 674 rebus.
535 653 602 684 quae
613 645 718 673 omnia
727 651 793 673 ante
803 641 894 672 istum
905 649 1075 680 praetorem,
1090 640 1122 670 δε

160 683 333 714 nostrorum
343 684 570 726 magistratuum
579 684 763 718 audioritatffi
774 684 806 713 δε
816 681 1028 713 Halesinorum
1039 682 1122 712 sum-

133 738 136 744 *
162 734 213 756 ma
223 726 375 756 voluntate
386 727 554 757 valuerunt.
575 727 610 757 ab
622 726 677 757 isto
688 726 721 756 δε
729 734 836 766 praec0‚
849 725 1017 765 quivoluit‚
1029 722 1121 754 istum

95 943 142 977 50

159 767 301 798 Ordinem
308 770 404 808 pretio
416 778 561 799 mercatus
571 767 628 799 est:
644 768 677 798 δε
688 769 772 808 pueri
783 776 933 811 annorum
944 763 1063 812 senum,
1076 766 1120 795 se—

158 817 343 851 ptenumque
362 808 494 845 denum,
506 811 681 850 senatorium
693 819 787 838 nomen
799 808 948 837 nundinati
955 807 1027 847 sunt
1039 818 1050 834 .·
1074 807 1119 840 &,

158 851 241 891 quod
251 850 393 886 Halefini,
403 850 598 893 antiquiffimi
610 852 642 882 &
653 850 815 882 fidelissimi
825 850 907 884 socii,
918 858 1005 890 atque
1015 850 1118 896 amic-i,

161 894 271 924 Romae
280 895 470 934 impetrarant
480 914 488 926 ,
502 903 534 923 ut
544 893 620 933 apud
630 894 658 923 se
669 904 706 923 ne
717 891 862 934 suffragiis
871 891 996 932 quidem
1007 888 1071 920 fieri
1082 891 1119 920 li-

160 944 248 968 ceret,
259 934 288 965 id
299 938 405 974 pretio,
419 943 451 965 ut
462 934 525 965 fieri
532 934 638 975 posset,
650 934 758 965 effecit.
789 934 977 976 Agrigentini
987 933 1023 978 de
1034 932 1119 962 sena-

159 984 192 1007 tu
202 976 371 1016 cooptando
379 978 526 1017 Scipionis
537 977 615 1018 leges
625 979 759 1017 antiquas
768 976 887 1006 habent.
910 977 947 1004 in
963 973 1072 1020 quibus
1083 974 1116 1004 &

159 1017 264 1048 eadem
275 1018 326 1048 illa
334 1017 432 1048 saffira
441 1019 508 1048 sunt
517 1038 525 1052 ,
543 1019 575 1049 δε
584 1020 643 1049 hoc
652 1019 781 1058 amplius
792 1028 797 1047 :
819 1016 893 1047 cum
904 1020 1117 1057 Agrigentino-

158 1069 226 1090 rum
238 1059 299 1089 duo
308 1070 415 1100 genera
423 1058 479 1090 fint
489 1080 498 1094 ‚
509 1070 606 1090 unum
615 1070 752 1090 veterum
763 1079 771 1093 ,
783 1059 910 1090 alterurn
920 1059 1114 1090 colonorum,

159 1104 171 1121 ¹
182 1110 258 1142 quos
278 1104 317 1131 T.
327 1102 460 1132 Manlius
479 1111 587 1142 praetor
608 1112 646 1132 ex
663 1105 691 1133 S.
703 1104 735 1132 C.
754 1102 791 1132 de
801 1101 921 1141 oppidis
944 1099 1116 1130 Siculorum

153 1141 284 1173 vdeduxit
301 1145 499 1185 Agrigentum
513 1155 520 1173 2
552 1153 675 1174 cautum
692 1143 735 1174 est
754 1146 787 1174 in
813 1144 963 1182 Scipionis
989 1141 1114 1182 legibus,

158 1194 198 1214 ne
213 1185 311 1225 plures
330 1184 423 1215 essent
440 1188 473 1216 in
490 1186 590 1216 senatu
610 1196 649 1217 ex
661 1187 843 1216 colonorum
853 1193 984 1230 numero
995 1203 1003 1218 ‚
1023 1186 1115 1230 quam

156 1228 173 1246 ⁸
182 1236 220 1256 cx
237 1234 336 1257 vetere
353 1229 630 1268 Agrigentinorum.
662 1227 718 1257 Iste
729 1247 738 1261 ‚
762 1237 814 1267 qui
831 1229 937 1256 omnia
943 1236 1010 1265 jura
1019 1234 1115 1265 pretio

156 1266 344 1309 exaequasset,
354 1271 555 1310 omniumque
565 1279 664 1299 rerum
675 1268 826 1300 delestum
838 1289 846 1302 ,
857 1277 944 1308 atque
953 1267 1115 1313 discrimen

153 1317 274 1351 pecunia
282 1309 453 1350 fhstultffet:
474 1321 538 1341 non
551 1310 646 1341 modo
657 1311 707 1341 illa
716 1330 724 1345 ,
743 1321 808 1351 quae
818 1311 999 1340 erantaetatis
1011 1329 1020 1341 ,
1033 1307 1115 1338 ordi-

158 1353 207 1381 nis
216 1372 225 1386 ,
235 1351 419 1392 quaestusque
428 1353 621 1392 permiscuit:
638 1352 687 1383 sed
698 1361 788 1383 etiam
799 1353 832 1381 in
839 1353 885 1380 his
895 1350 1012 1381 duobus
1024 1359 1115 1391 gene-

155 1393 250 1427 ribus,
261 1396 375 1423 civium
386 1404 549 1427 novorum,
559 1403 765 1434 veterumque,
775 1392 925 1424 deiectum
938 1413 946 1427 ‚
957 1391 1115 1438 ordinem-

156 1444 216 1476 que
222 1435 360 1465 turbavit.
383 1438 465 1466 Nam
476 1456 485 1469 ,
497 1435 568 1465 cum
579 1435 648 1466 esset
658 1446 694 1466 ex
705 1445 840 1466 veterum
850 1444 981 1464 numero
990 1432 1114 1474 quidam

157 1477 272 1507 senator
281 1476 456 1507 demortuus
465 1498 473 1511 ,
488 1479 520 1508 &
527 1476 600 1508 cum
611 1488 646 1508 ex
658 1487 784 1518 utroque
792 1487 899 1518 genere
908 1486 958 1517 par
966 1485 1111 1505 numerus

156 1518 289 1559 reliquus
299 1517 384 1549 effet:
398 1528 530 1550 veterem
539 1522 672 1560 cooptari
680 1518 794 1550 necefl'e
803 1529 864 1550 erat
871 1519 985 1560 legibus
994 1537 1003 1551 ,
1023 1521 1034 1544 3
1047 1525 1079 1546 ut
1089 1519 1114 1546 is

155 1561 285 1600 amplior
293 1570 438 1592 numerus
447 1560 527 1592 esset.
557 1560 703 1602 quaecum
715 1564 754 1592 ita
763 1562 791 1591 se
799 1571 845 1591 res
854 1561 988 1591 haberet:
1012 1568 1115 1590 tamen

157 1601 194 1632 ad
212 1601 304 1632 istum
322 1612 469 1634 venerunt
486 1613 602 1634 emtum
621 1604 724 1634 locum
742 1603 833 1634 illum
851 1604 1033 1634 senatorium
1049 1610 1113 1630 non

157 1642 260 1674 solum
268 1653 382 1675 veteres
391 1665 400 1679 ,
424 1645 473 1675 sed
484 1647 573 1676 etiam
584 1648 671 1676 novi.
694 1644 728 1675 fit
746 1654 779 1675 ut
788 1646 878 1687 pretio
891 1653 989 1674 novus
1003 1646 1113 1675 vincat,

154 1684 324 1727 litterasque
341 1685 358 1717 a
374 1696 499 1727 praetore
516 1687 636 1717 auferat.
660 1689 850 1729 Agrigentini
859 1687 894 1717 ad
903 1685 996 1716 istum
1004 1686 1115 1726 legatos

157 1727 301 1762 mittunt,
325 1730 378 1769 qui
388 1739 460 1759 eum
469 1730 547 1770 leges
556 1730 684 1760 doceant
694 1750 702 1763 ,
721 1728 1035 1768 consuetudinemque
1045 1737 1115 1774 om-

157 1770 247 1799 nium
257 1779 408 1800 annorum
421 1770 644 1802 demonstrent:
666 1780 699 1802 ut
707 1771 760 1802 iste
770 1771 968 1812 intelligeret,
993 1771 1020 1799 ei
1034 1769 1063 1799 se
1076 1769 1115 1798 il—

156 1810 225 1842 l'um
234 1811 339 1842 locum
349 1811 516 1843 vendidisse
527 1834 536 1847 ,
557 1816 606 1844 cui
623 1823 663 1844 ne
679 1815 903 1844 commercium
918 1811 1043 1853 quidem
1057 1808 1115 1857 else

156 1861 313 1893 oporteret.
335 1864 467 1895 quorum
477 1858 611 1885 oratione
621 1854 685 1890 iste,
693 1854 766 1886 cum
776 1857 908 1895 pretium
914 1855 977 1894 jam
987 1852 1113 1892 accepis-

155 1894 200 1925 [ετ
209 1914 218 1928 ,
240 1905 277 1925 ne
285 1896 437 1926 tantulum
447 1896 571 1937 quidem
580 1905 754 1927 commotus
764 1896 815 1926 est.
838 1896 923 1926 Idem
939 1894 1010 1925 fecit
1020 1897 1114 1924 Hera-

155 1936 240 1966 cleae.
263 1946 334 1967 nam
344 1935 381 1966 εὸ
389 1947 509 1978 quoque
518 1939 645 1969 colonos
655 1941 687 1969 P.
699 1939 843 1978 Rupilius
855 1938 997 1968 deduxit:
1020 1936 1114 1981 leges-

157 1987 216 2018 que
226 1975 350 2008 simileis
358 1978 394 2008 de
405 1979 575 2020 cooptando
586 1980 688 2010 senatu
697 1999 707 2014 ‚
729 1990 761 2009 ac
773 1979 810 2009 de
823 1989 952 2009 numero
962 1986 1112 2012 veterum,

155 2028 190 2048 ac
199 2029 353 2050 novorum
363 2020 454 2051 dedit.
476 2021 523 2051 Ibi
533 2031 596 2051 non
606 2020 706 2052 solum
718 2020 783 2055 iste,
796 2029 827 2050 ut
837 2020 914 2060 apud
922 2029 1035 2050 ceteros
1044 2039 1052 2052 ‚
1063 2026 1112 2060 pe-

155 2061 271 2090 cuniam
281 2062 406 2103 accepit:
430 2062 477 2092 sed
492 2065 582 2093 etiam
595 2073 702 2104 genera
719 2072 855 2093 veterum
866 2081 875 2096 ‚
897 2072 930 2092 ac
944 2070 1110 2093 novorum,

158 2111 380 2144 numerumque
388 2105 569 2143 permiscuit.
600 2105 705 2134 Nolite
716 2103 895 2144 exspefihre,
906 2103 980 2133 dum
990 2112 1111 2149 omneis

157 2144 265 2175 obeam
285 2147 420 2175 oratione
438 2156 506 2176 mea
523 2148 668 2176 civitates.
689 2150 708 2172 4
720 2147 778 2176 hoc
788 2156 850 2175 uno
858 2143 1047 2184 complefimr
1054 2154 1113 2189 cri-

157 2188 244 2217 mine
264 2188 370 2217 omnia
382 2197 388 2216 :
410 2198 545 2217 neminem
566 2187 613 2223 isto
631 2195 741 2229 praetore
745 2188 899 2227 senatorem
908 2186 973 2225 fieri
984 2185 1110 2226 potuisse,

157 2227 212 2269 nisi
220 2229 273 2269 qui
285 2227 329 2265 isti
337 2230 484 2269 pecuniam
494 2229 614 2267 dediffir.
648 2232 717 2260 Hoc
725 2230 807 2259 idem
816 2228 962 2259 transfero
973 2237 1006 2257 in
1016 2229 1111 2272 magi-

157 2268 272 2304 stratus,
282 2272 450 2302 curationes
460 2291 468 2305 ‚
480 2271 654 2302 sacerdotia:
678 2271 787 2312 quibus
796 2274 829 2300 in
838 2270 926 2300 rebus
937 2279 1002 2299 non
1011 2270 1110 2300 solum

157 2312 323 2342 hominum
328 2314 340 2353 j
344 2322 404 2347 ura,
416 2313 465 2343 sed
475 2316 566 2343 etiam
576 2313 702 2343 deorum
713 2313 875 2354 religiones
886 2312 1111 2342 immortalium

158 2355 279 2390 omneis
288 2354 465 2394 repudiavit.
487 2353 630 2395 Syracusis
640 2358 652 2382 5
662 2356 711 2385 lex
721 2350 764 2387 est
774 2355 811 2385 de
820 2355 964 2395 religione
974 2373 984 2388 ,
1002 2363 1068 2394 quae
1078 2354 1111 2383 in

155 2403 252 2425 annos
260 2394 391 2436 fingulos
398 2398 484 2438 Jovis
493 2397 673 2428 sacerdotem
685 2395 787 2427 sortito
797 2399 861 2436 capi
868 2398 878 2436 j
884 2395 991 2426 ubebat
1002 2406 1007 2424 :
1026 2395 1110 2436 quod

155 2437 233 2476 apud
241 2437 312 2468 illos
320 2437 537 2478 ampliffimum
547 2438 743 2469 sacerdotium
752 2447 880 2479 putatur.
912 2436 992 2468 Cum
1006 2435 1109 2468 suffra-

154 2481 214 2519 giis
224 2488 280 2510 tres
290 2490 328 2510 ex
337 2481 431 2511 tribus
438 2481 596 2521 generibus
606 2489 695 2511 creati
704 2481 722 2511 s
720 2490 783 2515 unt,
788 2490 833 2510 res
843 2488 997 2510 revocatur
1004 2479 1039 2509 ad
1048 2479 1110 2509 sor—

154 2528 231 2560 tem:
254 2520 415 2552 Perfecerat
421 2522 474 2552 iste
484 2523 596 2565 imperio
608 2543 616 2556 ‚
632 2531 664 2552 ut
672 2532 727 2562 pro
737 2521 875 2563 suffragio
885 2520 1111 2567 Theomnastus

157 2560 311 2597 familiaris
320 2563 390 2594 suus
399 2566 432 2594 in
441 2564 534 2594 tribus
544 2565 606 2594 illis
615 2566 846 2595 renunciaretur.
856 2565 889 2593 in
899 2564 986 2597 sorte,
997 2565 1046 2593 cui
1055 2573 1111 2592 zm-

152 2610 248 2644 perare
259 2615 322 2635 non
331 2614 446 2645 poterat
456 2626 466 2639 ‚
481 2605 691 2646 exspeEkabant
699 2607 841 2636 homines
851 2625 860 2640 ‚
871 2605 1017 2646 quidnam
1026 2604 1110 2635 aistu-

157 2654 207 2676 ωε
217 2644 294 2677 cfl‘et.
316 2648 413 2678 homo
424 2668 432 2682 ,
446 2648 476 2678 id
486 2648 568 2689 quod
576 2657 635 2679 erat
643 2646 836 2682 facillimum,
851 2645 952 2688 primo
962 2655 1040 2678 vetat
1049 2647 1110 2678 sor—

196 2755 219 2772 i.
237 2747 299 2778 Qos
308 2751 335 2773 T.
344 2749 457 2774 Manlius
461 2747 572 2780 prator]
593 2747 789 2781 Ex-aminabunt
805 2747 875 2774 fastis
886 2747 988 2774 addicti
998 2746 1111 2783 scriptu-

159 2789 215 2808 ram
226 2782 304 2809 Fabr.
314 2783 342 2809 δε
354 2783 459 2809 Metell.
469 2784 496 2809 iii
507 2783 601 2818 quibus
611 2787 643 2810 L.
654 2786 777 2811 Manlius.

195 2826 223 2844 a..
242 2821 397 2845 Exveterum
404 2820 631 2854 Agrigentinorum]
643 2820 684 2845 Sic
696 2829 766 2846 nunc
775 2819 862 2856 paffim
875 2819 939 2846 editi
951 2831 957 2846 ;
979 2819 1020 2846 sed
1033 2829 1083 2846 non
1096 2821 1111 2847 'a

158 2852 245 2886 libris,
256 2863 347 2881 vei-um
359 2856 373 2881 ὲ.
384 2855 536 2889 conjectura
545 2855 703 2883 Hotomani.
723 2855 811 2892 scripti
821 2857 892 2883 enim
903 2855 983 2883 nostri
994 2856 1112 2892 editique

157 2898 187 2916 ex
195 2894 271 2916 veteri
277 2894 488 2924 Agrigentinomm.

197 2934 224 2962 3.
234 2928 299 2954 Utis
308 2928 550 2962 ampliornumerus]
570 2929 611 2955 lta
620 2928 676 2955 Pal.
687 2927 736 2954 sec.
757 2927 836 2955 Fabr.
855 2928 962 2955 Metell.
981 2937 1039 2955 nam
1052 2929 1112 2955 vul-

158 2969 221 2996 gata
233 2981 240 2994 ,
259 2969 286 2988 ut
294 2964 329 2989 hic
338 2965 440 2996 amplius
447 2973 569 2991 numerus.
588 2964 673 2992 Palat.
683 2965 763 3001 prim.
775 2974 827 2991 non
838 2964 955 3000 agnoscit
966 2972 993 2990 ut
1001 2966 1036 2991 his
1047 2984 1055 2997 ,
1066 2973 1111 2992 aut

159 2997 231 3024 aliud
241 2998 295 3031 ejus
306 2998 376 3025 loco.

196 3041 225 3065 4.
243 3038 288 3059 Hoc
304 3044 349 3061 uno
366 3037 495 3069 compleb‘ior
503 3038 598 3062 crimine
606 3037 709 3071 omnia]
730 3037 790 3063 Vox
800 3039 897 3063 crimine
906 3046 956 3063 non
968 3037 1003 3063 est
1014 3037 1040 3064 in
1053 3038 1111 3063 Me-

158 3069 220 3096 zclli
230 3070 385 3098 membranis
396 3080 405 3102 3
416 3072 444 3097 δε
454 3071 538 3098 reste.
559 3082 619 3100 iiam
629 3075 668 3099 hoc
677 3092 686 3106 ,
697 3073 801 3109 respicit
809 3072 842 3099 ad
852 3073 1063 3100 enunciationem
1074 3072 1112 3099 se-

162 3112 287 3140 quentem
299 3125 308 3137 ,
319 3109 436 3132 Neminem
443 3110 483 3139 isto
491 3108 542 3138 (lje.

126 3167 129 3172 ,
197 3149 225 3175 5.
240 3143 294 3168 Lex
302 3142 370 3170 eft'de
379 3145 483 3177 religione
492 3143 565 3180 qua]
577 3143 649 3173 Illud
659 3145 686 3173 dc
695 3146 800 3180 religione
810 3163 819 3179 ,
831 3144 916 3174 videri
927 3152 1006 3181 queat
1015 3148 1030 3174 ὲ
1041 3154 1113 3174 mai·-

1168 182 1235 211 tiri:
1246 181 1334 221 jubet
1346 190 1428 211 extra
1436 183 1540 222 fhrtem
1554 183 1798 215 Theomnastum
1817 186 1993 216 renuntiari.
2025 198 2135 230 negant

1168 223 1199 252 id
1208 224 1378 262 Syracusani
1388 234 1440 264 per
1450 226 1612 266 religiones
1621 227 1773 257 sacrorum
1783 227 1847 258 ullo
1859 228 1953 258 modo
1965 228 2029 259 lieri
2039 230 2132 270 posse:

1166 263 1210 294 fas
1221 265 1280 294 den
1288 266 1355 305 ique
1365 276 1473 307 negant
1484 267 1550 297 effe.
1578 269 1664 308 jubet
1676 269 1726 299 ille
1734 267 1789 300 fibi
1798 269 1896 311 legem
1908 273 2032 301 recitari.
2057 275 2136 302 reci-

1167 314 1259 335 tatur:
1275 308 1308 335 in
1328 317 1383 347 qua
1392 309 1533 348 scriptum
1544 319 1618 344 emt,
1645 314 1716 344 Ur,
1742 319 1829 351 Qor
1853 321 1972 342 ESSENT
1995 323 2130 345 neuun·-

1167 356 1265 376 τιΑτι
1286 366 1295 381 ,
1328 359 1390 378 ror
1423 360 1460 378 IN
1492 360 1657 382 iiYnmAM
1689 362 1806 384 som-es
1831 363 2112 393 CONJICERENTUR
2126 368 2135 386 τ

1169 396 1267 426 cujus
1289 398 1409 419 NOMEN
1431 401 1586 427 exissem
1612 404 1656 424 στ
1681 405 1710 424 is
1733 404 1890 426 HABERET
1912 406 1947 425 ιι)
1957 406 2132 428 >sAcERno-

1167 439 1268 458 τιυΜ.
1291 429 1349 460 Iste
1360 451 1369 464 ,
1380 433 1475 462 homo
1485 435 1658 475 negotiosus
1671 455 1679 470 ‚
1693 436 1725 466 &
1735 446 1890 476 peracutus
1901 458 1908 471 ,
1921 438 2044 478 Optime.
2056 459 2065 473 ‚
2083 442 2132 470 in-

1166 472 1251 511 quit,
1272 480 1382 511 nempe
1393 473 1536 513 scriptum
1546 478 1585 506 ita
1594 476 1636 507 est
1648 498 1656 511 ‚
1676 488 1750 518 quot
1759 481 1923 509 renuntiati
1938 490 2035 511 erunt.
2057 491 2133 522 quot

1167 522 1237 552 ergo
1249 513 1372 553 (inquit)
1384 514 1452 543 sunt
1461 520 1644 548 renuntiati?
1659 520 1853 559 responsum,
1875 530 1942 551 treS.
1968 523 2131 564 Numquid

1167 554 1258 594 igitur
1268 563 1387 593 oportet
1398 575 1406 588 ‚
1417 554 1473 585 nisi
1484 560 1553 587 treis
1564 559 1666 590 sorteis
1677 562 1805 601 conjici:
1818 572 1910 593 unam
1921 563 2008 594 educi
2021 566 2132 595 ?nihil.

1167 596 1382 634 Conjici'jubet
1393 599 1472 631 tren,
1483 600 1517 628 in
1528 600 1636 640 quibus
1644 603 1789 633 omnibus
1800 604 1943 644 scriptum
1953 604 2131 636 effetnomen

1166 636 1350 672 Theomnasti.
1383 640 1431 667 Fit
1449 640 1563 670 clamor
1579 645 1733 674 maximus
1744 664 1753 679 ‚
1772 643 1843 675 cum
1854 646 1884 676 id
1895 646 2038 677 universis
2048 649 2129 678 indi-

1163 688 1259 719 gnum
1271 699 1280 712 ,
1303 688 1390 719 atque
1409 679 1559 712 nefarium
1578 683 1738 715 videretur.
1762 689 1898 728 Itajovis
1908 689 1984 719 illud
1996 690 2130 721 sacerdo-

1167 729 1246 749 tium
1263 719 1483 761 ampiiffimum
1503 733 1554 762 per
1570 725 1646 755 hanc
1656 728 1804 757 rationem
1814 730 2023 761 Theomnasto
2033 732 2125 762 datur.

1167 763 1327 801 Cephaledi
1339 761 1448 792 menfis
1458 763 1501 794 est
1510 774 1606 796 certus
1616 785 1625 800 ‚
1648 777 1710 808 quo
1720 770 1822 799 mense
1833 771 2013 803 sacerdotem
2029 775 2130 804 maxi-
2146 779 2165 810 5
2174 780 2193 804 2

1167 814 1255 834 mum
1267 806 1355 834 creari
1367 814 1511 845 oporteat.
1543 810 1613 838 Erat
1623 809 1686 848 ejus
1696 811 1821 840 honoris
1833 813 1958 852 cupidus
1975 812 1990 834 ⁶
2001 817 2129 846 Artemo

1165 845 1288 885 quidam
1299 865 1307 880 ,
1319 846 1498 878 Climachias
1509 853 1693 890 cognomine
1705 871 1713 884 ,
1733 852 1828 882 homo
1839 854 1905 883 sane
1918 856 2048 896 locuples
2063 877 2070 889 .
2095 857 2130 888 &

1166 890 1253 917 domi
1264 888 1395 918 nobilis:
1412 889 1460 919 sed
1473 892 1498 919 is
1509 889 1573 920 fieri
1584 892 1671 921 nullo
1680 893 1776 923 modo
1785 904 1908 933 poterat,
1922 895 1941 925 si
1953 898 2130 929 Herodotus

1164 929 1288 969 quidam
1302 929 1419 961 adesset.
1444 933 1472 960 ei
1483 932 1566 962 locus
1575 933 1627 963 ille
1637 954 1645 967 ‚
1665 943 1751 975 atque
1762 936 1860 965 honos
1871 938 1902 967 in
1912 938 2001 968 illum
2011 950 2128 971 annum

1164 973 1202 1000 ita
1218 970 1310 1000 deberi
1317 971 1479 1013 putabatur
1489 993 1497 1007 ,
1522 983 1554 1004 ut
1565 985 1602 1005 ne
1613 976 1790 1007 Climachias
1801 978 1925 1018 quidem
1936 980 2038 1011 contra
2048 981 2129 1012 dice-

1161 1021 1214 1042 ret.
1237 1023 1282 1042 res
1291 1018 1326 1043 ad
1337 1013 1428 1044 istum
1439 1014 1571 1046 defertur
1583 1037 1591 1049 ,
1615 1017 1742 1048 &istius
1752 1029 1837 1049 more
1847 1020 2002 1051 deciditur.
2026 1032 2128 1053 toreu-

1164 1064 1243 1085 mata
1252 1055 1320 1085 sane
1330 1065 1401 1086 nota
1411 1076 1419 1090 ,
1440 1067 1472 1087 ac
1481 1059 1606 1097 pretiosa
1615 1059 1798 1090 auferuntur.
1831 1062 2003 1093 Herodotus
2015 1066 2126 1096 Romae

1161 1106 1222 1126 erat
1233 1106 1240 1126 ·.
1261 1097 1328 1127 satis
1337 1098 1458 1137 putabat
1467 1100 1496 1129 se
1506 1099 1541 1129 ad
1550 1103 1672 1131 comitia
1682 1111 1816 1142 tempore
1825 1113 1988 1135 venturum
2000 1125 2008 1138 ‚
2030 1104 2049 1135 si
2066 1109 2129 1146 pri-

1162 1137 1211 1168 die
1222 1137 1356 1169 veniss'et.
1380 1139 1456 1173 Iste,
1478 1151 1517 1170 ne
1528 1151 1577 1172 aut
1597 1153 1653 1171 aiio
1666 1144 1753 1183 menft
1767 1164 1774 1177 ‚
1799 1145 1889 1183 acfas
1901 1154 1979 1180 erat,
2003 1151 2130 1180 comitia

1159 1179 1347 1214 haberentur,
1358 1190 1406 1211 aut
1417 1183 1573 1213 Herodoto
1583 1185 1705 1225 prxsbriti
1721 1187 1800 1215 honos
1810 1187 1979 1216 adimeretur
1990 1188 2032 1227 (id
2045 1191 2129 1230 quod

1158 1221 1212 1252 iste
1222 1232 1287 1252 non
1296 1222 1462 1258 laborabat,
1487 1226 1666 1256 Climachias
1682 1228 1814 1257 minime
1828 1229 1957 1269 volebat)
1975 1233 2125 1271 excogitat

1159 1263 1237 1302 (dixi
1244 1264 1426 1303 jamdudum
1436 1278 1446 1300 5
1458 1276 1523 1296 non
1532 1266 1573 1296 est
1582 1268 1679 1297 homo
1693 1271 1806 1299 acutior
1814 1271 2042 1311 quisquam‚nec
2051 1273 2125 1313 fuit)

1158 1308 1319 1346 excogitat,
1331 1308 1731 1349 inquam‚qucmadmodum
1741 1312 1842 1341 mense
1852 1312 1908 1342 illo
1920 1313 2058 1353 legitimo
2069 1325 2125 1345 co·-

1160 1349 1246 1377 mitia
1254 1348 1432 1379 haberentur
1442 1369 1450 1383 ‚
1473 1360 1528 1380 nec
1538 1359 1639 1381 tamen
1650 1352 1822 1383 Herodotus
1833 1352 1928 1383 adess'e
1939 1354 2043 1394 poss'et.
2069 1356 2124 1388 Est

1157 1389 1344 1419 consuetudo
1361 1392 1532 1422 Siculorum
1542 1413 1550 1426 ‚
1573 1401 1801 1435 ceterorumque
1821 1396 1996 1426 Graecorum
2009 1417 2017 1431 ‚
2039 1398 2124 1438 quod.

1160 1431 1227 1460 suos
1239 1431 1295 1459 dies
1305 1451 1313 1464 ‚
1337 1433 1491 1474 mensesque
1503 1444 1647 1475 congruere
1661 1444 1762 1465 volunt
1774 1447 1839 1465 cum
1846 1437 1910 1477 filu
1920 1457 1928 1470 ,
1944 1437 2065 1480 lunaeque
2074 1450 2123 1469 ra·

1158 1472 1232 1502 tione
1245 1483 1256 1499 .·
1280 1483 1312 1503 ut
1322 1484 1555 1516 nonnumquam
1567 1496 1576 1509 ,
1592 1475 1612 1505 fi
1622 1477 1695 1517 quid
1705 1478 1848 1518 discrepet
1857 1499 1865 1512 ‚
1876 1482 2014 1511 eximant
2025 1491 2123 1513 unum.

1156 1515 1287 1555 aliquem
1297 1515 1391 1549 diem,
1402 1526 1451 1547 aut
1461 1518 1617 1547 summum
1628 1539 1636 1551 ,
1654 1519 1780 1549 biduum
1791 1530 1827 1550 ex
1842 1522 1944 1551 mense
1958 1532 1964 1550 t
1986 1532 2062 1563 quos
2072 1524 2120 1553 illi

1157 1556 1336 1597 ἐξωρεωζαις
1349 1560 1412 1591 dies
1431 1572 1594 1592 nominant
1609 1573 1615 1591 z
1638 1565 1711 1593 item
1732 1574 1967 1607 nonnumquam
1988 1577 2050 1596 uno
2072 1567 2123 1597 die

1159 1602 1327 1642 longiorem
1338 1603 1474 1633 mensem
1482 1603 1595 1634 faciunt
1604 1623 1612 1637 ‚
1638 1614 1687 1635 aut
1705 1605 1810 1636 biduo.
1840 1610 1914 1648 Qae
1924 1608 1976 1638 iste
1986 1608 2058 1638 cum
2068 1619 2125 1639 co-

1159 1642 1308 1685 gnovifl'et
1318 1665 1327 1678 ‚
1351 1654 1411 1675 nov
1417 1655 1450 1675 us
1468 1645 1632 1688 astrologus
1641 1665 1650 1680 ,
1674 1649 1800 1687 quinon
1810 1657 1870 1679 tam
1880 1650 1944 1680 caeli
1956 1659 2120 1684 rationem.

1159 1685 1250 1726 quam
1260 1686 1349 1715 caei'ati
1358 1688 1469 1727 argenti
1478 1688 1606 1722 duceret,
1616 1690 1713 1718 eximi
1720 1689 1807 1729 jubet
1817 1700 1881 1720 non
1889 1691 1972 1721 diem
1982 1701 2021 1721 ex
2032 1703 2122 1723 men-

1161 1729 1200 1762 se,
1212 1727 1261 1758 sed
1274 1738 1313 1758 ex
1323 1738 1404 1759 anno
1416 1739 1512 1759 unum
1524 1749 1532 1763 ,
1545 1729 1798 1772 dimidiatumque
1809 1734 1946 1763 mensem
1957 1746 1966 1767 3
1980 1735 2038 1764 hoc
2050 1744 2123 1764 mo-

1161 1769 1200 1800 do
1210 1788 1218 1802 ,
1240 1779 1273 1800 ut
1282 1790 1291 1804 ‚
1311 1780 1372 1811 quo
1383 1770 1432 1801 die
1442 1771 1539 1810 (verbi
1550 1772 1645 1812 causa)
1655 1771 1712 1801 effe
1723 1783 1872 1812 oporteret
1880 1775 1946 1805 idus
1953 1777 2120 1817 Januarias.

1160 1822 1197 1842 eo
1208 1811 1256 1841 die
1266 1813 1414 1842 Kalendas
1425 1815 1546 1844 Martias
1555 1813 1758 1854 proscriberet.
1781 1817 1879 1856 itaque
1900 1815 1933 1847 fit
1942 1837 1950 1851 ,
1974 1817 2121 1848 omnibus

1159 1854 1361 1884 recusantibus
1369 1874 1378 1888 ‚
1394 1859 1409 1883 7
1421 1855 1453 1885 &
1461 1855 1656 1895 plorantibus.
1679 1855 1743 1885 dies
1754 1858 1778 1886 is
1789 1866 1847 1886 erat
1856 1858 2009 1900 legitimus
2019 1862 2120 1889 corni-

1159 1897 1209 1925 tiis
1219 1895 1373 1925 habendis.
1383 1907 1420 1926 eo
1430 1896 1524 1926 modo
1536 1897 1667 1927 sacerdos
1677 1897 1855 1928 Climachias
1866 1903 2051 1931 renuntiatus
2061 1900 2115 1932 est.

1159 1937 1333 1967 Herodotus
1342 1937 1414 1968 cum
1425 1940 1528 1969 Roma
1536 1940 1694 1968 revertitur
1703 1958 1711 1972 ,
1735 1939 1839 1969 diebus
1849 1961 1857 1973 ,
1879 1949 1911 1970 ut
1920 1942 1981 1981 ipse
1988 1942 2117 1982 putabat.

1157 1978 1332 2019 quindecim
1342 1988 1410 2009 ante
1418 1981 1543 2010 comitia
1553 2000 1561 2014 ,
1575 1975 1589 1998 8
1599 1978 1730 2010 offendit
1737 1990 1809 2011 eum
1820 1983 1968 2017 mensem,
1979 1985 2031 2024 qui
2039 1993 2117 2014 con-

1156 2021 1288 2060 sequitur
1297 2021 1432 2050 mensem
1443 2021 1643 2056 comitialem,
1655 2024 1791 2052 comitiis
1804 2023 1863 2058 iam
1873 2024 1983 2054 abhinc
1995 2027 2117 2066 triginta

1157 2061 1275 2094 diebus,
1287 2062 1407 2092 habitis.
1432 2065 1520 2093 Tunc
1529 2063 1750 2103 Cephaleditani
1760 2064 1954 2096 decreverunt
1966 2067 2118 2096 intercala-

1155 2104 1230 2132 rium
1245 2113 1312 2133 va
1326 2103 1381 2133 dies
1392 2104 1521 2145 longum,
1540 2105 1689 2146 utreliqui
1700 2107 1817 2136 menses
1827 2109 1860 2136 in
1870 2108 1950 2137 suam
1961 2110 2113 2139 rationem

1153 2154 1378 2175 reverterentur.
1402 2149 1470 2176 Hoc
1480 2145 1500 2175 si
1515 2149 1622 2177 Romae
1632 2147 1696 2177 fieri
1705 2146 1816 2187 posset,
1828 2148 1907 2178 certe
1917 2150 2012 2190 aliqua
2023 2152 2116 2181 ratio-

1155 2197 1193 2216 ne
1212 2186 1401 2227 expugnasset
1418 2187 1472 2218 iste
1483 2208 1491 2221 ‚
1510 2192 1525 2215 9
1537 2198 1566 2218 ut
1577 2188 1640 2218 dies
1651 2199 1728 2219 κων.
1739 2192 1817 2219 inter
1827 2190 1916 2220 binos
1927 2191 2013 2221 ludos
2023 2192 2112 2222 tolle-

1153 2237 1263 2261 rentur,
1275 2239 1327 2268 per
1336 2239 1411 2269 quos
1421 2230 1501 2259 solos
1510 2230 1657 2269 judicium
1669 2229 1733 2260 fieri
1742 2230 1850 2271 posset.
1877 2233 1946 2274 Jam
1956 2243 2027 2263 vero
2039 2244 2110 2264 cen·
2130 2246 2149 2276 5
2160 2247 2175 2278 3

1152 2271 1231 2301 sores
1240 2271 1498 2311 quemadmodum
1510 2282 1542 2301 in
1553 2271 1717 2302 Siciliaisto
1726 2282 1848 2313 praetore
1857 2278 1943 2305 creati
1955 2275 2110 2315 sunt,ope·

1151 2323 1189 2343 rae
1198 2314 1328 2352 pretium
1338 2312 1381 2343 est
1389 2313 1576 2355 cognoscere.
1601 2314 1657 2344 Ille
1675 2316 1759 2344 enim
1778 2314 1821 2345 est
1839 2315 2023 2356 magistratus
2031 2317 2111 2356 apud

1152 2354 1278 2388 Siculos,
1289 2356 1341 2395 qui
1350 2353 1573 2397 diligentiffime
1584 2355 1741 2386 mandatur
1750 2356 1764 2386 a
1773 2358 1895 2396 populo,
1907 2368 2026 2397 propter
2036 2360 2112 2390 hanc

1150 2396 1267 2427 causam
1278 2416 1287 2430 ‚
1307 2395 1390 2437 quod
1401 2407 1508 2427 omnes
1521 2398 1613 2427 Siculi
1627 2408 1661 2426 ex
1674 2399 1752 2438 censu
1764 2407 1909 2439 quotamm
1924 2399 2034 2429 tributa
2046 2412 2112 2430 con-

1142 2439 1264 2478 ferunt:
1281 2440 1314 2468 in
1332 2439 1421 2469 censu
1438 2438 1577 2469 habendo
1589 2439 1714 2479 potestas
1732 2443 1834 2470 omnis
1843 2440 2048 2472 aestimationis
2058 2443 2113 2473 ha-

1153 2480 1255 2510 bendae
1268 2501 1276 2514 ‚
1288 2480 1473 2521 summaeque
1482 2479 1629 2510 faciundae
1641 2501 1649 2514 ‚
1666 2482 1780 2511 censori
1790 2484 1984 2521 permittitur.
2007 2487 2113 2525 Itaque

1150 2532 1220 2552 eum
1230 2523 1359 2562 populus
1371 2543 1379 2557 ‚
1398 2525 1450 2563 qui
1462 2525 1627 2553 maximam
1631 2522 1719 2561 fidem
1726 2524 1843 2553 suarum
1854 2534 1955 2555 rerum
1972 2525 2110 2560 habebat,

1152 2567 1286 2594 maxima
1295 2574 1363 2594 cura
1372 2565 1490 2605 deligit:
1516 2564 1549 2594 &
1566 2573 1686 2604 propter
1702 2565 1943 2605 magnitudinem
1958 2566 2111 2606 potestatis

1151 2607 1200 2636 hic
1209 2605 1394 2647 magistratus
1403 2606 1418 2636 a
1425 2606 1538 2646 populo
1548 2606 1665 2635 summa
1674 2607 1842 2637 ambitione
1851 2608 2055 2638 contenditur.
2071 2612 2109 2640 In

1152 2657 1186 2678 ea
1195 2659 1224 2678 re
1234 2648 1288 2678 iste
1301 2649 1414 2678 ¹0nihil
1424 2649 1490 2678 sanc
1502 2647 1582 2677 vafre
1592 2647 1686 2678 facere
1697 2649 1812 2682 voluit,
1831 2659 1897 2679 non
1907 2659 1939 2679 in
1950 2650 2108 2681 sortitione

1992 2691 2105 2728 fallere,

1150 2750 1233 2784 ginali
1246 2756 1307 2774 nota
1316 2758 1373 2783 peri
1382 2749 1461 2773 euiii'e
1473 2758 1498 2774 i.i
1510 2755 1677 2773 contextum.
2078 2778 2079 2782 Ἰ

1189 2784 1216 2810 6.
1235 2788 1343 2812 ummo
1351 2783 1473 2819 quidam]
1494 2785 1602 2810 Secutus
1613 2782 1667 2809 sum
1679 2783 1747 2810 Pau.
1758 2782 1862 2810 Fabric.
1873 2783 1979 2810 Metell.
2000 2784 2108 2820 vulgata

1153 2820 1222 2847 enim
1236 2829 1244 2850 3
1256 2822 1378 2846 Arthenio.
1398 2829 1457 2845 nuni
1470 2822 1500 2846 i’.
1512 2823 1618 2847 Manut.
1629 2822 1737 2845 Athenio.

1190 2864 1218 2890 7.
1237 2860 1269 2882 Et
1282 2857 1459 2890 plorantibus]
1480 2856 1579 2892 Recepi
1599 2855 1669 2892 quod
1688 2863 1744 2883 erat
1756 2855 1783 2882 in
1793 2855 1896 2882 Fabric.
1908 2856 1935 2882 &
1948 2856 2108 2884 Meteilano.

1155 2902 1185 2919 an
1190 2899 1232 2918 tea
1242 2893 1291 2918 culi
1305 2912 1312 2924 ‚
1322 2893 1350 2923 (17
1359 2894 1547 2924 imploramrbm.

1193 2928 1221 2955 8.
1241 2928 1340 2961 Offindit
1349 2938 1398 2952 enm
1417 2929 1509 2961 mensem
1519 2928 1682 2962 comitialem]
1703 2927 1848 2954 Lambinus
1859 2928 1994 2958 interiecit
2003 2927 2036 2954 de
2047 2927 2091 2954 suo
2103 2946 2112 2960 ,

1157 2966 1306 2999 manktn,c11‹i
1316 2965 1460 2997 consequitur
1470 2966 1564 2997 mensem
1572 2966 1719 2991 comm‘alem.
1739 2964 1772 2991 fic
1782 2963 1840 2991 sane
1851 2965 1939 2990 nullus
1950 2965 2116 2997 editus‚nul-

1158 3000 1198 3027 lus
1212 3000 1268 3026 mis.
1281 3001 1440 3027 nostrorum.

1191 3044 1220 3071 9.
1242 3040 1271 3061 Ut
1280 3037 1328 3062 dies
1339 3044 1408 3061 xnv.
1418 3038 1481 3060 inter
1489 3036 1553 3061 binos
1562 3035 1654 3071 ludar]
1676 3037 1786 3063 Excutit
1801 3036 1870 3063 liiinc
1879 3036 1965 3063 locum
1979 3037 2113 3066 Hotoma-

1156 3081 1203 3098 nus
1215 3072 1262 3098 lib.
1276 3081 1300 3099 i.
1310 3070 1440 3097 observat.
1450 3080 1505 3107 cap.
1520 3072 1561 3098 16.

1195 3117 1237 3134 10.
1255 3108 1421 3141 Mhilobscure
1433 3108 1514 3140 same
1523 3107 1626 3142 voluit]
1637 3107 1703 3135 Non
1714 3108 1798 3137 exstat
1807 3108 1872 3137 illud
1877 3108 1961 3143 facere
1969 3108 1996 3137 iu
2007 3106 2115 3135 Meteli.

1158 3144 1184 3171 ὃ(
1197 3144 1329 3180 praestaret
1338 3142 1461 3179 profetis>
1473 3142 1565 3173 abesse.

1619 3180 1645 3208 K
1656 3179 1675 3206 k
1696 3188 1713 3206 2
2043 3180 2118 3206 1-En
