<?xml version="1.0" encoding="UTF-8"?>
<!DOCTYPE html PUBLIC "-//W3C//DTD XHTML 1.0 Transitional//EN"
    "http://www.w3.org/TR/xhtml1/DTD/xhtml1-transitional.dtd">
<html xmlns="http://www.w3.org/1999/xhtml" xml:lang="en" lang="en">
 <head>
  <title>
</title>
<meta http-equiv="Content-Type" content="text/html;charset=utf-8" />
  <meta name='ocr-system' content='tesseract 3.04.00' />
  <meta name='ocr-capabilities' content='ocr_page ocr_carea ocr_par ocr_line ocrx_word'/>
</head>
<body>
  <div class='ocr_page' id='page_1' title='image "./mtuliiciceroniso00cice/mtuliiciceroniso00cice_0081.png"; bbox 0 0 2302 3353; ppageno 0'>
   <div class='ocr_carea' id='block_1_1' title="bbox 48 1784 542 1826">
    <p class='ocr_par' dir='ltr' id='par_1_1' title="bbox 48 1784 542 1826">
     <span class='ocr_line' id='line_1_1' title="bbox 48 1784 542 1826; baseline 0.002 -13"><span class='ocrx_word' id='word_1_1' title='bbox 48 1787 97 1826; x_wconf 76' lang='lat'>‘28</span> <span class='ocrx_word' id='word_1_2' title='bbox 118 1785 192 1814; x_wconf 86' lang='lat' dir='ltr'>ritur</span> <span class='ocrx_word' id='word_1_3' title='bbox 204 1805 213 1817; x_wconf 92' lang='lat'><em>,</em></span> <span class='ocrx_word' id='word_1_4' title='bbox 227 1784 273 1814; x_wconf 90' lang='lat' dir='ltr'>sed</span> <span class='ocrx_word' id='word_1_5' title='bbox 282 1784 298 1814; x_wconf 72' lang='lat' dir='ltr'>a</span> <span class='ocrx_word' id='word_1_6' title='bbox 307 1795 367 1826; x_wconf 91' lang='lat' dir='ltr'>quo</span> <span class='ocrx_word' id='word_1_7' title='bbox 377 1784 489 1815; x_wconf 72' lang='lat' dir='ltr'>faEtum</span> <span class='ocrx_word' id='word_1_8' title='bbox 500 1784 542 1816; x_wconf 88' lang='lat' dir='ltr'>sit.</span> 
     </span>
    </p>
   </div>
   <div class='ocr_carea' id='block_1_2' title="bbox 532 123 1074 179">
    <p class='ocr_par' dir='ltr' id='par_1_2' title="bbox 532 123 1074 179">
     <span class='ocr_line' id='line_1_2' title="bbox 532 123 1074 179; baseline 0.002 -7"><span class='ocrx_word' id='word_1_9' title='bbox 532 123 617 172; x_wconf 63' lang='lat' dir='ltr'>&#39;An</span> <span class='ocrx_word' id='word_1_10' title='bbox 650 123 1074 179; x_wconf 68' lang='lat' dir='ltr'>HERENNmM,</span> 
     </span>
    </p>
   </div>
   <div class='ocr_carea' id='block_1_3' title="bbox 126 201 1090 454">
    <p class='ocr_par' dir='ltr' id='par_1_3' title="bbox 126 201 1090 454">
     <span class='ocr_line' id='line_1_3' title="bbox 126 201 1090 246; baseline -0.003 -9"><span class='ocrx_word' id='word_1_11' title='bbox 126 206 207 239; x_wconf 78' lang='lat' dir='ltr'>Item</span> <span class='ocrx_word' id='word_1_12' title='bbox 216 206 360 239; x_wconf 85' lang='lat' dir='ltr'>vitiosum</span> <span class='ocrx_word' id='word_1_13' title='bbox 370 205 413 237; x_wconf 88' lang='lat' dir='ltr'>est</span> <span class='ocrx_word' id='word_1_14' title='bbox 425 227 432 239; x_wconf 84' lang='lat'>‚</span> <span class='ocrx_word' id='word_1_15' title='bbox 444 205 542 246; x_wconf 86' lang='lat' dir='ltr'>ipsum</span> <span class='ocrx_word' id='word_1_16' title='bbox 554 203 606 235; x_wconf 86' lang='lat' dir='ltr'>fibi</span> <span class='ocrx_word' id='word_1_17' title='bbox 617 206 650 234; x_wconf 91' lang='lat' dir='ltr'>in</span> <span class='ocrx_word' id='word_1_18' title='bbox 662 204 680 234; x_wconf 87' lang='lat' dir='ltr'>s</span> <span class='ocrx_word' id='word_1_19' title='bbox 676 213 711 234; x_wconf 89' lang='lat' dir='ltr'>ua</span> <span class='ocrx_word' id='word_1_20' title='bbox 720 204 853 233; x_wconf 76' lang='lat' dir='ltr'>oratione</span> <span class='ocrx_word' id='word_1_21' title='bbox 864 201 1016 234; x_wconf 75' lang='lat' dir='ltr'>dissentire</span> <span class='ocrx_word' id='word_1_22' title='bbox 1027 225 1035 238; x_wconf 95' lang='lat'>,</span> <span class='ocrx_word' id='word_1_23' title='bbox 1057 204 1090 234; x_wconf 91' lang='lat'>&amp;</span> 
     </span>
     <span class='ocr_line' id='line_1_4' title="bbox 127 243 909 289; baseline -0.01 -8"><span class='ocrx_word' id='word_1_24' title='bbox 127 259 230 281; x_wconf 83' lang='lat' dir='ltr'>contra</span> <span class='ocrx_word' id='word_1_25' title='bbox 241 260 273 279; x_wconf 86' lang='lat' dir='ltr'>ea</span> <span class='ocrx_word' id='word_1_26' title='bbox 284 270 292 283; x_wconf 88' lang='lat'>‚</span> <span class='ocrx_word' id='word_1_27' title='bbox 304 258 368 289; x_wconf 86' lang='lat' dir='ltr'>quae</span> <span class='ocrx_word' id='word_1_28' title='bbox 378 247 445 281; x_wconf 71' lang='lat' dir='ltr'>ante</span> <span class='ocrx_word' id='word_1_29' title='bbox 455 247 565 277; x_wconf 82' lang='lat' dir='ltr'>dixerit</span> <span class='ocrx_word' id='word_1_30' title='bbox 576 267 583 279; x_wconf 89' lang='lat'>,</span> <span class='ocrx_word' id='word_1_31' title='bbox 596 246 693 276; x_wconf 83' lang='lat' dir='ltr'>dicere</span> <span class='ocrx_word' id='word_1_32' title='bbox 707 267 715 278; x_wconf 88' lang='lat'>,</span> <span class='ocrx_word' id='word_1_33' title='bbox 728 246 786 274; x_wconf 75' lang='lat' dir='ltr'>hoc</span> <span class='ocrx_word' id='word_1_34' title='bbox 796 243 891 274; x_wconf 91' lang='lat' dir='ltr'>modo</span> <span class='ocrx_word' id='word_1_35' title='bbox 904 254 909 272; x_wconf 89' lang='lat'>:</span> 
     </span>
     <span class='ocr_line' id='line_1_5' title="bbox 167 284 958 330; baseline -0.006 -11"><span class='ocrx_word' id='word_1_36' title='bbox 167 290 268 330; x_wconf 84' lang='lat' dir='ltr'>Qare</span> <span class='ocrx_word' id='word_1_37' title='bbox 284 288 410 329; x_wconf 48' lang='lat' dir='ltr'>‘accusem</span> <span class='ocrx_word' id='word_1_38' title='bbox 429 289 501 317; x_wconf 82' lang='lat' dir='ltr'>hunc</span> <span class='ocrx_word' id='word_1_39' title='bbox 512 309 520 320; x_wconf 86' lang='lat'>‚</span> <span class='ocrx_word' id='word_1_40' title='bbox 543 298 629 328; x_wconf 79' lang='lat' dir='ltr'>neque</span> <span class='ocrx_word' id='word_1_41' title='bbox 647 286 803 328; x_wconf 70' lang='lat' dir='ltr'>exputando</span> <span class='ocrx_word' id='word_1_42' title='bbox 825 284 958 314; x_wconf 78' lang='lat' dir='ltr'>evolvere.</span> 
     </span>
     <span class='ocr_line' id='line_1_6' title="bbox 169 324 1042 371; baseline -0.005 -11"><span class='ocrx_word' id='word_1_43' title='bbox 169 334 250 361; x_wconf 72' lang='lat' dir='ltr'>Nam</span> <span class='ocrx_word' id='word_1_44' title='bbox 262 331 291 371; x_wconf 84' lang='lat' dir='ltr'><strong><em>fi</em></strong></span> <span class='ocrx_word' id='word_1_45' title='bbox 309 339 419 359; x_wconf 76' lang='lat' dir='ltr'>veretur</span> <span class='ocrx_word' id='word_1_46' title='bbox 432 351 439 363; x_wconf 87' lang='lat'>‚</span> <span class='ocrx_word' id='word_1_47' title='bbox 459 329 531 371; x_wconf 84' lang='lat' dir='ltr'>quid</span> <span class='ocrx_word' id='word_1_48' title='bbox 547 340 610 358; x_wconf 84' lang='lat' dir='ltr'>eum</span> <span class='ocrx_word' id='word_1_49' title='bbox 626 329 749 367; x_wconf 56' lang='lat' dir='ltr'>accusem</span> <span class='ocrx_word' id='word_1_50' title='bbox 761 349 768 361; x_wconf 89' lang='lat'><em>,</em></span> <span class='ocrx_word' id='word_1_51' title='bbox 792 328 843 367; x_wconf 86' lang='lat' dir='ltr'>qui</span> <span class='ocrx_word' id='word_1_52' title='bbox 863 325 906 355; x_wconf 57' lang='grc' dir='ltr'>εἶτ’</span> <span class='ocrx_word' id='word_1_53' title='bbox 918 324 1042 369; x_wconf 74' lang='lat' dir='ltr'>probus?</span> 
     </span>
     <span class='ocr_line' id='line_1_7' title="bbox 166 368 871 410; baseline -0.009 -8"><span class='ocrx_word' id='word_1_54' title='bbox 166 373 218 403; x_wconf 87' lang='lat' dir='ltr'>Sin</span> <span class='ocrx_word' id='word_1_55' title='bbox 237 372 453 401; x_wconf 77' lang='lat' dir='ltr'>inverecundum</span> <span class='ocrx_word' id='word_1_56' title='bbox 472 371 563 400; x_wconf 80' lang='lat' dir='ltr'>animi</span> <span class='ocrx_word' id='word_1_57' title='bbox 582 371 724 410; x_wconf 74' lang='lat' dir='ltr'>ingenium</span> <span class='ocrx_word' id='word_1_58' title='bbox 738 368 871 410; x_wconf 77' lang='lat' dir='ltr'>possidet,</span> 
     </span>
     <span class='ocr_line' id='line_1_8' title="bbox 165 407 1015 454; baseline -0.008 -11"><span class='ocrx_word' id='word_1_59' title='bbox 165 414 251 454; x_wconf 79' lang='lat' dir='ltr'>Qid</span> <span class='ocrx_word' id='word_1_60' title='bbox 269 424 332 442; x_wconf 82' lang='lat' dir='ltr'>eum</span> <span class='ocrx_word' id='word_1_61' title='bbox 351 415 475 452; x_wconf 63' lang='lat' dir='ltr'>accusem</span> <span class='ocrx_word' id='word_1_62' title='bbox 487 433 495 446; x_wconf 91' lang='lat'>‚</span> <span class='ocrx_word' id='word_1_63' title='bbox 518 413 570 454; x_wconf 84' lang='lat' dir='ltr'>qui</span> <span class='ocrx_word' id='word_1_64' title='bbox 588 412 617 441; x_wconf 75' lang='lat' dir='ltr'>id</span> <span class='ocrx_word' id='word_1_65' title='bbox 631 412 718 454; x_wconf 79' lang='lat' dir='ltr'>parvi</span> <span class='ocrx_word' id='word_1_66' title='bbox 735 410 838 439; x_wconf 78' lang='lat' dir='ltr'>auditu</span> <span class='ocrx_word' id='word_1_67' title='bbox 855 407 1015 444; x_wconf 73' lang='lat' dir='ltr'>existimer?</span> 
     </span>
    </p>
   </div>
   <div class='ocr_carea' id='block_1_4' title="bbox 59 449 1086 496">
    <p class='ocr_par' dir='ltr' id='par_1_4' title="bbox 59 449 1086 496">
     <span class='ocr_line' id='line_1_9' title="bbox 59 449 1086 496; baseline -0.006 -10"><span class='ocrx_word' id='word_1_68' title='bbox 59 461 105 496; x_wconf 89' lang='lat'>27</span> <span class='ocrx_word' id='word_1_69' title='bbox 126 458 202 486; x_wconf 90' lang='lat' dir='ltr'>Non</span> <span class='ocrx_word' id='word_1_70' title='bbox 213 455 411 485; x_wconf 89' lang='lat' dir='ltr'>incommoda</span> <span class='ocrx_word' id='word_1_71' title='bbox 422 456 536 485; x_wconf 87' lang='lat' dir='ltr'>ratione</span> <span class='ocrx_word' id='word_1_72' title='bbox 547 453 666 483; x_wconf 90' lang='lat' dir='ltr'>videtur</span> <span class='ocrx_word' id='word_1_73' title='bbox 674 450 727 482; x_wconf 88' lang='lat' dir='ltr'>fibi</span> <span class='ocrx_word' id='word_1_74' title='bbox 738 449 909 484; x_wconf 71' lang='lat' dir='ltr'>ostendssse,</span> <span class='ocrx_word' id='word_1_75' title='bbox 923 460 1010 492; x_wconf 88' lang='lat' dir='ltr'>quare</span> <span class='ocrx_word' id='word_1_76' title='bbox 1020 459 1086 480; x_wconf 92' lang='lat' dir='ltr'>non</span> 
     </span>
    </p>
   </div>
   <div class='ocr_carea' id='block_1_5' title="bbox 74 492 1082 1699">
    <p class='ocr_par' dir='ltr' id='par_1_5' title="bbox 123 492 910 578">
     <span class='ocr_line' id='line_1_10' title="bbox 123 492 884 538; baseline -0.005 -11"><span class='ocrx_word' id='word_1_77' title='bbox 123 497 275 528; x_wconf 79' lang='lat' dir='ltr'>accusaret.</span> <span class='ocrx_word' id='word_1_78' title='bbox 299 496 380 538; x_wconf 85' lang='lat' dir='ltr'>Qid</span> <span class='ocrx_word' id='word_1_79' title='bbox 392 492 471 537; x_wconf 78' lang='lat' dir='ltr'>quod</span> <span class='ocrx_word' id='word_1_80' title='bbox 481 495 581 536; x_wconf 91' lang='lat' dir='ltr'>postea</span> <span class='ocrx_word' id='word_1_81' title='bbox 589 497 650 525; x_wconf 87' lang='lat' dir='ltr'>ait?</span> <span class='ocrx_word' id='word_1_82' title='bbox 879 534 884 538; x_wconf 38' lang='grc'><em>.</em></span> 
     </span>
     <span class='ocr_line' id='line_1_11' title="bbox 173 533 910 578; baseline -0.005 -12"><span class='ocrx_word' id='word_1_83' title='bbox 173 540 259 566; x_wconf 77' lang='lat' dir='ltr'>Nunc</span> <span class='ocrx_word' id='word_1_84' title='bbox 277 548 322 578; x_wconf 79' lang='lat' dir='ltr'>ego</span> <span class='ocrx_word' id='word_1_85' title='bbox 342 545 367 566; x_wconf 77' lang='lat' dir='ltr'>te</span> <span class='ocrx_word' id='word_1_86' title='bbox 384 536 419 566; x_wconf 78' lang='lat' dir='ltr'>ab</span> <span class='ocrx_word' id='word_1_87' title='bbox 436 538 546 577; x_wconf 62' lang='lat' dir='ltr'>flammo</span> <span class='ocrx_word' id='word_1_88' title='bbox 561 538 628 576; x_wconf 71' lang='lat' dir='ltr'>jaim</span> <span class='ocrx_word' id='word_1_89' title='bbox 644 536 771 565; x_wconf 77' lang='lat' dir='ltr'>detexam</span> <span class='ocrx_word' id='word_1_90' title='bbox 790 533 910 564; x_wconf 72' lang='lat' dir='ltr'>exordio.</span> 
     </span>
    </p>

    <p class='ocr_par' dir='ltr' id='par_1_6' title="bbox 74 577 1082 1699">
     <span class='ocr_line' id='line_1_12' title="bbox 129 577 1082 622; baseline -0.007 -11"><span class='ocrx_word' id='word_1_91' title='bbox 129 584 209 612; x_wconf 89' lang='lat' dir='ltr'>Item</span> <span class='ocrx_word' id='word_1_92' title='bbox 219 582 362 611; x_wconf 83' lang='lat' dir='ltr'>vitiosum</span> <span class='ocrx_word' id='word_1_93' title='bbox 372 580 414 611; x_wconf 86' lang='lat' dir='ltr'>est</span> <span class='ocrx_word' id='word_1_94' title='bbox 426 602 434 614; x_wconf 94' lang='lat'>‚</span> <span class='ocrx_word' id='word_1_95' title='bbox 446 581 526 622; x_wconf 90' lang='lat' dir='ltr'>quod</span> <span class='ocrx_word' id='word_1_96' title='bbox 538 581 646 611; x_wconf 91' lang='lat' dir='ltr'>dicitur</span> <span class='ocrx_word' id='word_1_97' title='bbox 655 588 756 610; x_wconf 92' lang='lat' dir='ltr'>contra</span> <span class='ocrx_word' id='word_1_98' title='bbox 762 578 872 618; x_wconf 84' lang='lat' dir='ltr'>judicis</span> <span class='ocrx_word' id='word_1_99' title='bbox 882 577 1082 608; x_wconf 76' lang='lat' dir='ltr'>voluntatem,</span> 
     </span>
     <span class='ocr_line' id='line_1_13' title="bbox 122 618 1080 664; baseline -0.008 -11"><span class='ocrx_word' id='word_1_100' title='bbox 122 633 174 654; x_wconf 85' lang='lat' dir='ltr'>aut</span> <span class='ocrx_word' id='word_1_101' title='bbox 183 633 287 653; x_wconf 88' lang='lat' dir='ltr'>eorum</span> <span class='ocrx_word' id='word_1_102' title='bbox 300 643 308 655; x_wconf 86' lang='lat'><em>‚</em></span> <span class='ocrx_word' id='word_1_103' title='bbox 331 625 383 664; x_wconf 89' lang='lat' dir='ltr'>qui</span> <span class='ocrx_word' id='word_1_104' title='bbox 393 623 518 652; x_wconf 80' lang='lat' dir='ltr'>audiunt</span> <span class='ocrx_word' id='word_1_105' title='bbox 528 644 536 656; x_wconf 84' lang='lat'>‚</span> <span class='ocrx_word' id='word_1_106' title='bbox 557 621 578 651; x_wconf 87' lang='lat' dir='ltr'>fi</span> <span class='ocrx_word' id='word_1_107' title='bbox 588 631 637 652; x_wconf 90' lang='lat' dir='ltr'>aut</span> <span class='ocrx_word' id='word_1_108' title='bbox 645 631 738 661; x_wconf 79' lang='lat' dir='ltr'>partes</span> <span class='ocrx_word' id='word_1_109' title='bbox 752 642 760 653; x_wconf 89' lang='lat'><em>‚</em></span> <span class='ocrx_word' id='word_1_110' title='bbox 772 620 879 660; x_wconf 87' lang='lat' dir='ltr'>quibus</span> <span class='ocrx_word' id='word_1_111' title='bbox 892 619 938 647; x_wconf 91' lang='lat' dir='ltr'>illi</span> <span class='ocrx_word' id='word_1_112' title='bbox 950 618 1080 664; x_wconf 72' lang='lat' dir='ltr'>student,</span> 
     </span>
     <span class='ocr_line' id='line_1_14' title="bbox 121 659 1082 705; baseline -0.008 -11"><span class='ocrx_word' id='word_1_113' title='bbox 121 673 172 695; x_wconf 87' lang='lat' dir='ltr'>aut</span> <span class='ocrx_word' id='word_1_114' title='bbox 181 665 321 694; x_wconf 88' lang='lat' dir='ltr'>homines</span> <span class='ocrx_word' id='word_1_115' title='bbox 334 685 341 697; x_wconf 90' lang='lat'><strong>‚</strong></span> <span class='ocrx_word' id='word_1_116' title='bbox 364 675 438 705; x_wconf 89' lang='lat' dir='ltr'>quos</span> <span class='ocrx_word' id='word_1_117' title='bbox 449 665 494 693; x_wconf 90' lang='lat' dir='ltr'>illi</span> <span class='ocrx_word' id='word_1_118' title='bbox 505 674 584 694; x_wconf 87' lang='lat' dir='ltr'>caros</span> <span class='ocrx_word' id='word_1_119' title='bbox 595 663 703 692; x_wconf 87' lang='lat' dir='ltr'>habent</span> <span class='ocrx_word' id='word_1_120' title='bbox 714 683 722 695; x_wconf 92' lang='lat'><strong><em>,</em></strong></span> <span class='ocrx_word' id='word_1_121' title='bbox 745 661 905 692; x_wconf 75' lang='lat' dir='ltr'>laedantur,</span> <span class='ocrx_word' id='word_1_122' title='bbox 925 668 974 705; x_wconf 77' lang='lat' dir='ltr'>aut</span> <span class='ocrx_word' id='word_1_123' title='bbox 983 659 1082 705; x_wconf 82' lang='lat' dir='ltr'>aliquo</span> 
     </span>
     <span class='ocr_line' id='line_1_15' title="bbox 121 700 1080 743; baseline -0.008 -7"><span class='ocrx_word' id='word_1_124' title='bbox 121 705 296 743; x_wconf 76' lang='lat' dir='ltr'>huiusmodi</span> <span class='ocrx_word' id='word_1_125' title='bbox 306 708 381 735; x_wconf 88' lang='lat' dir='ltr'>vitio</span> <span class='ocrx_word' id='word_1_126' title='bbox 392 705 512 736; x_wconf 83' lang='lat' dir='ltr'>laedatur</span> <span class='ocrx_word' id='word_1_127' title='bbox 522 705 664 735; x_wconf 88' lang='lat' dir='ltr'>auditoris</span> <span class='ocrx_word' id='word_1_128' title='bbox 673 704 822 733; x_wconf 86' lang='lat' dir='ltr'>voluntas.</span> <span class='ocrx_word' id='word_1_129' title='bbox 846 704 922 730; x_wconf 83' lang='lat' dir='ltr'>Item</span> <span class='ocrx_word' id='word_1_130' title='bbox 934 700 1080 730; x_wconf 82' lang='lat' dir='ltr'>vitiosum</span> 
     </span>
     <span class='ocr_line' id='line_1_16' title="bbox 121 741 1081 785; baseline -0.009 -7"><span class='ocrx_word' id='word_1_131' title='bbox 121 743 176 780; x_wconf 79' lang='lat' dir='ltr'>est,</span> <span class='ocrx_word' id='word_1_132' title='bbox 192 757 255 778; x_wconf 91' lang='lat' dir='ltr'>non</span> <span class='ocrx_word' id='word_1_133' title='bbox 266 749 385 777; x_wconf 87' lang='lat' dir='ltr'>omneis</span> <span class='ocrx_word' id='word_1_134' title='bbox 397 757 441 777; x_wconf 89' lang='lat' dir='ltr'>res</span> <span class='ocrx_word' id='word_1_135' title='bbox 452 745 639 777; x_wconf 80' lang='lat' dir='ltr'>confirmare,</span> <span class='ocrx_word' id='word_1_136' title='bbox 651 755 721 785; x_wconf 79' lang='lat' dir='ltr'>quas</span> <span class='ocrx_word' id='word_1_137' title='bbox 731 744 884 784; x_wconf 88' lang='lat' dir='ltr'>pollicitus</span> <span class='ocrx_word' id='word_1_138' title='bbox 896 741 929 771; x_wconf 90' lang='lat' dir='ltr'>sis</span> <span class='ocrx_word' id='word_1_139' title='bbox 942 744 975 771; x_wconf 92' lang='lat' dir='ltr'>in</span> <span class='ocrx_word' id='word_1_140' title='bbox 987 751 1081 780; x_wconf 88' lang='lat' dir='ltr'>expo-</span> 
     </span>
     <span class='ocr_line' id='line_1_17' title="bbox 124 781 1082 819; baseline -0.008 0"><span class='ocrx_word' id='word_1_141' title='bbox 124 788 243 819; x_wconf 75' lang='lat' dir='ltr'>sitione.</span> <span class='ocrx_word' id='word_1_142' title='bbox 271 792 350 819; x_wconf 88' lang='lat' dir='ltr'>Item</span> <span class='ocrx_word' id='word_1_143' title='bbox 359 788 524 818; x_wconf 89' lang='lat' dir='ltr'>verendum</span> <span class='ocrx_word' id='word_1_144' title='bbox 534 787 587 819; x_wconf 89' lang='lat' dir='ltr'>est,</span> <span class='ocrx_word' id='word_1_145' title='bbox 601 797 638 816; x_wconf 87' lang='lat' dir='ltr'>ne</span> <span class='ocrx_word' id='word_1_146' title='bbox 650 787 686 816; x_wconf 87' lang='lat' dir='ltr'>de</span> <span class='ocrx_word' id='word_1_147' title='bbox 695 787 750 816; x_wconf 84' lang='lat' dir='ltr'>alia</span> <span class='ocrx_word' id='word_1_148' title='bbox 760 795 790 814; x_wconf 89' lang='lat' dir='ltr'>re</span> <span class='ocrx_word' id='word_1_149' title='bbox 802 785 913 814; x_wconf 87' lang='lat' dir='ltr'>dicatur</span> <span class='ocrx_word' id='word_1_150' title='bbox 926 803 933 816; x_wconf 94' lang='lat'>,</span> <span class='ocrx_word' id='word_1_151' title='bbox 945 781 1016 812; x_wconf 78' lang='lat' dir='ltr'>cum</span> <span class='ocrx_word' id='word_1_152' title='bbox 1026 783 1082 812; x_wconf 88' lang='lat' dir='ltr'>alia</span> 
     </span>
     <span class='ocr_line' id='line_1_18' title="bbox 123 823 1079 869; baseline -0.009 -8"><span class='ocrx_word' id='word_1_153' title='bbox 123 830 162 861; x_wconf 88' lang='lat' dir='ltr'>de</span> <span class='ocrx_word' id='word_1_154' title='bbox 182 841 211 860; x_wconf 92' lang='lat' dir='ltr'>re</span> <span class='ocrx_word' id='word_1_155' title='bbox 231 829 425 860; x_wconf 86' lang='lat' dir='ltr'>controverfia</span> <span class='ocrx_word' id='word_1_156' title='bbox 434 827 466 859; x_wconf 90' lang='lat' dir='ltr'>sit</span> <span class='ocrx_word' id='word_1_157' title='bbox 479 839 484 858; x_wconf 75' lang='lat' dir='ltr'>t</span> <span class='ocrx_word' id='word_1_158' title='bbox 503 831 594 869; x_wconf 89' lang='lat' dir='ltr'>inque</span> <span class='ocrx_word' id='word_1_159' title='bbox 613 826 787 867; x_wconf 80' lang='lat' dir='ltr'>hujusmodi</span> <span class='ocrx_word' id='word_1_160' title='bbox 805 827 882 855; x_wconf 87' lang='lat' dir='ltr'>vitio</span> <span class='ocrx_word' id='word_1_161' title='bbox 893 823 1079 854; x_wconf 84' lang='lat' dir='ltr'>consideran-</span> 
     </span>
     <span class='ocr_line' id='line_1_19' title="bbox 124 865 1081 910; baseline -0.007 -9"><span class='ocrx_word' id='word_1_162' title='bbox 124 872 199 902; x_wconf 88' lang='lat' dir='ltr'>dum</span> <span class='ocrx_word' id='word_1_163' title='bbox 209 871 262 905; x_wconf 88' lang='lat' dir='ltr'>est,</span> <span class='ocrx_word' id='word_1_164' title='bbox 274 882 311 901; x_wconf 92' lang='lat' dir='ltr'>ne</span> <span class='ocrx_word' id='word_1_165' title='bbox 321 879 369 900; x_wconf 91' lang='lat' dir='ltr'>aut</span> <span class='ocrx_word' id='word_1_166' title='bbox 377 871 411 900; x_wconf 88' lang='lat' dir='ltr'>ad</span> <span class='ocrx_word' id='word_1_167' title='bbox 421 880 484 900; x_wconf 89' lang='lat' dir='ltr'>rem</span> <span class='ocrx_word' id='word_1_168' title='bbox 495 870 616 900; x_wconf 81' lang='lat' dir='ltr'>addatur</span> <span class='ocrx_word' id='word_1_169' title='bbox 624 869 707 910; x_wconf 89' lang='lat' dir='ltr'>quid,</span> <span class='ocrx_word' id='word_1_170' title='bbox 719 877 769 898; x_wconf 87' lang='lat' dir='ltr'>aut</span> <span class='ocrx_word' id='word_1_171' title='bbox 777 869 931 909; x_wconf 86' lang='lat' dir='ltr'>quippiam</span> <span class='ocrx_word' id='word_1_172' title='bbox 941 866 977 896; x_wconf 88' lang='lat' dir='ltr'>de</span> <span class='ocrx_word' id='word_1_173' title='bbox 987 876 1017 895; x_wconf 87' lang='lat' dir='ltr'>re</span> <span class='ocrx_word' id='word_1_174' title='bbox 1028 865 1081 895; x_wconf 90' lang='lat' dir='ltr'>de—</span> 
     </span>
     <span class='ocr_line' id='line_1_20' title="bbox 122 907 1079 943; baseline -0.008 0"><span class='ocrx_word' id='word_1_175' title='bbox 122 914 266 943; x_wconf 84' lang='lat' dir='ltr'>trahatur:</span> <span class='ocrx_word' id='word_1_176' title='bbox 288 921 336 942; x_wconf 85' lang='lat' dir='ltr'>aut</span> <span class='ocrx_word' id='word_1_177' title='bbox 354 921 414 942; x_wconf 86' lang='lat' dir='ltr'>tota</span> <span class='ocrx_word' id='word_1_178' title='bbox 432 912 515 941; x_wconf 85' lang='lat' dir='ltr'>causa</span> <span class='ocrx_word' id='word_1_179' title='bbox 533 920 642 941; x_wconf 85' lang='lat' dir='ltr'>mutata</span> <span class='ocrx_word' id='word_1_180' title='bbox 653 913 686 940; x_wconf 89' lang='lat' dir='ltr'>in</span> <span class='ocrx_word' id='word_1_181' title='bbox 695 911 783 940; x_wconf 87' lang='lat' dir='ltr'>aliam</span> <span class='ocrx_word' id='word_1_182' title='bbox 794 909 909 939; x_wconf 87' lang='lat' dir='ltr'>causam</span> <span class='ocrx_word' id='word_1_183' title='bbox 921 907 1079 937; x_wconf 87' lang='lat' dir='ltr'>derivetur.</span> 
     </span>
     <span class='ocr_line' id='line_1_21' title="bbox 123 953 1080 995; baseline -0.006 -12"><span class='ocrx_word' id='word_1_184' title='bbox 123 956 178 984; x_wconf 89' lang='lat' dir='ltr'>Uti</span> <span class='ocrx_word' id='word_1_185' title='bbox 188 954 261 994; x_wconf 88' lang='lat' dir='ltr'>apud</span> <span class='ocrx_word' id='word_1_186' title='bbox 273 956 433 983; x_wconf 81' lang='lat' dir='ltr'>Pacuvium</span> <span class='ocrx_word' id='word_1_187' title='bbox 445 954 557 983; x_wconf 80' lang='lat' dir='ltr'><strong>Zethus</strong></span> <span class='ocrx_word' id='word_1_188' title='bbox 568 963 638 982; x_wconf 90' lang='lat' dir='ltr'>cum</span> <span class='ocrx_word' id='word_1_189' title='bbox 649 953 822 992; x_wconf 82' lang='lat' dir='ltr'>Amphione</span> <span class='ocrx_word' id='word_1_190' title='bbox 835 971 843 983; x_wconf 89' lang='lat'>,</span> <span class='ocrx_word' id='word_1_191' title='bbox 867 959 995 990; x_wconf 78' lang='lat' dir='ltr'>quonim</span> <span class='ocrx_word' id='word_1_192' title='bbox 1006 958 1080 995; x_wconf 79' lang='lat' dir='ltr'>con-</span> 
     </span>
     <span class='ocr_line' id='line_1_22' title="bbox 121 991 1080 1035; baseline -0.007 -10"><span class='ocrx_word' id='word_1_193' title='bbox 121 993 258 1025; x_wconf 76' lang='lat' dir='ltr'>troversia</span> <span class='ocrx_word' id='word_1_194' title='bbox 269 993 338 1024; x_wconf 77' lang='lat' dir='ltr'>cum</span> <span class='ocrx_word' id='word_1_195' title='bbox 349 995 380 1023; x_wconf 77' lang='lat' dir='ltr'>de</span> <span class='ocrx_word' id='word_1_196' title='bbox 390 994 492 1035; x_wconf 73' lang='lat' dir='ltr'>musica</span> <span class='ocrx_word' id='word_1_197' title='bbox 504 993 625 1024; x_wconf 67' lang='lat' dir='ltr'>indu&amp;a</span> <span class='ocrx_word' id='word_1_198' title='bbox 635 992 669 1023; x_wconf 91' lang='lat' dir='ltr'>sit</span> <span class='ocrx_word' id='word_1_199' title='bbox 679 1014 686 1026; x_wconf 90' lang='lat'>‚</span> <span class='ocrx_word' id='word_1_200' title='bbox 711 993 868 1032; x_wconf 78' lang='lat' dir='ltr'>disputatio</span> <span class='ocrx_word' id='word_1_201' title='bbox 887 993 920 1020; x_wconf 86' lang='lat' dir='ltr'>in</span> <span class='ocrx_word' id='word_1_202' title='bbox 931 991 1080 1029; x_wconf 81' lang='lat' dir='ltr'>sapientiae</span> 
     </span>
     <span class='ocr_line' id='line_1_23' title="bbox 119 1030 1080 1069; baseline -0.007 -3"><span class='ocrx_word' id='word_1_203' title='bbox 119 1038 278 1069; x_wconf 85' lang='lat' dir='ltr'>rationem,</span> <span class='ocrx_word' id='word_1_204' title='bbox 292 1036 324 1065; x_wconf 89' lang='lat'>&amp;</span> <span class='ocrx_word' id='word_1_205' title='bbox 334 1038 450 1066; x_wconf 88' lang='lat' dir='ltr'>virtutis</span> <span class='ocrx_word' id='word_1_206' title='bbox 461 1036 621 1066; x_wconf 80' lang='lat' dir='ltr'>utilitatem</span> <span class='ocrx_word' id='word_1_207' title='bbox 631 1035 827 1065; x_wconf 85' lang='lat' dir='ltr'>consumitur.</span> <span class='ocrx_word' id='word_1_208' title='bbox 855 1035 934 1062; x_wconf 88' lang='lat' dir='ltr'>Item</span> <span class='ocrx_word' id='word_1_209' title='bbox 945 1030 1080 1061; x_wconf 85' lang='lat' dir='ltr'>conside-</span> 
     </span>
     <span class='ocr_line' id='line_1_24' title="bbox 119 1073 1077 1110; baseline -0.008 -1"><span class='ocrx_word' id='word_1_210' title='bbox 119 1077 248 1109; x_wconf 79' lang='lat' dir='ltr'>randum</span> <span class='ocrx_word' id='word_1_211' title='bbox 258 1077 310 1110; x_wconf 88' lang='lat' dir='ltr'>est,</span> <span class='ocrx_word' id='word_1_212' title='bbox 324 1088 362 1107; x_wconf 93' lang='lat' dir='ltr'>ne</span> <span class='ocrx_word' id='word_1_213' title='bbox 371 1077 450 1107; x_wconf 90' lang='lat' dir='ltr'>aliud</span> <span class='ocrx_word' id='word_1_214' title='bbox 461 1078 632 1108; x_wconf 79' lang='lat' dir='ltr'>accusatoris</span> <span class='ocrx_word' id='word_1_215' title='bbox 642 1077 812 1106; x_wconf 87' lang='lat' dir='ltr'>criminatio</span> <span class='ocrx_word' id='word_1_216' title='bbox 822 1075 984 1105; x_wconf 87' lang='lat' dir='ltr'>contineat,</span> <span class='ocrx_word' id='word_1_217' title='bbox 996 1073 1077 1103; x_wconf 81' lang='lat' dir='ltr'>aliud</span> 
     </span>
     <span class='ocr_line' id='line_1_25' title="bbox 121 1115 1077 1160; baseline -0.006 -11"><span class='ocrx_word' id='word_1_218' title='bbox 121 1119 286 1150; x_wconf 80' lang='lat' dir='ltr'>defensoris</span> <span class='ocrx_word' id='word_1_219' title='bbox 304 1120 377 1149; x_wconf 86' lang='lat' dir='ltr'>ratio</span> <span class='ocrx_word' id='word_1_220' title='bbox 394 1128 513 1160; x_wconf 83' lang='lat' dir='ltr'>purget:</span> <span class='ocrx_word' id='word_1_221' title='bbox 533 1118 614 1159; x_wconf 88' lang='lat' dir='ltr'>quod</span> <span class='ocrx_word' id='word_1_222' title='bbox 634 1119 707 1157; x_wconf 85' lang='lat' dir='ltr'>saepe</span> <span class='ocrx_word' id='word_1_223' title='bbox 725 1115 862 1147; x_wconf 76' lang='lat' dir='ltr'>consulto</span> <span class='ocrx_word' id='word_1_224' title='bbox 883 1116 972 1145; x_wconf 91' lang='lat' dir='ltr'>multi</span> <span class='ocrx_word' id='word_1_225' title='bbox 981 1115 1017 1144; x_wconf 90' lang='lat' dir='ltr'>ab</span> <span class='ocrx_word' id='word_1_226' title='bbox 1026 1124 1077 1144; x_wconf 88' lang='lat' dir='ltr'>reo</span> 
     </span>
     <span class='ocr_line' id='line_1_26' title="bbox 119 1156 1074 1205; baseline -0.006 -14"><span class='ocrx_word' id='word_1_227' title='bbox 119 1160 252 1194; x_wconf 82' lang='lat' dir='ltr'>faciunt,</span> <span class='ocrx_word' id='word_1_228' title='bbox 275 1160 415 1201; x_wconf 90' lang='lat' dir='ltr'>angustiis</span> <span class='ocrx_word' id='word_1_229' title='bbox 425 1161 516 1190; x_wconf 82' lang='lat' dir='ltr'>causae</span> <span class='ocrx_word' id='word_1_230' title='bbox 526 1160 629 1190; x_wconf 64' lang='lat' dir='ltr'>canli.</span> <span class='ocrx_word' id='word_1_231' title='bbox 661 1161 716 1190; x_wconf 90' lang='lat' dir='ltr'>Uti</span> <span class='ocrx_word' id='word_1_232' title='bbox 727 1157 747 1188; x_wconf 87' lang='lat' dir='ltr'>fi</span> <span class='ocrx_word' id='word_1_233' title='bbox 757 1161 822 1199; x_wconf 89' lang='lat' dir='ltr'>quis</span> <span class='ocrx_word' id='word_1_234' title='bbox 833 1156 904 1187; x_wconf 74' lang='lat' dir='ltr'>cum</span> <span class='ocrx_word' id='word_1_235' title='bbox 915 1156 1074 1205; x_wconf 62' lang='lat' dir='ltr'>accusetur,</span> 
     </span>
     <span class='ocr_line' id='line_1_27' title="bbox 118 1200 1074 1242; baseline -0.005 -11"><span class='ocrx_word' id='word_1_236' title='bbox 118 1201 232 1231; x_wconf 74' lang='lat' dir='ltr'>ambitu</span> <span class='ocrx_word' id='word_1_237' title='bbox 242 1201 440 1242; x_wconf 73' lang='lat' dir='ltr'>magistratum</span> <span class='ocrx_word' id='word_1_238' title='bbox 451 1200 552 1242; x_wconf 84' lang='lat' dir='ltr'>petisse</span> <span class='ocrx_word' id='word_1_239' title='bbox 565 1222 572 1234; x_wconf 88' lang='lat'>‚</span> <span class='ocrx_word' id='word_1_240' title='bbox 587 1201 622 1231; x_wconf 88' lang='lat' dir='ltr'>ab</span> <span class='ocrx_word' id='word_1_241' title='bbox 632 1200 860 1241; x_wconf 80' lang='lat' dir='ltr'>imperatoribus</span> <span class='ocrx_word' id='word_1_242' title='bbox 870 1200 1074 1238; x_wconf 82' lang='lat' dir='ltr'>saepenumero</span> 
     </span>
     <span class='ocr_line' id='line_1_28' title="bbox 118 1237 1073 1283; baseline -0.006 -9"><span class='ocrx_word' id='word_1_243' title='bbox 118 1245 149 1274; x_wconf 88' lang='lat' dir='ltr'>se</span> <span class='ocrx_word' id='word_1_244' title='bbox 159 1243 234 1283; x_wconf 89' lang='lat' dir='ltr'>apud</span> <span class='ocrx_word' id='word_1_245' title='bbox 243 1245 409 1273; x_wconf 86' lang='lat' dir='ltr'>exercitum</span> <span class='ocrx_word' id='word_1_246' title='bbox 421 1244 563 1274; x_wconf 87' lang='lat' dir='ltr'>donatum</span> <span class='ocrx_word' id='word_1_247' title='bbox 575 1241 632 1272; x_wconf 85' lang='lat' dir='ltr'>effe</span> <span class='ocrx_word' id='word_1_248' title='bbox 643 1242 729 1272; x_wconf 79' lang='lat' dir='ltr'>dicat.</span> <span class='ocrx_word' id='word_1_249' title='bbox 762 1244 831 1272; x_wconf 90' lang='lat' dir='ltr'>Hoc</span> <span class='ocrx_word' id='word_1_250' title='bbox 841 1239 862 1270; x_wconf 90' lang='lat' dir='ltr'><strong>fi</strong></span> <span class='ocrx_word' id='word_1_251' title='bbox 873 1237 1031 1282; x_wconf 67' lang='lat' dir='ltr'>diligenter</span> <span class='ocrx_word' id='word_1_252' title='bbox 1042 1241 1073 1269; x_wconf 92' lang='lat' dir='ltr'>in</span> 
     </span>
     <span class='ocr_line' id='line_1_29' title="bbox 117 1282 1072 1323; baseline -0.005 -8"><span class='ocrx_word' id='word_1_253' title='bbox 117 1285 351 1316; x_wconf 84' lang='lat' dir='ltr'>adversariorum</span> <span class='ocrx_word' id='word_1_254' title='bbox 372 1287 503 1315; x_wconf 76' lang='lat' dir='ltr'>oratione</span> <span class='ocrx_word' id='word_1_255' title='bbox 523 1285 778 1315; x_wconf 65' lang='lat' dir='ltr'>observaverimus</span> <span class='ocrx_word' id='word_1_256' title='bbox 791 1305 798 1317; x_wconf 93' lang='lat'><em>,</em></span> <span class='ocrx_word' id='word_1_257' title='bbox 823 1283 896 1323; x_wconf 78' lang='lat' dir='ltr'>saepe</span> <span class='ocrx_word' id='word_1_258' title='bbox 908 1282 1072 1321; x_wconf 90' lang='lat' dir='ltr'>deprehen-</span> 
     </span>
     <span class='ocr_line' id='line_1_30' title="bbox 74 1325 1072 1367; baseline -0.004 -10"><span class='ocrx_word' id='word_1_259' title='bbox 74 1326 76 1328; x_wconf 65' lang='grc'>’</span> <span class='ocrx_word' id='word_1_260' title='bbox 120 1326 227 1357; x_wconf 87' lang='lat' dir='ltr'>demus</span> <span class='ocrx_word' id='word_1_261' title='bbox 241 1348 248 1359; x_wconf 93' lang='lat'>,</span> <span class='ocrx_word' id='word_1_262' title='bbox 263 1327 336 1356; x_wconf 87' lang='lat' dir='ltr'>&amp;iri</span> <span class='ocrx_word' id='word_1_263' title='bbox 346 1327 520 1366; x_wconf 83' lang='lat' dir='ltr'>hujusmodi</span> <span class='ocrx_word' id='word_1_264' title='bbox 532 1325 763 1367; x_wconf 78' lang='lat' dir='ltr'>deprehensione</span> <span class='ocrx_word' id='word_1_265' title='bbox 773 1325 965 1355; x_wconf 82' lang='lat' dir='ltr'>ostendemus</span> <span class='ocrx_word' id='word_1_266' title='bbox 979 1345 986 1357; x_wconf 95' lang='lat'><em>,</em></span> <span class='ocrx_word' id='word_1_267' title='bbox 1009 1331 1072 1356; x_wconf 89' lang='lat' dir='ltr'>eos,</span> 
     </span>
     <span class='ocr_line' id='line_1_31' title="bbox 120 1366 1070 1409; baseline -0.003 -11"><span class='ocrx_word' id='word_1_268' title='bbox 120 1368 157 1398; x_wconf 88' lang='lat' dir='ltr'>de</span> <span class='ocrx_word' id='word_1_269' title='bbox 167 1378 200 1398; x_wconf 82' lang='lat' dir='ltr'>ea</span> <span class='ocrx_word' id='word_1_270' title='bbox 209 1379 237 1398; x_wconf 90' lang='lat' dir='ltr'>re</span> <span class='ocrx_word' id='word_1_271' title='bbox 247 1368 318 1409; x_wconf 85' lang='lat' dir='ltr'>quid</span> <span class='ocrx_word' id='word_1_272' title='bbox 329 1368 437 1401; x_wconf 89' lang='lat' dir='ltr'>dicant,</span> <span class='ocrx_word' id='word_1_273' title='bbox 450 1378 513 1397; x_wconf 90' lang='lat' dir='ltr'>non</span> <span class='ocrx_word' id='word_1_274' title='bbox 523 1369 637 1398; x_wconf 87' lang='lat' dir='ltr'>habere.</span> <span class='ocrx_word' id='word_1_275' title='bbox 661 1371 738 1398; x_wconf 88' lang='lat' dir='ltr'>Item</span> <span class='ocrx_word' id='word_1_276' title='bbox 748 1368 892 1398; x_wconf 85' lang='lat' dir='ltr'>vitiosum</span> <span class='ocrx_word' id='word_1_277' title='bbox 903 1366 955 1399; x_wconf 83' lang='lat' dir='ltr'>est,</span> <span class='ocrx_word' id='word_1_278' title='bbox 969 1373 1070 1398; x_wconf 82' lang='lat' dir='ltr'>artem,</span> 
     </span>
     <span class='ocr_line' id='line_1_32' title="bbox 118 1409 1075 1450; baseline -0.003 -11"><span class='ocrx_word' id='word_1_279' title='bbox 118 1419 169 1439; x_wconf 89' lang='lat' dir='ltr'>aut</span> <span class='ocrx_word' id='word_1_280' title='bbox 179 1410 329 1439; x_wconf 87' lang='lat' dir='ltr'>scientiam</span> <span class='ocrx_word' id='word_1_281' title='bbox 339 1419 387 1439; x_wconf 90' lang='lat' dir='ltr'>aut</span> <span class='ocrx_word' id='word_1_282' title='bbox 396 1409 526 1439; x_wconf 88' lang='lat' dir='ltr'>studium</span> <span class='ocrx_word' id='word_1_283' title='bbox 538 1410 701 1450; x_wconf 81' lang='lat' dir='ltr'>quodpiam</span> <span class='ocrx_word' id='word_1_284' title='bbox 712 1411 875 1449; x_wconf 83' lang='lat' dir='ltr'>vituperare</span> <span class='ocrx_word' id='word_1_285' title='bbox 885 1416 1004 1448; x_wconf 87' lang='lat' dir='ltr'>propter</span> <span class='ocrx_word' id='word_1_286' title='bbox 1023 1418 1075 1437; x_wconf 88' lang='lat' dir='ltr'>eo-</span> 
     </span>
     <span class='ocr_line' id='line_1_33' title="bbox 117 1450 1076 1493; baseline -0.002 -13"><span class='ocrx_word' id='word_1_287' title='bbox 117 1461 188 1482; x_wconf 84' lang='lat' dir='ltr'>rum</span> <span class='ocrx_word' id='word_1_288' title='bbox 197 1453 269 1481; x_wconf 89' lang='lat' dir='ltr'>vitia</span> <span class='ocrx_word' id='word_1_289' title='bbox 281 1471 288 1483; x_wconf 85' lang='lat'><em>‚</em></span> <span class='ocrx_word' id='word_1_290' title='bbox 300 1453 393 1492; x_wconf 90' lang='lat' dir='ltr'>quiin</span> <span class='ocrx_word' id='word_1_291' title='bbox 402 1462 438 1481; x_wconf 92' lang='lat' dir='ltr'>eo</span> <span class='ocrx_word' id='word_1_292' title='bbox 449 1450 548 1481; x_wconf 89' lang='lat' dir='ltr'>studio</span> <span class='ocrx_word' id='word_1_293' title='bbox 559 1452 642 1481; x_wconf 89' lang='lat' dir='ltr'>sunt:</span> <span class='ocrx_word' id='word_1_294' title='bbox 662 1451 767 1484; x_wconf 85' lang='lat' dir='ltr'>veluti,</span> <span class='ocrx_word' id='word_1_295' title='bbox 779 1453 831 1493; x_wconf 91' lang='lat' dir='ltr'>qui</span> <span class='ocrx_word' id='word_1_296' title='bbox 840 1452 1018 1480; x_wconf 82' lang='lat' dir='ltr'>rhetoricam</span> <span class='ocrx_word' id='word_1_297' title='bbox 1028 1451 1076 1478; x_wconf 91' lang='lat' dir='ltr'>vi-</span> 
     </span>
     <span class='ocr_line' id='line_1_34' title="bbox 118 1492 1072 1536; baseline -0.002 -14"><span class='ocrx_word' id='word_1_298' title='bbox 118 1501 253 1532; x_wconf 88' lang='lat' dir='ltr'>tuperant</span> <span class='ocrx_word' id='word_1_299' title='bbox 264 1513 272 1526; x_wconf 93' lang='lat'><em>,</em></span> <span class='ocrx_word' id='word_1_300' title='bbox 300 1502 419 1533; x_wconf 82' lang='lat' dir='ltr'>propter</span> <span class='ocrx_word' id='word_1_301' title='bbox 438 1493 525 1533; x_wconf 80' lang='lat' dir='ltr'>alicuj</span> <span class='ocrx_word' id='word_1_302' title='bbox 529 1504 562 1523; x_wconf 90' lang='lat' dir='ltr'>us</span> <span class='ocrx_word' id='word_1_303' title='bbox 584 1495 706 1523; x_wconf 87' lang='lat' dir='ltr'>oratoris</span> <span class='ocrx_word' id='word_1_304' title='bbox 728 1492 953 1533; x_wconf 82' lang='lat' dir='ltr'>vituperandam</span> <span class='ocrx_word' id='word_1_305' title='bbox 970 1493 1072 1536; x_wconf 77' lang='lat' dir='ltr'>yitam.</span> 
     </span>
     <span class='ocr_line' id='line_1_35' title="bbox 117 1531 1076 1576; baseline -0.002 -12"><span class='ocrx_word' id='word_1_306' title='bbox 117 1536 195 1564; x_wconf 84' lang='lat' dir='ltr'>Item</span> <span class='ocrx_word' id='word_1_307' title='bbox 205 1535 347 1564; x_wconf 81' lang='lat' dir='ltr'>vitiosum</span> <span class='ocrx_word' id='word_1_308' title='bbox 358 1534 400 1564; x_wconf 92' lang='lat' dir='ltr'>est</span> <span class='ocrx_word' id='word_1_309' title='bbox 412 1556 419 1568; x_wconf 94' lang='lat'>,</span> <span class='ocrx_word' id='word_1_310' title='bbox 442 1545 479 1565; x_wconf 86' lang='lat' dir='ltr'>ex</span> <span class='ocrx_word' id='word_1_311' title='bbox 490 1546 526 1565; x_wconf 90' lang='lat' dir='ltr'>eo</span> <span class='ocrx_word' id='word_1_312' title='bbox 539 1557 546 1568; x_wconf 87' lang='lat'><em>,</em></span> <span class='ocrx_word' id='word_1_313' title='bbox 558 1534 639 1576; x_wconf 75' lang='lat' dir='ltr'>quod</span> <span class='ocrx_word' id='word_1_314' title='bbox 650 1545 801 1575; x_wconf 84' lang='lat' dir='ltr'>perperam</span> <span class='ocrx_word' id='word_1_315' title='bbox 810 1534 923 1564; x_wconf 64' lang='lat' dir='ltr'>faEium</span> <span class='ocrx_word' id='word_1_316' title='bbox 935 1531 991 1563; x_wconf 88' lang='lat' dir='ltr'>esse</span> <span class='ocrx_word' id='word_1_317' title='bbox 1002 1543 1076 1562; x_wconf 88' lang='lat' dir='ltr'>con-</span> 
     </span>
     <span class='ocr_line' id='line_1_36' title="bbox 120 1574 1074 1618; baseline -0.003 -12"><span class='ocrx_word' id='word_1_318' title='bbox 120 1575 183 1608; x_wconf 78' lang='lat' dir='ltr'>stat,</span> <span class='ocrx_word' id='word_1_319' title='bbox 196 1585 295 1615; x_wconf 86' lang='lat' dir='ltr'>putare</span> <span class='ocrx_word' id='word_1_320' title='bbox 305 1575 421 1606; x_wconf 90' lang='lat' dir='ltr'>ostendi</span> <span class='ocrx_word' id='word_1_321' title='bbox 431 1576 446 1606; x_wconf 62' lang='grc' dir='ltr'>’ξι</span> <span class='ocrx_word' id='word_1_322' title='bbox 455 1587 516 1618; x_wconf 90' lang='lat' dir='ltr'>quo</span> <span class='ocrx_word' id='word_1_323' title='bbox 525 1578 651 1606; x_wconf 88' lang='lat' dir='ltr'>homine</span> <span class='ocrx_word' id='word_1_324' title='bbox 668 1575 782 1606; x_wconf 51' lang='lat' dir='ltr'>facium</span> <span class='ocrx_word' id='word_1_325' title='bbox 802 1576 843 1606; x_wconf 87' lang='lat' dir='ltr'>est</span> <span class='ocrx_word' id='word_1_326' title='bbox 854 1597 862 1609; x_wconf 86' lang='lat'>‚</span> <span class='ocrx_word' id='word_1_327' title='bbox 884 1577 944 1605; x_wconf 85' lang='lat' dir='ltr'>hoc</span> <span class='ocrx_word' id='word_1_328' title='bbox 962 1574 1056 1604; x_wconf 91' lang='lat' dir='ltr'>modo</span> <span class='ocrx_word' id='word_1_329' title='bbox 1069 1585 1074 1603; x_wconf 89' lang='grc'>;</span> 
     </span>
     <span class='ocr_line' id='line_1_37' title="bbox 118 1616 1073 1658; baseline 0 -13"><span class='ocrx_word' id='word_1_330' title='bbox 118 1618 271 1648; x_wconf 84' lang='lat' dir='ltr'>Mortuum</span> <span class='ocrx_word' id='word_1_331' title='bbox 289 1617 488 1648; x_wconf 86' lang='lat' dir='ltr'>deformatum</span> <span class='ocrx_word' id='word_1_332' title='bbox 501 1639 508 1651; x_wconf 89' lang='lat'><em>,</em></span> <span class='ocrx_word' id='word_1_333' title='bbox 524 1623 544 1638; x_wconf 86' lang='lat'>·¹</span> <span class='ocrx_word' id='word_1_334' title='bbox 564 1627 681 1648; x_wconf 89' lang='lat' dir='ltr'>tumore</span> <span class='ocrx_word' id='word_1_335' title='bbox 700 1618 857 1658; x_wconf 72' lang='lat' dir='ltr'>praeditum</span> <span class='ocrx_word' id='word_1_336' title='bbox 870 1637 877 1649; x_wconf 91' lang='lat'>,</span> <span class='ocrx_word' id='word_1_337' title='bbox 908 1616 1073 1646; x_wconf 76' lang='lat' dir='ltr'>colomtum</span> 
     </span>
     <span class='ocr_line' id='line_1_38' title="bbox 119 1656 1075 1699; baseline -0.002 -10"><span class='ocrx_word' id='word_1_338' title='bbox 119 1657 205 1690; x_wconf 77' lang='lat' dir='ltr'>fuiffe</span> <span class='ocrx_word' id='word_1_339' title='bbox 215 1658 336 1689; x_wconf 88' lang='lat' dir='ltr'>constat.</span> <span class='ocrx_word' id='word_1_340' title='bbox 359 1670 428 1699; x_wconf 85' lang='lat' dir='ltr'>ergo</span> <span class='ocrx_word' id='word_1_341' title='bbox 438 1670 557 1690; x_wconf 89' lang='lat' dir='ltr'>veneno</span> <span class='ocrx_word' id='word_1_342' title='bbox 568 1669 687 1690; x_wconf 86' lang='lat' dir='ltr'>necatus</span> <span class='ocrx_word' id='word_1_343' title='bbox 698 1659 748 1690; x_wconf 91' lang='lat' dir='ltr'>est.</span> <span class='ocrx_word' id='word_1_344' title='bbox 772 1659 894 1690; x_wconf 81' lang='lat' dir='ltr'>Deinde</span> <span class='ocrx_word' id='word_1_345' title='bbox 906 1679 914 1691; x_wconf 89' lang='lat'><em>,</em></span> <span class='ocrx_word' id='word_1_346' title='bbox 927 1661 941 1677; x_wconf 89' lang='lat'><em>²</em></span> <span class='ocrx_word' id='word_1_347' title='bbox 954 1656 975 1687; x_wconf 83' lang='lat' dir='ltr'>si</span> <span class='ocrx_word' id='word_1_348' title='bbox 984 1656 1017 1688; x_wconf 85' lang='lat' dir='ltr'>sit</span> <span class='ocrx_word' id='word_1_349' title='bbox 1026 1658 1075 1688; x_wconf 79' lang='lat' dir='ltr'>us-</span> 
     </span>
    </p>
   </div>
   <div class='ocr_carea' id='block_1_6' title="bbox 119 1700 1099 1742">
    <p class='ocr_par' dir='ltr' id='par_1_7' title="bbox 119 1700 1099 1742">
     <span class='ocr_line' id='line_1_39' title="bbox 119 1700 1099 1742; baseline -0.002 -12"><span class='ocrx_word' id='word_1_350' title='bbox 119 1710 177 1741; x_wconf 87' lang='lat' dir='ltr'>que</span> <span class='ocrx_word' id='word_1_351' title='bbox 189 1702 221 1730; x_wconf 86' lang='lat' dir='ltr'>in</span> <span class='ocrx_word' id='word_1_352' title='bbox 229 1710 266 1730; x_wconf 88' lang='lat' dir='ltr'>eo</span> <span class='ocrx_word' id='word_1_353' title='bbox 276 1710 434 1741; x_wconf 88' lang='lat' dir='ltr'>occupatus</span> <span class='ocrx_word' id='word_1_354' title='bbox 447 1701 490 1740; x_wconf 90' lang='lat' dir='ltr'>(ut</span> <span class='ocrx_word' id='word_1_355' title='bbox 500 1702 589 1731; x_wconf 90' lang='lat' dir='ltr'>multi</span> <span class='ocrx_word' id='word_1_356' title='bbox 599 1701 723 1742; x_wconf 84' lang='lat' dir='ltr'>faciunt)</span> <span class='ocrx_word' id='word_1_357' title='bbox 744 1711 879 1731; x_wconf 78' lang='lat' dir='ltr'>venenum</span> <span class='ocrx_word' id='word_1_358' title='bbox 887 1700 989 1729; x_wconf 75' lang='lat' dir='ltr'>datum</span> <span class='ocrx_word' id='word_1_359' title='bbox 999 1720 1007 1733; x_wconf 88' lang='lat'><em>‚</em></span> <span class='ocrx_word' id='word_1_360' title='bbox 1028 1701 1076 1729; x_wconf 90' lang='lat' dir='ltr'>vi-</span> <span class='ocrx_word' id='word_1_361' title='bbox 1098 1717 1099 1720; x_wconf 64' lang='lat'><em>=</em></span> 
     </span>
    </p>
   </div>
   <div class='ocr_carea' id='block_1_7' title="bbox 82 1740 1077 2819">
    <p class='ocr_par' dir='ltr' id='par_1_8' title="bbox 82 1740 1077 2185">
     <span class='ocr_line' id='line_1_40' title="bbox 121 1740 1077 1783; baseline -0.001 -11"><span class='ocrx_word' id='word_1_362' title='bbox 121 1744 164 1772; x_wconf 86' lang='lat' dir='ltr'>tio</span> <span class='ocrx_word' id='word_1_363' title='bbox 175 1752 238 1772; x_wconf 88' lang='lat' dir='ltr'>non</span> <span class='ocrx_word' id='word_1_364' title='bbox 249 1742 394 1773; x_wconf 89' lang='lat' dir='ltr'>mediocri</span> <span class='ocrx_word' id='word_1_365' title='bbox 405 1743 681 1774; x_wconf 63' lang='lat' dir='ltr'>conffieteturNon</span> <span class='ocrx_word' id='word_1_366' title='bbox 692 1746 776 1774; x_wconf 88' lang='lat' dir='ltr'>enim</span> <span class='ocrx_word' id='word_1_367' title='bbox 786 1742 939 1773; x_wconf 67' lang='lat' dir='ltr'>faEtumne</span> <span class='ocrx_word' id='word_1_368' title='bbox 950 1740 1077 1783; x_wconf 82' lang='lat' dir='ltr'>sit‚quae—</span> 
     </span>
     <span class='ocr_line' id='line_1_41' title="bbox 585 1784 1076 1825; baseline -0.002 -10"><span class='ocrx_word' id='word_1_369' title='bbox 585 1789 663 1816; x_wconf 87' lang='lat' dir='ltr'>Item</span> <span class='ocrx_word' id='word_1_370' title='bbox 673 1786 817 1816; x_wconf 89' lang='lat' dir='ltr'>vitiosum</span> <span class='ocrx_word' id='word_1_371' title='bbox 828 1784 871 1815; x_wconf 90' lang='lat' dir='ltr'>est</span> <span class='ocrx_word' id='word_1_372' title='bbox 882 1806 890 1818; x_wconf 91' lang='lat'>‚</span> <span class='ocrx_word' id='word_1_373' title='bbox 911 1786 945 1814; x_wconf 92' lang='lat' dir='ltr'>in</span> <span class='ocrx_word' id='word_1_374' title='bbox 955 1794 1076 1825; x_wconf 86' lang='lat' dir='ltr'>compa-</span> 
     </span>
     <span class='ocr_line' id='line_1_42' title="bbox 118 1825 1075 1860; baseline 0 -5"><span class='ocrx_word' id='word_1_375' title='bbox 118 1825 217 1856; x_wconf 86' lang='lat' dir='ltr'>randis</span> <span class='ocrx_word' id='word_1_376' title='bbox 227 1826 312 1856; x_wconf 76' lang='lat' dir='ltr'>rebus</span> <span class='ocrx_word' id='word_1_377' title='bbox 321 1827 440 1857; x_wconf 82' lang='lat' dir='ltr'>alteiam</span> <span class='ocrx_word' id='word_1_378' title='bbox 450 1837 514 1857; x_wconf 90' lang='lat' dir='ltr'>rem</span> <span class='ocrx_word' id='word_1_379' title='bbox 525 1825 628 1857; x_wconf 85' lang='lat' dir='ltr'>efferre</span> <span class='ocrx_word' id='word_1_380' title='bbox 640 1848 648 1860; x_wconf 88' lang='lat'><em>,</em></span> <span class='ocrx_word' id='word_1_381' title='bbox 669 1827 705 1858; x_wconf 88' lang='lat' dir='ltr'>de</span> <span class='ocrx_word' id='word_1_382' title='bbox 716 1829 801 1858; x_wconf 89' lang='lat' dir='ltr'>altera</span> <span class='ocrx_word' id='word_1_383' title='bbox 811 1828 1000 1857; x_wconf 85' lang='lat' dir='ltr'>mentionem</span> <span class='ocrx_word' id='word_1_384' title='bbox 1012 1837 1075 1856; x_wconf 92' lang='lat' dir='ltr'>non</span> 
     </span>
     <span class='ocr_line' id='line_1_43' title="bbox 117 1866 1074 1909; baseline -0.001 -12"><span class='ocrx_word' id='word_1_385' title='bbox 117 1866 212 1898; x_wconf 84' lang='lat' dir='ltr'>facere</span> <span class='ocrx_word' id='word_1_386' title='bbox 225 1888 232 1900; x_wconf 84' lang='lat'><em>‚</em></span> <span class='ocrx_word' id='word_1_387' title='bbox 243 1876 293 1898; x_wconf 88' lang='lat' dir='ltr'>aut</span> <span class='ocrx_word' id='word_1_388' title='bbox 301 1868 498 1909; x_wconf 79' lang='lat' dir='ltr'>negligentius</span> <span class='ocrx_word' id='word_1_389' title='bbox 509 1869 652 1909; x_wconf 85' lang='lat' dir='ltr'>disputare</span> <span class='ocrx_word' id='word_1_390' title='bbox 665 1880 670 1898; x_wconf 80' lang='lat'>2</span> <span class='ocrx_word' id='word_1_391' title='bbox 693 1879 725 1900; x_wconf 90' lang='lat' dir='ltr'>ut</span> <span class='ocrx_word' id='word_1_392' title='bbox 735 1868 756 1899; x_wconf 89' lang='lat' dir='ltr'>fi</span> <span class='ocrx_word' id='word_1_393' title='bbox 765 1877 964 1909; x_wconf 86' lang='lat' dir='ltr'>comparetur,</span> <span class='ocrx_word' id='word_1_394' title='bbox 976 1866 1074 1896; x_wconf 58' lang='lat' dir='ltr'>utram</span> 
     </span>
     <span class='ocr_line' id='line_1_44' title="bbox 117 1908 1073 1951; baseline 0 -12"><span class='ocrx_word' id='word_1_395' title='bbox 117 1909 204 1939; x_wconf 87' lang='lat' dir='ltr'>satius</span> <span class='ocrx_word' id='word_1_396' title='bbox 214 1908 247 1938; x_wconf 85' lang='lat' dir='ltr'>fit</span> <span class='ocrx_word' id='word_1_397' title='bbox 256 1911 402 1949; x_wconf 85' lang='lat' dir='ltr'>populum</span> <span class='ocrx_word' id='word_1_398' title='bbox 412 1910 600 1940; x_wconf 88' lang='lat' dir='ltr'>frumentum</span> <span class='ocrx_word' id='word_1_399' title='bbox 610 1913 739 1951; x_wconf 89' lang='lat' dir='ltr'>accipere</span> <span class='ocrx_word' id='word_1_400' title='bbox 752 1932 760 1944; x_wconf 90' lang='lat'><em>‚</em></span> <span class='ocrx_word' id='word_1_401' title='bbox 772 1921 809 1941; x_wconf 87' lang='lat' dir='ltr'>an</span> <span class='ocrx_word' id='word_1_402' title='bbox 819 1921 883 1940; x_wconf 91' lang='lat' dir='ltr'>non</span> <span class='ocrx_word' id='word_1_403' title='bbox 893 1912 903 1939; x_wconf 90' lang='lat'>?</span> <span class='ocrx_word' id='word_1_404' title='bbox 914 1920 977 1950; x_wconf 87' lang='lat' dir='ltr'>quae</span> <span class='ocrx_word' id='word_1_405' title='bbox 988 1920 1073 1939; x_wconf 87' lang='lat' dir='ltr'>corn-</span> 
     </span>
     <span class='ocr_line' id='line_1_45' title="bbox 118 1949 1073 1992; baseline 0.001 -13"><span class='ocrx_word' id='word_1_406' title='bbox 118 1949 210 1980; x_wconf 87' lang='lat' dir='ltr'>moda</span> <span class='ocrx_word' id='word_1_407' title='bbox 217 1949 273 1979; x_wconf 85' lang='lat' dir='ltr'>fint</span> <span class='ocrx_word' id='word_1_408' title='bbox 283 1952 315 1979; x_wconf 89' lang='lat' dir='ltr'>in</span> <span class='ocrx_word' id='word_1_409' title='bbox 325 1951 449 1981; x_wconf 79' lang='lat' dir='ltr'>alterare</span> <span class='ocrx_word' id='word_1_410' title='bbox 461 1972 469 1984; x_wconf 88' lang='lat'>‚</span> <span class='ocrx_word' id='word_1_411' title='bbox 490 1961 572 1981; x_wconf 90' lang='lat' dir='ltr'>curet</span> <span class='ocrx_word' id='word_1_412' title='bbox 581 1962 769 1986; x_wconf 59' lang='lat' dir='ltr'>enumerare:</span> <span class='ocrx_word' id='word_1_413' title='bbox 792 1962 858 1992; x_wconf 81' lang='lat' dir='ltr'>quae</span> <span class='ocrx_word' id='word_1_414' title='bbox 877 1954 909 1980; x_wconf 89' lang='lat' dir='ltr'>in</span> <span class='ocrx_word' id='word_1_415' title='bbox 928 1952 1014 1981; x_wconf 91' lang='lat' dir='ltr'>altera</span> <span class='ocrx_word' id='word_1_416' title='bbox 1024 1953 1073 1980; x_wconf 92' lang='lat' dir='ltr'>in-</span> 
     </span>
     <span class='ocr_line' id='line_1_46' title="bbox 118 1989 1074 2032; baseline -0.001 -11"><span class='ocrx_word' id='word_1_417' title='bbox 118 1991 282 2021; x_wconf 89' lang='lat' dir='ltr'>commoda</span> <span class='ocrx_word' id='word_1_418' title='bbox 293 1990 348 2020; x_wconf 82' lang='lat' dir='ltr'>sint</span> <span class='ocrx_word' id='word_1_419' title='bbox 357 2011 365 2024; x_wconf 87' lang='lat'><strong><em>,</em></strong></span> <span class='ocrx_word' id='word_1_420' title='bbox 376 1992 460 2022; x_wconf 89' lang='lat' dir='ltr'>velut</span> <span class='ocrx_word' id='word_1_421' title='bbox 470 1991 598 2032; x_wconf 80' lang='lat' dir='ltr'>depress&#39;a</span> <span class='ocrx_word' id='word_1_422' title='bbox 607 1989 772 2032; x_wconf 59' lang='lat' dir='ltr'>praetereat:</span> <span class='ocrx_word' id='word_1_423' title='bbox 791 2002 841 2022; x_wconf 86' lang='lat' dir='ltr'>aut</span> <span class='ocrx_word' id='word_1_424' title='bbox 849 2003 892 2024; x_wconf 89' lang='lat' dir='ltr'>ea,</span> <span class='ocrx_word' id='word_1_425' title='bbox 904 2002 969 2032; x_wconf 87' lang='lat' dir='ltr'>quae</span> <span class='ocrx_word' id='word_1_426' title='bbox 980 1993 1074 2021; x_wconf 88' lang='lat' dir='ltr'>mini-</span> 
     </span>
     <span class='ocr_line' id='line_1_47' title="bbox 118 2032 1072 2072; baseline -0.001 -10"><span class='ocrx_word' id='word_1_427' title='bbox 118 2041 169 2062; x_wconf 84' lang='lat' dir='ltr'>ma</span> <span class='ocrx_word' id='word_1_428' title='bbox 177 2032 195 2062; x_wconf 90' lang='lat' dir='ltr'>s</span> <span class='ocrx_word' id='word_1_429' title='bbox 192 2040 246 2062; x_wconf 89' lang='lat' dir='ltr'>unt</span> <span class='ocrx_word' id='word_1_430' title='bbox 255 2052 264 2065; x_wconf 90' lang='lat'>‚</span> <span class='ocrx_word' id='word_1_431' title='bbox 284 2032 370 2062; x_wconf 89' lang='lat' dir='ltr'>dicat.</span> <span class='ocrx_word' id='word_1_432' title='bbox 401 2035 478 2062; x_wconf 85' lang='lat' dir='ltr'>Item</span> <span class='ocrx_word' id='word_1_433' title='bbox 487 2034 631 2063; x_wconf 86' lang='lat' dir='ltr'>vitiosum</span> <span class='ocrx_word' id='word_1_434' title='bbox 642 2033 685 2064; x_wconf 88' lang='lat' dir='ltr'>est</span> <span class='ocrx_word' id='word_1_435' title='bbox 695 2054 704 2067; x_wconf 86' lang='lat'>‚</span> <span class='ocrx_word' id='word_1_436' title='bbox 726 2035 760 2063; x_wconf 89' lang='lat' dir='ltr'>in</span> <span class='ocrx_word' id='word_1_437' title='bbox 769 2034 855 2063; x_wconf 89' lang='lat' dir='ltr'>rebus</span> <span class='ocrx_word' id='word_1_438' title='bbox 866 2032 1072 2072; x_wconf 72' lang='lat' dir='ltr'>comparandis</span> 
     </span>
     <span class='ocr_line' id='line_1_48' title="bbox 117 2071 1070 2114; baseline -0.001 -11"><span class='ocrx_word' id='word_1_439' title='bbox 117 2071 233 2103; x_wconf 79' lang='lat' dir='ltr'>necesse</span> <span class='ocrx_word' id='word_1_440' title='bbox 241 2081 342 2113; x_wconf 86' lang='lat' dir='ltr'>putare</span> <span class='ocrx_word' id='word_1_441' title='bbox 351 2073 471 2104; x_wconf 86' lang='lat' dir='ltr'>alteram</span> <span class='ocrx_word' id='word_1_442' title='bbox 484 2085 547 2104; x_wconf 89' lang='lat' dir='ltr'>rem</span> <span class='ocrx_word' id='word_1_443' title='bbox 557 2077 715 2114; x_wconf 86' lang='lat' dir='ltr'>vituperari</span> <span class='ocrx_word' id='word_1_444' title='bbox 728 2095 736 2107; x_wconf 93' lang='lat'><em>,</em></span> <span class='ocrx_word' id='word_1_445' title='bbox 748 2074 822 2105; x_wconf 78' lang='lat' dir='ltr'>curn</span> <span class='ocrx_word' id='word_1_446' title='bbox 832 2075 951 2104; x_wconf 81' lang='lat' dir='ltr'>alteram</span> <span class='ocrx_word' id='word_1_447' title='bbox 962 2073 1070 2103; x_wconf 87' lang='lat' dir='ltr'>laudes.</span> 
     </span>
     <span class='ocr_line' id='line_1_49' title="bbox 82 2113 1071 2185; baseline -0.001 -41"><span class='ocrx_word' id='word_1_448' title='bbox 82 2135 87 2136; x_wconf 31' lang='grc' dir='ltr'><em>ν</em></span> <span class='ocrx_word' id='word_1_449' title='bbox 116 2114 208 2185; x_wconf 69' lang='lat' dir='ltr'>Qbod</span> <span class='ocrx_word' id='word_1_450' title='bbox 219 2123 310 2144; x_wconf 76' lang='lat' dir='ltr'>&lt;renus</span> <span class='ocrx_word' id='word_1_451' title='bbox 321 2134 331 2148; x_wconf 84' lang='lat'><strong>,</strong></span> <span class='ocrx_word' id='word_1_452' title='bbox 358 2113 379 2144; x_wconf 92' lang='lat' dir='ltr'>si</span> <span class='ocrx_word' id='word_1_453' title='bbox 388 2124 535 2156; x_wconf 81' lang='lat' dir='ltr'>quaeratur</span> <span class='ocrx_word' id='word_1_454' title='bbox 546 2136 554 2148; x_wconf 91' lang='lat'><strong>,</strong></span> <span class='ocrx_word' id='word_1_455' title='bbox 567 2118 639 2145; x_wconf 87' lang='lat' dir='ltr'>utris</span> <span class='ocrx_word' id='word_1_456' title='bbox 651 2116 746 2155; x_wconf 85' lang='lat' dir='ltr'>major</span> <span class='ocrx_word' id='word_1_457' title='bbox 756 2117 855 2145; x_wconf 90' lang='lat' dir='ltr'>honor</span> <span class='ocrx_word' id='word_1_458' title='bbox 864 2115 1015 2144; x_wconf 82' lang='lat' dir='ltr'>habendus</span> <span class='ocrx_word' id='word_1_459' title='bbox 1027 2113 1071 2147; x_wconf 87' lang='lat' dir='ltr'>sit,</span> 
     </span>
    </p>

    <p class='ocr_par' dir='ltr' id='par_1_9' title="bbox 111 2139 1073 2819">
     <span class='ocr_line' id='line_1_50' title="bbox 115 2139 1073 2197; baseline -0.002 -11"><span class='ocrx_word' id='word_1_460' title='bbox 115 2157 155 2186; x_wconf 85' lang='lat' dir='ltr'>Al</span> <span class='ocrx_word' id='word_1_461' title='bbox 180 2139 294 2185; x_wconf 65' lang='lat' dir='ltr'>eni&#39;ibus</span> <span class='ocrx_word' id='word_1_462' title='bbox 305 2177 313 2189; x_wconf 93' lang='lat'>,</span> <span class='ocrx_word' id='word_1_463' title='bbox 329 2159 340 2183; x_wconf 88' lang='lat'><em>3</em></span> <span class='ocrx_word' id='word_1_464' title='bbox 351 2166 389 2186; x_wconf 89' lang='lat' dir='ltr'>an</span> <span class='ocrx_word' id='word_1_465' title='bbox 399 2155 569 2189; x_wconf 81' lang='lat' dir='ltr'>Venusinis,</span> <span class='ocrx_word' id='word_1_466' title='bbox 580 2156 660 2197; x_wconf 90' lang='lat' dir='ltr'>quod</span> <span class='ocrx_word' id='word_1_467' title='bbox 670 2157 783 2196; x_wconf 89' lang='lat' dir='ltr'>reipub.</span> <span class='ocrx_word' id='word_1_468' title='bbox 795 2157 828 2186; x_wconf 88' lang='lat'>&amp;</span> <span class='ocrx_word' id='word_1_469' title='bbox 836 2156 949 2196; x_wconf 85' lang='lat' dir='ltr'>populo</span> <span class='ocrx_word' id='word_1_470' title='bbox 958 2158 1073 2185; x_wconf 86' lang='lat' dir='ltr'>Roma-</span> 
     </span>
     <span class='ocr_line' id='line_1_51' title="bbox 111 2194 1072 2238; baseline -0.002 -10"><span class='ocrx_word' id='word_1_471' title='bbox 111 2194 162 2228; x_wconf 55' lang='lat' dir='ltr'>&#39;no</span> <span class='ocrx_word' id='word_1_472' title='bbox 171 2196 348 2237; x_wconf 84' lang='lat' dir='ltr'>profuemnt</span> <span class='ocrx_word' id='word_1_473' title='bbox 357 2219 365 2230; x_wconf 88' lang='lat'><em>,</em></span> <span class='ocrx_word' id='word_1_474' title='bbox 387 2198 453 2228; x_wconf 88' lang='lat' dir='ltr'>&amp;is</span> <span class='ocrx_word' id='word_1_475' title='bbox 464 2219 472 2231; x_wconf 93' lang='lat'>‚</span> <span class='ocrx_word' id='word_1_476' title='bbox 493 2200 544 2238; x_wconf 88' lang='lat' dir='ltr'>qui</span> <span class='ocrx_word' id='word_1_477' title='bbox 554 2198 732 2228; x_wconf 78' lang='lat' dir='ltr'>dicit-alteris</span> <span class='ocrx_word' id='word_1_478' title='bbox 743 2218 752 2231; x_wconf 85' lang='lat'>‚</span> <span class='ocrx_word' id='word_1_479' title='bbox 771 2198 876 2228; x_wconf 91' lang='lat' dir='ltr'>alteros</span> <span class='ocrx_word' id='word_1_480' title='bbox 888 2197 978 2227; x_wconf 84' lang='lat' dir='ltr'>laedat.</span> <span class='ocrx_word' id='word_1_481' title='bbox 1007 2207 1072 2226; x_wconf 93' lang='lat' dir='ltr'>non</span> 
     </span>
     <span class='ocr_line' id='line_1_52' title="bbox 115 2238 1069 2280; baseline -0.001 -12"><span class='ocrx_word' id='word_1_482' title='bbox 115 2240 200 2269; x_wconf 82' lang='lat' dir='ltr'>enim</span> <span class='ocrx_word' id='word_1_483' title='bbox 218 2238 331 2269; x_wconf 86' lang='lat' dir='ltr'>necefle</span> <span class='ocrx_word' id='word_1_484' title='bbox 350 2238 391 2269; x_wconf 92' lang='lat' dir='ltr'>est</span> <span class='ocrx_word' id='word_1_485' title='bbox 401 2259 410 2272; x_wconf 90' lang='lat'>‚</span> <span class='ocrx_word' id='word_1_486' title='bbox 434 2238 455 2268; x_wconf 87' lang='lat' dir='ltr'><strong>fi</strong></span> <span class='ocrx_word' id='word_1_487' title='bbox 463 2240 569 2270; x_wconf 86' lang='lat' dir='ltr'>alteros</span> <span class='ocrx_word' id='word_1_488' title='bbox 578 2250 729 2280; x_wconf 83' lang='lat' dir='ltr'>praeponas</span> <span class='ocrx_word' id='word_1_489' title='bbox 742 2260 750 2272; x_wconf 95' lang='lat'><em>,</em></span> <span class='ocrx_word' id='word_1_490' title='bbox 773 2240 879 2269; x_wconf 88' lang='lat' dir='ltr'>alteros</span> <span class='ocrx_word' id='word_1_491' title='bbox 896 2240 1069 2278; x_wconf 84' lang='lat' dir='ltr'>vituperare.</span> 
     </span>
     <span class='ocr_line' id='line_1_53' title="bbox 112 2279 1069 2322; baseline -0.001 -11"><span class='ocrx_word' id='word_1_492' title='bbox 112 2282 192 2311; x_wconf 87' lang='lat' dir='ltr'>Fieri</span> <span class='ocrx_word' id='word_1_493' title='bbox 201 2281 284 2310; x_wconf 91' lang='lat' dir='ltr'>enirn</span> <span class='ocrx_word' id='word_1_494' title='bbox 293 2280 401 2320; x_wconf 87' lang='lat' dir='ltr'>potest,</span> <span class='ocrx_word' id='word_1_495' title='bbox 413 2291 456 2314; x_wconf 91' lang='lat' dir='ltr'>ut,</span> <span class='ocrx_word' id='word_1_496' title='bbox 469 2279 539 2311; x_wconf 79' lang='lat' dir='ltr'>curn</span> <span class='ocrx_word' id='word_1_497' title='bbox 550 2282 655 2311; x_wconf 86' lang='lat' dir='ltr'>alteros</span> <span class='ocrx_word' id='word_1_498' title='bbox 666 2284 760 2322; x_wconf 86' lang='lat' dir='ltr'>magis</span> <span class='ocrx_word' id='word_1_499' title='bbox 772 2281 896 2311; x_wconf 86' lang='lat' dir='ltr'>laudaris</span> <span class='ocrx_word' id='word_1_500' title='bbox 907 2301 916 2313; x_wconf 92' lang='lat'>‚</span> <span class='ocrx_word' id='word_1_501' title='bbox 939 2281 1069 2320; x_wconf 84' lang='lat' dir='ltr'>aliquam</span> 
     </span>
     <span class='ocr_line' id='line_1_54' title="bbox 113 2320 1070 2362; baseline -0.001 -11"><span class='ocrx_word' id='word_1_502' title='bbox 113 2322 211 2351; x_wconf 89' lang='lat' dir='ltr'>alteris</span> <span class='ocrx_word' id='word_1_503' title='bbox 229 2322 323 2352; x_wconf 88' lang='lat' dir='ltr'>laudis</span> <span class='ocrx_word' id='word_1_504' title='bbox 342 2331 455 2362; x_wconf 87' lang='lat' dir='ltr'>partem</span> <span class='ocrx_word' id='word_1_505' title='bbox 474 2322 610 2352; x_wconf 86' lang='lat' dir='ltr'>attribuas</span> <span class='ocrx_word' id='word_1_506' title='bbox 622 2343 630 2356; x_wconf 88' lang='lat'><strong>,</strong></span> <span class='ocrx_word' id='word_1_507' title='bbox 652 2333 690 2352; x_wconf 90' lang='lat' dir='ltr'>ne</span> <span class='ocrx_word' id='word_1_508' title='bbox 700 2322 808 2362; x_wconf 77' lang='lat' dir='ltr'>cupide</span> <span class='ocrx_word' id='word_1_509' title='bbox 819 2320 957 2362; x_wconf 78' lang='lat' dir='ltr'>pugnasse</span> <span class='ocrx_word' id='word_1_510' title='bbox 969 2331 1070 2351; x_wconf 88' lang='lat' dir='ltr'>contra</span> 
     </span>
     <span class='ocr_line' id='line_1_55' title="bbox 111 2363 1070 2403; baseline 0.001 -11"><span class='ocrx_word' id='word_1_511' title='bbox 111 2364 266 2393; x_wconf 87' lang='lat' dir='ltr'>veritatem</span> <span class='ocrx_word' id='word_1_512' title='bbox 276 2366 396 2403; x_wconf 89' lang='lat' dir='ltr'>puteris.</span> <span class='ocrx_word' id='word_1_513' title='bbox 432 2366 509 2394; x_wconf 84' lang='lat' dir='ltr'>Item</span> <span class='ocrx_word' id='word_1_514' title='bbox 518 2365 663 2394; x_wconf 87' lang='lat' dir='ltr'>vitiosum</span> <span class='ocrx_word' id='word_1_515' title='bbox 674 2364 716 2394; x_wconf 89' lang='lat' dir='ltr'>est</span> <span class='ocrx_word' id='word_1_516' title='bbox 726 2385 735 2397; x_wconf 87' lang='lat'><em>,</em></span> <span class='ocrx_word' id='word_1_517' title='bbox 756 2364 791 2393; x_wconf 93' lang='lat' dir='ltr'>de</span> <span class='ocrx_word' id='word_1_518' title='bbox 801 2365 929 2394; x_wconf 89' lang='lat' dir='ltr'>nomine</span> <span class='ocrx_word' id='word_1_519' title='bbox 940 2363 973 2392; x_wconf 73' lang='grc' dir='ltr'>δε</span> <span class='ocrx_word' id='word_1_520' title='bbox 983 2373 1070 2393; x_wconf 82' lang='lat' dir='ltr'>voca—</span> 
     </span>
     <span class='ocr_line' id='line_1_56' title="bbox 111 2403 1068 2446; baseline -0.001 -12"><span class='ocrx_word' id='word_1_521' title='bbox 111 2404 187 2434; x_wconf 90' lang='lat' dir='ltr'>bulo</span> <span class='ocrx_word' id='word_1_522' title='bbox 196 2405 258 2444; x_wconf 82' lang='lat' dir='ltr'>ejus</span> <span class='ocrx_word' id='word_1_523' title='bbox 269 2407 310 2434; x_wconf 89' lang='lat' dir='ltr'>rei</span> <span class='ocrx_word' id='word_1_524' title='bbox 322 2403 550 2435; x_wconf 73' lang='lat' dir='ltr'>controversiam</span> <span class='ocrx_word' id='word_1_525' title='bbox 562 2405 670 2435; x_wconf 88' lang='lat' dir='ltr'>struere</span> <span class='ocrx_word' id='word_1_526' title='bbox 681 2426 689 2438; x_wconf 93' lang='lat'>‚</span> <span class='ocrx_word' id='word_1_527' title='bbox 708 2415 797 2446; x_wconf 88' lang='lat' dir='ltr'>quam</span> <span class='ocrx_word' id='word_1_528' title='bbox 807 2415 872 2435; x_wconf 88' lang='lat' dir='ltr'>rem</span> <span class='ocrx_word' id='word_1_529' title='bbox 882 2404 1068 2434; x_wconf 56' lang='lat' dir='ltr'>consuetudo</span> 
     </span>
     <span class='ocr_line' id='line_1_57' title="bbox 113 2445 1067 2487; baseline 0 -12"><span class='ocrx_word' id='word_1_530' title='bbox 113 2445 210 2486; x_wconf 86' lang='lat' dir='ltr'>potest</span> <span class='ocrx_word' id='word_1_531' title='bbox 219 2446 333 2486; x_wconf 72' lang='lat' dir='ltr'>optime</span> <span class='ocrx_word' id='word_1_532' title='bbox 341 2446 482 2486; x_wconf 82' lang='lat' dir='ltr'>judicare.</span> <span class='ocrx_word' id='word_1_533' title='bbox 506 2447 598 2476; x_wconf 79' lang='lat' dir='ltr'>Velut</span> <span class='ocrx_word' id='word_1_534' title='bbox 607 2448 754 2487; x_wconf 85' lang='lat' dir='ltr'>Sulpicius</span> <span class='ocrx_word' id='word_1_535' title='bbox 766 2467 775 2480; x_wconf 83' lang='lat'><strong>,</strong></span> <span class='ocrx_word' id='word_1_536' title='bbox 797 2449 850 2487; x_wconf 88' lang='lat' dir='ltr'>qui</span> <span class='ocrx_word' id='word_1_537' title='bbox 860 2445 1067 2479; x_wconf 72' lang='lat' dir='ltr'>intercesserat,</span> 
     </span>
     <span class='ocr_line' id='line_1_58' title="bbox 113 2487 1070 2528; baseline 0 -12"><span class='ocrx_word' id='word_1_538' title='bbox 113 2497 152 2517; x_wconf 88' lang='lat' dir='ltr'>ne</span> <span class='ocrx_word' id='word_1_539' title='bbox 162 2488 264 2518; x_wconf 82' lang='lat' dir='ltr'>exules</span> <span class='ocrx_word' id='word_1_540' title='bbox 274 2508 282 2521; x_wconf 87' lang='lat'>,</span> <span class='ocrx_word' id='word_1_541' title='bbox 303 2488 410 2528; x_wconf 87' lang='lat' dir='ltr'>quibus</span> <span class='ocrx_word' id='word_1_542' title='bbox 420 2489 533 2518; x_wconf 79' lang='lat' dir='ltr'>causam</span> <span class='ocrx_word' id='word_1_543' title='bbox 546 2488 642 2518; x_wconf 86' lang='lat' dir='ltr'>dicere</span> <span class='ocrx_word' id='word_1_544' title='bbox 652 2498 716 2518; x_wconf 90' lang='lat' dir='ltr'>non</span> <span class='ocrx_word' id='word_1_545' title='bbox 726 2487 853 2518; x_wconf 86' lang='lat' dir='ltr'>licuiffet</span> <span class='ocrx_word' id='word_1_546' title='bbox 864 2509 872 2521; x_wconf 93' lang='lat'>,</span> <span class='ocrx_word' id='word_1_547' title='bbox 892 2487 1070 2518; x_wconf 85' lang='lat' dir='ltr'>reduceren-</span> 
     </span>
     <span class='ocr_line' id='line_1_59' title="bbox 114 2528 1068 2569; baseline -0.001 -11"><span class='ocrx_word' id='word_1_548' title='bbox 114 2538 162 2559; x_wconf 86' lang='lat' dir='ltr'>tur</span> <span class='ocrx_word' id='word_1_549' title='bbox 171 2549 180 2562; x_wconf 91' lang='lat'>‚</span> <span class='ocrx_word' id='word_1_550' title='bbox 200 2529 281 2558; x_wconf 86' lang='lat' dir='ltr'>idem</span> <span class='ocrx_word' id='word_1_551' title='bbox 291 2528 437 2569; x_wconf 87' lang='lat' dir='ltr'>posterius</span> <span class='ocrx_word' id='word_1_552' title='bbox 447 2532 603 2561; x_wconf 80' lang='lat' dir='ltr'>immutata</span> <span class='ocrx_word' id='word_1_553' title='bbox 612 2531 763 2560; x_wconf 91' lang='lat' dir='ltr'>voluntate</span> <span class='ocrx_word' id='word_1_554' title='bbox 775 2551 783 2564; x_wconf 93' lang='lat'>,</span> <span class='ocrx_word' id='word_1_555' title='bbox 803 2528 874 2560; x_wconf 77' lang='lat' dir='ltr'>cum</span> <span class='ocrx_word' id='word_1_556' title='bbox 885 2529 1010 2558; x_wconf 85' lang='lat' dir='ltr'>eandem</span> <span class='ocrx_word' id='word_1_557' title='bbox 1022 2529 1068 2558; x_wconf 83' lang='lat' dir='ltr'>le-</span> 
     </span>
     <span class='ocr_line' id='line_1_60' title="bbox 112 2570 1069 2612; baseline 0.001 -13"><span class='ocrx_word' id='word_1_558' title='bbox 112 2580 181 2611; x_wconf 88' lang='lat' dir='ltr'>gem</span> <span class='ocrx_word' id='word_1_559' title='bbox 193 2570 291 2603; x_wconf 59' lang='grc'><strong>161161,</strong></span> <span class='ocrx_word' id='word_1_560' title='bbox 302 2571 391 2601; x_wconf 82' lang='lat' dir='ltr'>aliam</span> <span class='ocrx_word' id='word_1_561' title='bbox 402 2571 461 2602; x_wconf 85' lang='lat' dir='ltr'>sese</span> <span class='ocrx_word' id='word_1_562' title='bbox 470 2571 545 2601; x_wconf 90' lang='lat' dir='ltr'>ferre</span> <span class='ocrx_word' id='word_1_563' title='bbox 558 2571 672 2602; x_wconf 85' lang='lat' dir='ltr'>dicebat</span> <span class='ocrx_word' id='word_1_564' title='bbox 679 2581 797 2612; x_wconf 86' lang='lat' dir='ltr'>propter</span> <span class='ocrx_word' id='word_1_565' title='bbox 806 2573 972 2600; x_wconf 88' lang='lat' dir='ltr'>nominum</span> <span class='ocrx_word' id='word_1_566' title='bbox 983 2581 1069 2600; x_wconf 86' lang='lat' dir='ltr'>corn—</span> 
     </span>
     <span class='ocr_line' id='line_1_61' title="bbox 113 2611 1065 2652; baseline 0 -11"><span class='ocrx_word' id='word_1_567' title='bbox 113 2614 312 2642; x_wconf 88' lang='lat' dir='ltr'>mutationem</span> <span class='ocrx_word' id='word_1_568' title='bbox 325 2624 330 2642; x_wconf 83' lang='lat' dir='ltr'>z</span> <span class='ocrx_word' id='word_1_569' title='bbox 349 2623 423 2642; x_wconf 89' lang='lat' dir='ltr'>nam</span> <span class='ocrx_word' id='word_1_570' title='bbox 443 2623 505 2643; x_wconf 88' lang='lat' dir='ltr'>non</span> <span class='ocrx_word' id='word_1_571' title='bbox 522 2613 614 2642; x_wconf 77' lang='lat' dir='ltr'>exules</span> <span class='ocrx_word' id='word_1_572' title='bbox 625 2634 633 2646; x_wconf 91' lang='lat'>‚</span> <span class='ocrx_word' id='word_1_573' title='bbox 655 2613 704 2643; x_wconf 89' lang='lat' dir='ltr'>sed</span> <span class='ocrx_word' id='word_1_574' title='bbox 724 2614 756 2642; x_wconf 79' lang='lat' dir='ltr'>vi</span> <span class='ocrx_word' id='word_1_575' title='bbox 776 2611 870 2652; x_wconf 62' lang='lat' dir='ltr'>cjestos</span> <span class='ocrx_word' id='word_1_576' title='bbox 889 2613 907 2642; x_wconf 88' lang='lat' dir='ltr'>s</span> <span class='ocrx_word' id='word_1_577' title='bbox 903 2623 917 2642; x_wconf 85' lang='lat' dir='ltr'>e</span> <span class='ocrx_word' id='word_1_578' title='bbox 928 2612 1065 2641; x_wconf 88' lang='lat' dir='ltr'>reducere</span> 
     </span>
     <span class='ocr_line' id='line_1_62' title="bbox 111 2653 1068 2695; baseline -0.001 -12"><span class='ocrx_word' id='word_1_579' title='bbox 111 2653 205 2692; x_wconf 83' lang='lat' dir='ltr'>ajebat</span> <span class='ocrx_word' id='word_1_580' title='bbox 216 2664 221 2682; x_wconf 93' lang='lat'>:</span> <span class='ocrx_word' id='word_1_581' title='bbox 238 2653 361 2694; x_wconf 87' lang='lat' dir='ltr'>perinde</span> <span class='ocrx_word' id='word_1_582' title='bbox 373 2653 450 2695; x_wconf 89' lang='lat' dir='ltr'>quafi</span> <span class='ocrx_word' id='word_1_583' title='bbox 460 2654 491 2684; x_wconf 88' lang='lat' dir='ltr'>id</span> <span class='ocrx_word' id='word_1_584' title='bbox 500 2653 598 2684; x_wconf 69' lang='lat' dir='ltr'>fuiffiet</span> <span class='ocrx_word' id='word_1_585' title='bbox 607 2657 639 2684; x_wconf 89' lang='lat' dir='ltr'>in</span> <span class='ocrx_word' id='word_1_586' title='bbox 649 2653 845 2685; x_wconf 80' lang='lat' dir='ltr'>controversia</span> <span class='ocrx_word' id='word_1_587' title='bbox 855 2674 865 2687; x_wconf 93' lang='lat'>,</span> <span class='ocrx_word' id='word_1_588' title='bbox 883 2664 944 2694; x_wconf 92' lang='lat' dir='ltr'>quo</span> <span class='ocrx_word' id='word_1_589' title='bbox 955 2654 1000 2682; x_wconf 88' lang='lat' dir='ltr'>illi</span> <span class='ocrx_word' id='word_1_590' title='bbox 1011 2663 1068 2683; x_wconf 93' lang='lat' dir='ltr'>no—</span> 
     </span>
     <span class='ocr_line' id='line_1_63' title="bbox 114 2693 1068 2736; baseline 0 -12"><span class='ocrx_word' id='word_1_591' title='bbox 114 2697 197 2725; x_wconf 89' lang='lat' dir='ltr'>mine</span> <span class='ocrx_word' id='word_1_592' title='bbox 215 2695 429 2735; x_wconf 86' lang='lat' dir='ltr'>appellarentur</span> <span class='ocrx_word' id='word_1_593' title='bbox 446 2695 461 2726; x_wconf 75' lang='lat' dir='ltr'>a</span> <span class='ocrx_word' id='word_1_594' title='bbox 479 2696 593 2736; x_wconf 89' lang='lat' dir='ltr'>populo</span> <span class='ocrx_word' id='word_1_595' title='bbox 612 2699 755 2726; x_wconf 86' lang='lat' dir='ltr'>Romano</span> <span class='ocrx_word' id='word_1_596' title='bbox 767 2717 774 2728; x_wconf 90' lang='lat'>,</span> <span class='ocrx_word' id='word_1_597' title='bbox 794 2704 842 2725; x_wconf 90' lang='lat' dir='ltr'>aut</span> <span class='ocrx_word' id='word_1_598' title='bbox 859 2695 982 2735; x_wconf 86' lang='lat' dir='ltr'>perinde</span> <span class='ocrx_word' id='word_1_599' title='bbox 991 2693 1068 2735; x_wconf 92' lang='lat' dir='ltr'>quasi</span> 
     </span>
     <span class='ocr_line' id='line_1_64' title="bbox 113 2736 1068 2782; baseline -0.002 -16"><span class='ocrx_word' id='word_1_600' title='bbox 113 2745 179 2766; x_wconf 87' lang='lat' dir='ltr'>non</span> <span class='ocrx_word' id='word_1_601' title='bbox 188 2746 306 2769; x_wconf 87' lang='lat' dir='ltr'>omnes,</span> <span class='ocrx_word' id='word_1_602' title='bbox 318 2737 425 2776; x_wconf 87' lang='lat' dir='ltr'>quibus</span> <span class='ocrx_word' id='word_1_603' title='bbox 435 2747 508 2777; x_wconf 85' lang='lat' dir='ltr'>aqua</span> <span class='ocrx_word' id='word_1_604' title='bbox 517 2738 620 2782; x_wconf 80' lang='lat' dir='ltr'>&amp;igni</span> <span class='ocrx_word' id='word_1_605' title='bbox 630 2737 826 2767; x_wconf 56' lang='lat' dir='ltr'>interdiEAEum</span> <span class='ocrx_word' id='word_1_606' title='bbox 836 2736 878 2766; x_wconf 88' lang='lat' dir='ltr'>est</span> <span class='ocrx_word' id='word_1_607' title='bbox 889 2757 897 2769; x_wconf 86' lang='lat'>,</span> <span class='ocrx_word' id='word_1_608' title='bbox 917 2737 1009 2765; x_wconf 78' lang='lat' dir='ltr'>exules</span> <span class='ocrx_word' id='word_1_609' title='bbox 1018 2747 1068 2776; x_wconf 86' lang='lat' dir='ltr'>ap-</span> 
     </span>
     <span class='ocr_line' id='line_1_65' title="bbox 112 2776 1068 2819; baseline 0.001 -13"><span class='ocrx_word' id='word_1_610' title='bbox 112 2778 269 2818; x_wconf 87' lang='lat' dir='ltr'>pellentur.</span> <span class='ocrx_word' id='word_1_611' title='bbox 291 2776 407 2807; x_wconf 76' lang='lat' dir='ltr'>Verum</span> <span class='ocrx_word' id='word_1_612' title='bbox 417 2779 462 2808; x_wconf 90' lang='lat' dir='ltr'>illi</span> <span class='ocrx_word' id='word_1_613' title='bbox 471 2777 588 2808; x_wconf 85' lang='lat' dir='ltr'>fortafle</span> <span class='ocrx_word' id='word_1_614' title='bbox 597 2779 781 2819; x_wconf 86' lang='lat' dir='ltr'>ignoscimus</span> <span class='ocrx_word' id='word_1_615' title='bbox 794 2799 802 2811; x_wconf 92' lang='lat'><strong>‚</strong></span> <span class='ocrx_word' id='word_1_616' title='bbox 823 2777 844 2807; x_wconf 87' lang='lat' dir='ltr'>fi</span> <span class='ocrx_word' id='word_1_617' title='bbox 853 2788 923 2807; x_wconf 87' lang='lat' dir='ltr'>cuin</span> <span class='ocrx_word' id='word_1_618' title='bbox 933 2778 1016 2807; x_wconf 83' lang='lat' dir='ltr'>causa</span> <span class='ocrx_word' id='word_1_619' title='bbox 1023 2781 1068 2807; x_wconf 69' lang='lat' dir='ltr'>ie-</span> 
     </span>
    </p>
   </div>
   <div class='ocr_carea' id='block_1_8' title="bbox 1112 125 2078 188">
    <p class='ocr_par' dir='ltr' id='par_1_10' title="bbox 1112 125 2078 188">
     <span class='ocr_line' id='line_1_66' title="bbox 1112 125 2078 188; baseline 0.001 -17"><span class='ocrx_word' id='word_1_620' title='bbox 1112 126 1307 172; x_wconf 78' lang='lat' dir='ltr'>LrnER</span> <span class='ocrx_word' id='word_1_621' title='bbox 1341 125 1680 173; x_wconf 76' lang='lat' dir='ltr'>SEcunnus.</span> <span class='ocrx_word' id='word_1_622' title='bbox 2029 142 2078 188; x_wconf 88' lang='lat'>13</span> 
     </span>
    </p>
   </div>
   <div class='ocr_carea' id='block_1_9' title="bbox 1108 203 2088 1785">
    <p class='ocr_par' dir='ltr' id='par_1_11' title="bbox 1108 203 2088 1785">
     <span class='ocr_line' id='line_1_67' title="bbox 1132 203 2085 244; baseline 0 -10"><span class='ocrx_word' id='word_1_623' title='bbox 1132 203 1302 234; x_wconf 78' lang='lat' dir='ltr'>troverfiam</span> <span class='ocrx_word' id='word_1_624' title='bbox 1319 213 1438 244; x_wconf 87' lang='lat' dir='ltr'>propter</span> <span class='ocrx_word' id='word_1_625' title='bbox 1459 205 1623 234; x_wconf 88' lang='lat' dir='ltr'>nominum</span> <span class='ocrx_word' id='word_1_626' title='bbox 1643 204 1863 238; x_wconf 54' lang='lat' dir='ltr'>2mutati0n&#39;em.</span> <span class='ocrx_word' id='word_1_627' title='bbox 1917 205 2085 244; x_wconf 65' lang='lat' dir='ltr'>Qommsi</span> 
     </span>
     <span class='ocr_line' id='line_1_68' title="bbox 1133 244 2088 285; baseline 0.001 -11"><span class='ocrx_word' id='word_1_628' title='bbox 1133 248 1287 276; x_wconf 79' lang='lat' dir='ltr'>exornatio</span> <span class='ocrx_word' id='word_1_629' title='bbox 1298 246 1411 276; x_wconf 87' lang='lat' dir='ltr'>constat</span> <span class='ocrx_word' id='word_1_630' title='bbox 1421 255 1458 275; x_wconf 83' lang='lat' dir='ltr'>ex</span> <span class='ocrx_word' id='word_1_631' title='bbox 1468 244 1614 275; x_wconf 85' lang='lat' dir='ltr'>similibus</span> <span class='ocrx_word' id='word_1_632' title='bbox 1627 266 1635 279; x_wconf 92' lang='lat'>‚</span> <span class='ocrx_word' id='word_1_633' title='bbox 1650 246 1682 275; x_wconf 75' lang='grc' dir='ltr'>δε</span> <span class='ocrx_word' id='word_1_634' title='bbox 1693 245 1839 284; x_wconf 84' lang='lat' dir='ltr'>exemplis</span> <span class='ocrx_word' id='word_1_635' title='bbox 1852 266 1859 277; x_wconf 82' lang='grc'><strong>,</strong></span> <span class='ocrx_word' id='word_1_636' title='bbox 1881 244 1913 273; x_wconf 87' lang='lat'>&amp;</span> <span class='ocrx_word' id='word_1_637' title='bbox 1923 245 2088 285; x_wconf 77' lang='lat' dir='ltr'>amplifica-</span> 
     </span>
     <span class='ocr_line' id='line_1_69' title="bbox 1133 287 2085 327; baseline 0.003 -13"><span class='ocrx_word' id='word_1_638' title='bbox 1133 287 1277 320; x_wconf 89' lang='lat' dir='ltr'>tionibus,</span> <span class='ocrx_word' id='word_1_639' title='bbox 1292 298 1329 317; x_wconf 87' lang='lat' dir='ltr'>ex</span> <span class='ocrx_word' id='word_1_640' title='bbox 1341 287 1522 323; x_wconf 61' lang='lat' dir='ltr'>judicatis&amp;</span> <span class='ocrx_word' id='word_1_641' title='bbox 1532 289 1634 317; x_wconf 84' lang='lat' dir='ltr'>ceteris</span> <span class='ocrx_word' id='word_1_642' title='bbox 1645 287 1744 319; x_wconf 89' lang='lat' dir='ltr'>rebus,</span> <span class='ocrx_word' id='word_1_643' title='bbox 1756 297 1820 327; x_wconf 85' lang='lat' dir='ltr'>quae</span> <span class='ocrx_word' id='word_1_644' title='bbox 1829 288 1980 326; x_wconf 78' lang='lat' dir='ltr'>pertinent</span> <span class='ocrx_word' id='word_1_645' title='bbox 1988 287 2022 317; x_wconf 86' lang='lat' dir='ltr'>ad</span> <span class='ocrx_word' id='word_1_646' title='bbox 2032 297 2085 317; x_wconf 78' lang='lat' dir='ltr'>ex-</span> 
     </span>
     <span class='ocr_line' id='line_1_70' title="bbox 1131 328 2086 370; baseline 0.005 -16"><span class='ocrx_word' id='word_1_647' title='bbox 1131 328 1321 366; x_wconf 78' lang='lat' dir='ltr'>aggerandam</span> <span class='ocrx_word' id='word_1_648' title='bbox 1334 330 1366 358; x_wconf 82' lang='lat'>&amp;</span> <span class='ocrx_word' id='word_1_649' title='bbox 1376 329 1664 368; x_wconf 85' lang='lat' dir='ltr'>collocupletandam</span> <span class='ocrx_word' id='word_1_650' title='bbox 1683 330 1974 368; x_wconf 83' lang='lat' dir='ltr'>argumentationem</span> <span class='ocrx_word' id='word_1_651' title='bbox 1988 349 1996 361; x_wconf 89' lang='lat'><em>,</em></span> <span class='ocrx_word' id='word_1_652' title='bbox 2020 339 2086 370; x_wconf 78' lang='lat' dir='ltr'>quae</span> 
     </span>
     <span class='ocr_line' id='line_1_71' title="bbox 1132 366 2084 411; baseline 0.006 -16"><span class='ocrx_word' id='word_1_653' title='bbox 1132 366 1187 396; x_wconf 88' lang='lat' dir='ltr'>sint</span> <span class='ocrx_word' id='word_1_654' title='bbox 1197 369 1234 396; x_wconf 87' lang='lat' dir='ltr'>iis</span> <span class='ocrx_word' id='word_1_655' title='bbox 1244 368 1330 398; x_wconf 84' lang='lat' dir='ltr'>rebus</span> <span class='ocrx_word' id='word_1_656' title='bbox 1341 372 1423 403; x_wconf 79' lang='lat' dir='ltr'>vitia,</span> <span class='ocrx_word' id='word_1_657' title='bbox 1436 369 1663 400; x_wconf 79' lang='lat' dir='ltr'>confideremus.</span> <span class='ocrx_word' id='word_1_658' title='bbox 1686 370 1786 400; x_wconf 80' lang='lat' dir='ltr'>Simile</span> <span class='ocrx_word' id='word_1_659' title='bbox 1795 370 1937 399; x_wconf 72' lang='lat' dir='ltr'>Vitiosum</span> <span class='ocrx_word' id='word_1_660' title='bbox 1947 369 2084 411; x_wconf 81' lang='lat' dir='ltr'>est‚quod</span> 
     </span>
     <span class='ocr_line' id='line_1_72' title="bbox 1131 408 2084 451; baseline 0.006 -15"><span class='ocrx_word' id='word_1_661' title='bbox 1131 418 1169 437; x_wconf 88' lang='lat' dir='ltr'>ex</span> <span class='ocrx_word' id='word_1_662' title='bbox 1187 408 1284 448; x_wconf 86' lang='lat' dir='ltr'>aliqua</span> <span class='ocrx_word' id='word_1_663' title='bbox 1302 419 1380 448; x_wconf 81' lang='lat' dir='ltr'>parte</span> <span class='ocrx_word' id='word_1_664' title='bbox 1399 410 1537 441; x_wconf 80' lang='lat' dir='ltr'>diss‘imile</span> <span class='ocrx_word' id='word_1_665' title='bbox 1557 411 1599 442; x_wconf 82' lang='lat' dir='ltr'>est</span> <span class='ocrx_word' id='word_1_666' title='bbox 1611 432 1618 444; x_wconf 92' lang='lat'>‚</span> <span class='ocrx_word' id='word_1_667' title='bbox 1641 422 1697 441; x_wconf 87' lang='lat' dir='ltr'>nec</span> <span class='ocrx_word' id='word_1_668' title='bbox 1714 412 1802 442; x_wconf 85' lang='lat' dir='ltr'>habet</span> <span class='ocrx_word' id='word_1_669' title='bbox 1818 420 1919 451; x_wconf 84' lang='lat' dir='ltr'>parem</span> <span class='ocrx_word' id='word_1_670' title='bbox 1937 420 2084 442; x_wconf 81' lang='lat' dir='ltr'>rationem</span> 
     </span>
     <span class='ocr_line' id='line_1_73' title="bbox 1129 451 2083 494; baseline 0.005 -16"><span class='ocrx_word' id='word_1_671' title='bbox 1129 451 1359 488; x_wconf 82' lang='lat' dir='ltr'>comparationis</span> <span class='ocrx_word' id='word_1_672' title='bbox 1371 471 1379 483; x_wconf 92' lang='lat'><strong>‚</strong></span> <span class='ocrx_word' id='word_1_673' title='bbox 1402 461 1450 481; x_wconf 89' lang='lat' dir='ltr'>aut</span> <span class='ocrx_word' id='word_1_674' title='bbox 1461 451 1513 481; x_wconf 85' lang='lat' dir='ltr'>fibi</span> <span class='ocrx_word' id='word_1_675' title='bbox 1523 452 1574 492; x_wconf 91' lang='lat' dir='ltr'>ipsi</span> <span class='ocrx_word' id='word_1_676' title='bbox 1584 453 1668 483; x_wconf 89' lang='lat' dir='ltr'>obest</span> <span class='ocrx_word' id='word_1_677' title='bbox 1677 455 1728 494; x_wconf 90' lang='lat' dir='ltr'>qui</span> <span class='ocrx_word' id='word_1_678' title='bbox 1738 452 1830 483; x_wconf 85' lang='lat' dir='ltr'>affert.</span> <span class='ocrx_word' id='word_1_679' title='bbox 1860 453 2029 493; x_wconf 72' lang='lat' dir='ltr'>Exemplum</span> <span class='ocrx_word' id='word_1_680' title='bbox 2039 456 2083 483; x_wconf 86' lang='lat' dir='ltr'>vi-</span> 
     </span>
     <span class='ocr_line' id='line_1_74' title="bbox 1131 490 2083 534; baseline 0.005 -14"><span class='ocrx_word' id='word_1_681' title='bbox 1131 491 1242 520; x_wconf 86' lang='lat' dir='ltr'>tiosum</span> <span class='ocrx_word' id='word_1_682' title='bbox 1252 490 1295 522; x_wconf 85' lang='lat' dir='ltr'>est</span> <span class='ocrx_word' id='word_1_683' title='bbox 1306 511 1314 524; x_wconf 90' lang='lat'>‚</span> <span class='ocrx_word' id='word_1_684' title='bbox 1334 490 1355 520; x_wconf 90' lang='lat' dir='ltr'>si</span> <span class='ocrx_word' id='word_1_685' title='bbox 1365 500 1413 521; x_wconf 88' lang='lat' dir='ltr'>aut</span> <span class='ocrx_word' id='word_1_686' title='bbox 1425 492 1531 523; x_wconf 80' lang='lat' dir='ltr'>falsum</span> <span class='ocrx_word' id='word_1_687' title='bbox 1543 494 1584 524; x_wconf 90' lang='lat' dir='ltr'>est</span> <span class='ocrx_word' id='word_1_688' title='bbox 1597 515 1604 527; x_wconf 92' lang='lat'>‚</span> <span class='ocrx_word' id='word_1_689' title='bbox 1627 504 1659 524; x_wconf 92' lang='lat' dir='ltr'>ut</span> <span class='ocrx_word' id='word_1_690' title='bbox 1669 494 1896 534; x_wconf 85' lang='lat' dir='ltr'>reprehendatur</span> <span class='ocrx_word' id='word_1_691' title='bbox 1908 504 1914 522; x_wconf 91' lang='lat'>:</span> <span class='ocrx_word' id='word_1_692' title='bbox 1935 504 1984 523; x_wconf 87' lang='lat' dir='ltr'>aut</span> <span class='ocrx_word' id='word_1_693' title='bbox 1993 493 2083 525; x_wconf 85' lang='lat' dir='ltr'>siim-</span> 
     </span>
     <span class='ocr_line' id='line_1_75' title="bbox 1129 531 2083 574; baseline 0.005 -13"><span class='ocrx_word' id='word_1_694' title='bbox 1129 532 1270 572; x_wconf 88' lang='lat' dir='ltr'>probum,</span> <span class='ocrx_word' id='word_1_695' title='bbox 1284 541 1316 562; x_wconf 91' lang='lat' dir='ltr'>ut</span> <span class='ocrx_word' id='word_1_696' title='bbox 1325 542 1388 561; x_wconf 91' lang='lat' dir='ltr'>non</span> <span class='ocrx_word' id='word_1_697' title='bbox 1398 531 1431 562; x_wconf 91' lang='lat' dir='ltr'>sit</span> <span class='ocrx_word' id='word_1_698' title='bbox 1440 535 1635 564; x_wconf 83' lang='lat' dir='ltr'>imitandum:</span> <span class='ocrx_word' id='word_1_699' title='bbox 1647 546 1696 566; x_wconf 86' lang='lat' dir='ltr'>aut</span> <span class='ocrx_word' id='word_1_700' title='bbox 1705 537 1866 574; x_wconf 79' lang='lat' dir='ltr'>majus,aut</span> <span class='ocrx_word' id='word_1_701' title='bbox 1876 537 1988 568; x_wconf 76' lang='lat' dir='ltr'>minus,</span> <span class='ocrx_word' id='word_1_702' title='bbox 2013 536 2083 566; x_wconf 65' lang='lat' dir='ltr'>uam</span> 
     </span>
     <span class='ocr_line' id='line_1_76' title="bbox 1129 573 2083 617; baseline 0.005 -15"><span class='ocrx_word' id='word_1_703' title='bbox 1129 583 1175 603; x_wconf 86' lang='lat' dir='ltr'>res</span> <span class='ocrx_word' id='word_1_704' title='bbox 1185 573 1354 613; x_wconf 83' lang='lat' dir='ltr'>postulabit.</span> <span class='ocrx_word' id='word_1_705' title='bbox 1378 577 1432 602; x_wconf 80' lang='lat' dir='ltr'>Res</span> <span class='ocrx_word' id='word_1_706' title='bbox 1436 574 1567 612; x_wconf 75' lang='lat' dir='ltr'>judicata</span> <span class='ocrx_word' id='word_1_707' title='bbox 1577 579 1682 607; x_wconf 82' lang='lat' dir='ltr'>vitiose</span> <span class='ocrx_word' id='word_1_708' title='bbox 1692 574 1850 617; x_wconf 81' lang='lat' dir='ltr'>profertur,</span> <span class='ocrx_word' id='word_1_709' title='bbox 1861 576 1882 606; x_wconf 89' lang='lat' dir='ltr'>fi</span> <span class='ocrx_word' id='word_1_710' title='bbox 1892 586 1940 607; x_wconf 89' lang='lat' dir='ltr'>aut</span> <span class='ocrx_word' id='word_1_711' title='bbox 1949 578 1989 607; x_wconf 79' lang='lat' dir='ltr'>dil</span> <span class='ocrx_word' id='word_1_712' title='bbox 2003 579 2083 607; x_wconf 81' lang='lat' dir='ltr'>imili</span> 
     </span>
     <span class='ocr_line' id='line_1_77' title="bbox 1128 614 2082 659; baseline 0.004 -15"><span class='ocrx_word' id='word_1_713' title='bbox 1128 614 1165 644; x_wconf 87' lang='lat' dir='ltr'>de</span> <span class='ocrx_word' id='word_1_714' title='bbox 1175 625 1205 644; x_wconf 87' lang='lat' dir='ltr'>re</span> <span class='ocrx_word' id='word_1_715' title='bbox 1215 614 1378 654; x_wconf 88' lang='lat' dir='ltr'>proferatur</span> <span class='ocrx_word' id='word_1_716' title='bbox 1389 625 1394 643; x_wconf 89' lang='lat'>:</span> <span class='ocrx_word' id='word_1_717' title='bbox 1417 624 1465 644; x_wconf 88' lang='lat' dir='ltr'>aut</span> <span class='ocrx_word' id='word_1_718' title='bbox 1474 615 1510 644; x_wconf 84' lang='lat' dir='ltr'>de</span> <span class='ocrx_word' id='word_1_719' title='bbox 1520 626 1553 645; x_wconf 84' lang='lat' dir='ltr'>ea</span> <span class='ocrx_word' id='word_1_720' title='bbox 1563 627 1591 646; x_wconf 82' lang='lat' dir='ltr'>re</span> <span class='ocrx_word' id='word_1_721' title='bbox 1603 638 1611 650; x_wconf 84' lang='lat'>‚</span> <span class='ocrx_word' id='word_1_722' title='bbox 1632 618 1667 648; x_wconf 86' lang='lat' dir='ltr'>de</span> <span class='ocrx_word' id='word_1_723' title='bbox 1678 629 1734 659; x_wconf 84' lang='lat' dir='ltr'>qua</span> <span class='ocrx_word' id='word_1_724' title='bbox 1743 617 1938 649; x_wconf 80' lang='lat' dir='ltr'>controversia</span> <span class='ocrx_word' id='word_1_725' title='bbox 1946 629 2012 649; x_wconf 90' lang='lat' dir='ltr'>non</span> <span class='ocrx_word' id='word_1_726' title='bbox 2021 618 2064 649; x_wconf 86' lang='lat' dir='ltr'>est</span> <span class='ocrx_word' id='word_1_727' title='bbox 2075 630 2082 648; x_wconf 85' lang='lat'><strong>:</strong></span> 
     </span>
     <span class='ocr_line' id='line_1_78' title="bbox 1128 655 2082 701; baseline 0.006 -16"><span class='ocrx_word' id='word_1_728' title='bbox 1128 665 1178 686; x_wconf 89' lang='lat' dir='ltr'>aut</span> <span class='ocrx_word' id='word_1_729' title='bbox 1187 655 1207 685; x_wconf 91' lang='lat' dir='ltr'>si</span> <span class='ocrx_word' id='word_1_730' title='bbox 1218 657 1364 695; x_wconf 86' lang='lat' dir='ltr'>improba,</span> <span class='ocrx_word' id='word_1_731' title='bbox 1376 665 1424 686; x_wconf 87' lang='lat' dir='ltr'>aut</span> <span class='ocrx_word' id='word_1_732' title='bbox 1434 657 1582 695; x_wconf 74' lang='lat' dir='ltr'>ejusmodi</span> <span class='ocrx_word' id='word_1_733' title='bbox 1596 679 1603 690; x_wconf 85' lang='lat'>,</span> <span class='ocrx_word' id='word_1_734' title='bbox 1615 668 1646 688; x_wconf 82' lang='lat' dir='ltr'>u:</span> <span class='ocrx_word' id='word_1_735' title='bbox 1655 670 1703 688; x_wconf 89' lang='lat' dir='ltr'>aut</span> <span class='ocrx_word' id='word_1_736' title='bbox 1712 662 1810 699; x_wconf 85' lang='lat' dir='ltr'>plures</span> <span class='ocrx_word' id='word_1_737' title='bbox 1822 681 1830 693; x_wconf 91' lang='lat'>,</span> <span class='ocrx_word' id='word_1_738' title='bbox 1854 669 1901 690; x_wconf 85' lang='lat' dir='ltr'>aut</span> <span class='ocrx_word' id='word_1_739' title='bbox 1910 662 2003 701; x_wconf 84' lang='lat' dir='ltr'>magis</span> <span class='ocrx_word' id='word_1_740' title='bbox 2013 661 2082 690; x_wconf 91' lang='lat' dir='ltr'>ido-</span> 
     </span>
     <span class='ocr_line' id='line_1_79' title="bbox 1129 697 2079 741; baseline 0.006 -15"><span class='ocrx_word' id='word_1_741' title='bbox 1129 707 1192 727; x_wconf 81' lang='lat' dir='ltr'>neae</span> <span class='ocrx_word' id='word_1_742' title='bbox 1202 708 1247 727; x_wconf 90' lang='lat' dir='ltr'>res</span> <span class='ocrx_word' id='word_1_743' title='bbox 1255 697 1391 737; x_wconf 79' lang='lat' dir='ltr'>judicatae</span> <span class='ocrx_word' id='word_1_744' title='bbox 1400 698 1435 728; x_wconf 89' lang='lat' dir='ltr'>ab</span> <span class='ocrx_word' id='word_1_745' title='bbox 1445 697 1614 728; x_wconf 77' lang='lat' dir='ltr'>adversariis</span> <span class='ocrx_word' id='word_1_746' title='bbox 1624 700 1746 738; x_wconf 74' lang='lat' dir='ltr'>proferri</span> <span class='ocrx_word' id='word_1_747' title='bbox 1757 701 1874 741; x_wconf 77' lang='lat' dir='ltr'>possint.</span> <span class='ocrx_word' id='word_1_748' title='bbox 1900 705 1978 732; x_wconf 80' lang='lat' dir='ltr'>Item</span> <span class='ocrx_word' id='word_1_749' title='bbox 1987 704 2079 732; x_wconf 87' lang='lat' dir='ltr'>vitio-</span> 
     </span>
     <span class='ocr_line' id='line_1_80' title="bbox 1127 738 2080 780; baseline 0.006 -12"><span class='ocrx_word' id='word_1_750' title='bbox 1127 740 1194 768; x_wconf 89' lang='lat' dir='ltr'>sum</span> <span class='ocrx_word' id='word_1_751' title='bbox 1203 738 1296 772; x_wconf 87' lang='lat' dir='ltr'>estid,</span> <span class='ocrx_word' id='word_1_752' title='bbox 1314 739 1395 780; x_wconf 89' lang='lat' dir='ltr'>quod</span> <span class='ocrx_word' id='word_1_753' title='bbox 1405 739 1558 769; x_wconf 78' lang='lat' dir='ltr'>adversarii</span> <span class='ocrx_word' id='word_1_754' title='bbox 1568 739 1682 770; x_wconf 64' lang='lat' dir='ltr'>fastum</span> <span class='ocrx_word' id='word_1_755' title='bbox 1693 741 1750 771; x_wconf 73' lang='lat' dir='ltr'>efl&#39;e</span> <span class='ocrx_word' id='word_1_756' title='bbox 1760 742 1956 773; x_wconf 84' lang='lat' dir='ltr'>confiteantur</span> <span class='ocrx_word' id='word_1_757' title='bbox 1967 764 1974 776; x_wconf 91' lang='lat'>,</span> <span class='ocrx_word' id='word_1_758' title='bbox 1996 744 2032 774; x_wconf 79' lang='lat' dir='ltr'>de</span> <span class='ocrx_word' id='word_1_759' title='bbox 2043 754 2080 774; x_wconf 88' lang='lat' dir='ltr'>eo</span> 
     </span>
     <span class='ocr_line' id='line_1_81' title="bbox 1127 780 2078 821; baseline 0.005 -11"><span class='ocrx_word' id='word_1_760' title='bbox 1127 783 1337 821; x_wconf 79' lang='lat' dir='ltr'>argumentari,</span> <span class='ocrx_word' id='word_1_761' title='bbox 1351 781 1383 811; x_wconf 73' lang='grc' dir='ltr'>δε</span> <span class='ocrx_word' id='word_1_762' title='bbox 1392 782 1514 820; x_wconf 87' lang='lat' dir='ltr'>planum</span> <span class='ocrx_word' id='word_1_763' title='bbox 1525 780 1618 811; x_wconf 87' lang='lat' dir='ltr'>facere</span> <span class='ocrx_word' id='word_1_764' title='bbox 1628 781 1741 812; x_wconf 60' lang='lat' dir='ltr'>facium</span> <span class='ocrx_word' id='word_1_765' title='bbox 1753 783 1818 813; x_wconf 81' lang='lat' dir='ltr'>effe.</span> <span class='ocrx_word' id='word_1_766' title='bbox 1841 794 1911 814; x_wconf 77' lang='lat' dir='ltr'>nam</span> <span class='ocrx_word' id='word_1_767' title='bbox 1920 785 1951 814; x_wconf 85' lang='lat' dir='ltr'>id</span> <span class='ocrx_word' id='word_1_768' title='bbox 1961 784 2078 815; x_wconf 77' lang='lat' dir='ltr'>tantum</span> 
     </span>
     <span class='ocr_line' id='line_1_82' title="bbox 1125 823 2080 866; baseline 0.006 -15"><span class='ocrx_word' id='word_1_769' title='bbox 1125 824 1223 862; x_wconf 78' lang='lat' dir='ltr'>augeri</span> <span class='ocrx_word' id='word_1_770' title='bbox 1234 831 1358 861; x_wconf 84' lang='lat' dir='ltr'>oportet.</span> <span class='ocrx_word' id='word_1_771' title='bbox 1390 826 1467 852; x_wconf 85' lang='lat' dir='ltr'>Item</span> <span class='ocrx_word' id='word_1_772' title='bbox 1477 824 1619 852; x_wconf 81' lang='lat' dir='ltr'>vitiosum</span> <span class='ocrx_word' id='word_1_773' title='bbox 1631 823 1682 856; x_wconf 84' lang='lat' dir='ltr'>est,</span> <span class='ocrx_word' id='word_1_774' title='bbox 1695 824 1726 853; x_wconf 88' lang='lat' dir='ltr'>id</span> <span class='ocrx_word' id='word_1_775' title='bbox 1736 835 1837 864; x_wconf 82' lang='lat' dir='ltr'>augere</span> <span class='ocrx_word' id='word_1_776' title='bbox 1849 846 1857 858; x_wconf 86' lang='lat'>‚</span> <span class='ocrx_word' id='word_1_777' title='bbox 1877 826 1956 866; x_wconf 82' lang='lat' dir='ltr'>quod</span> <span class='ocrx_word' id='word_1_778' title='bbox 1968 837 2080 857; x_wconf 80' lang='lat' dir='ltr'>convc-</span> 
     </span>
     <span class='ocr_line' id='line_1_83' title="bbox 1126 863 2080 906; baseline 0.006 -14"><span class='ocrx_word' id='word_1_779' title='bbox 1126 865 1172 892; x_wconf 90' lang='lat' dir='ltr'>nit</span> <span class='ocrx_word' id='word_1_780' title='bbox 1182 863 1293 896; x_wconf 87' lang='lat' dir='ltr'>doceri,</span> <span class='ocrx_word' id='word_1_781' title='bbox 1306 865 1364 893; x_wconf 85' lang='lat' dir='ltr'>hoc</span> <span class='ocrx_word' id='word_1_782' title='bbox 1374 864 1484 894; x_wconf 86' lang='lat' dir='ltr'>modo:</span> <span class='ocrx_word' id='word_1_783' title='bbox 1500 864 1645 905; x_wconf 76' lang='lat' dir='ltr'>Urfiqms</span> <span class='ocrx_word' id='word_1_784' title='bbox 1653 875 1744 905; x_wconf 88' lang='lat' dir='ltr'>quem</span> <span class='ocrx_word' id='word_1_785' title='bbox 1754 875 1850 906; x_wconf 78' lang='lat' dir='ltr'>arguat</span> <span class='ocrx_word' id='word_1_786' title='bbox 1858 868 2016 897; x_wconf 83' lang='lat' dir='ltr'>hominem</span> <span class='ocrx_word' id='word_1_787' title='bbox 2028 879 2080 898; x_wconf 86' lang='lat' dir='ltr'>oc-</span> 
     </span>
     <span class='ocr_line' id='line_1_84' title="bbox 1125 903 2079 947; baseline 0.005 -13"><span class='ocrx_word' id='word_1_788' title='bbox 1125 903 1225 934; x_wconf 76' lang='lat' dir='ltr'>cidisse</span> <span class='ocrx_word' id='word_1_789' title='bbox 1239 926 1246 938; x_wconf 85' lang='lat'><em>,</em></span> <span class='ocrx_word' id='word_1_790' title='bbox 1268 906 1301 935; x_wconf 86' lang='lat'>&amp;</span> <span class='ocrx_word' id='word_1_791' title='bbox 1310 914 1377 935; x_wconf 77' lang='lat' dir='ltr'>ante</span> <span class='ocrx_word' id='word_1_792' title='bbox 1388 905 1478 945; x_wconf 65' lang='lat' dir='ltr'>quain</span> <span class='ocrx_word' id='word_1_793' title='bbox 1489 906 1554 935; x_wconf 81' lang='lat' dir='ltr'>satis</span> <span class='ocrx_word' id='word_1_794' title='bbox 1565 907 1686 936; x_wconf 82' lang='lat' dir='ltr'>idoneas</span> <span class='ocrx_word' id='word_1_795' title='bbox 1696 917 1964 947; x_wconf 79' lang='lat' dir='ltr'>argumentationes</span> <span class='ocrx_word' id='word_1_796' title='bbox 1974 911 2079 939; x_wconf 81' lang='lat' dir='ltr'>attule—</span> 
     </span>
     <span class='ocr_line' id='line_1_85' title="bbox 1124 947 2077 990; baseline 0.005 -16"><span class='ocrx_word' id='word_1_797' title='bbox 1124 948 1173 978; x_wconf 87' lang='lat' dir='ltr'>rit,</span> <span class='ocrx_word' id='word_1_798' title='bbox 1186 956 1287 987; x_wconf 79' lang='lat' dir='ltr'>augeat</span> <span class='ocrx_word' id='word_1_799' title='bbox 1295 956 1447 986; x_wconf 84' lang='lat' dir='ltr'>peccatum</span> <span class='ocrx_word' id='word_1_800' title='bbox 1460 968 1468 979; x_wconf 93' lang='lat'>,</span> <span class='ocrx_word' id='word_1_801' title='bbox 1489 948 1521 976; x_wconf 60' lang='grc' dir='ltr'>ὃς</span> <span class='ocrx_word' id='word_1_802' title='bbox 1532 947 1608 977; x_wconf 75' lang='lat' dir='ltr'>dicat</span> <span class='ocrx_word' id='word_1_803' title='bbox 1619 969 1627 980; x_wconf 94' lang='lat'>,</span> <span class='ocrx_word' id='word_1_804' title='bbox 1651 949 1728 977; x_wconf 87' lang='lat' dir='ltr'>nihil</span> <span class='ocrx_word' id='word_1_805' title='bbox 1739 948 1891 988; x_wconf 78' lang='lat' dir='ltr'>indignius</span> <span class='ocrx_word' id='word_1_806' title='bbox 1900 948 1956 979; x_wconf 81' lang='lat' dir='ltr'>effe</span> <span class='ocrx_word' id='word_1_807' title='bbox 1968 971 1976 982; x_wconf 86' lang='lat'><strong><em>‚</em></strong></span> <span class='ocrx_word' id='word_1_808' title='bbox 1987 961 2077 990; x_wconf 59' lang='lat' dir='ltr'>quim</span> 
     </span>
     <span class='ocr_line' id='line_1_86' title="bbox 1125 988 2077 1030; baseline 0.006 -14"><span class='ocrx_word' id='word_1_809' title='bbox 1125 989 1286 1017; x_wconf 86' lang='lat' dir='ltr'>hominem</span> <span class='ocrx_word' id='word_1_810' title='bbox 1304 988 1451 1018; x_wconf 86' lang='lat' dir='ltr'>occidere.</span> <span class='ocrx_word' id='word_1_811' title='bbox 1479 999 1543 1018; x_wconf 90' lang='lat' dir='ltr'>non</span> <span class='ocrx_word' id='word_1_812' title='bbox 1560 991 1644 1019; x_wconf 89' lang='lat' dir='ltr'>enim</span> <span class='ocrx_word' id='word_1_813' title='bbox 1657 1010 1665 1022; x_wconf 88' lang='lat'>,</span> <span class='ocrx_word' id='word_1_814' title='bbox 1686 988 1787 1019; x_wconf 79' lang='lat' dir='ltr'>utrum</span> <span class='ocrx_word' id='word_1_815' title='bbox 1797 991 1956 1030; x_wconf 80' lang='lat' dir='ltr'>indignum</span> <span class='ocrx_word' id='word_1_816' title='bbox 1969 990 2000 1020; x_wconf 77' lang='grc'>111</span> <span class='ocrx_word' id='word_1_817' title='bbox 2013 1013 2019 1024; x_wconf 84' lang='grc'>,</span> <span class='ocrx_word' id='word_1_818' title='bbox 2041 1004 2077 1022; x_wconf 68' lang='lat' dir='ltr'>au</span> 
     </span>
     <span class='ocr_line' id='line_1_87' title="bbox 1125 1028 2076 1071; baseline 0.006 -13"><span class='ocrx_word' id='word_1_819' title='bbox 1125 1039 1188 1058; x_wconf 90' lang='lat' dir='ltr'>non</span> <span class='ocrx_word' id='word_1_820' title='bbox 1201 1049 1209 1062; x_wconf 86' lang='lat'>‚</span> <span class='ocrx_word' id='word_1_821' title='bbox 1230 1029 1279 1059; x_wconf 88' lang='lat' dir='ltr'>sed</span> <span class='ocrx_word' id='word_1_822' title='bbox 1298 1029 1452 1059; x_wconf 57' lang='lat' dir='ltr'>fastumne</span> <span class='ocrx_word' id='word_1_823' title='bbox 1472 1028 1505 1059; x_wconf 88' lang='lat' dir='ltr'>sit</span> <span class='ocrx_word' id='word_1_824' title='bbox 1516 1051 1524 1063; x_wconf 94' lang='lat'><em>,</em></span> <span class='ocrx_word' id='word_1_825' title='bbox 1545 1033 1694 1070; x_wconf 58' lang='lat' dir='ltr'>quaeritur.</span> <span class='ocrx_word' id='word_1_826' title='bbox 1719 1033 1900 1071; x_wconf 81' lang='lat' dir='ltr'>Complexio</span> <span class='ocrx_word' id='word_1_827' title='bbox 1910 1034 2012 1063; x_wconf 72' lang='lat' dir='ltr'>vitiosa</span> <span class='ocrx_word' id='word_1_828' title='bbox 2023 1035 2076 1065; x_wconf 77' lang='lat' dir='ltr'>est.</span> 
     </span>
     <span class='ocr_line' id='line_1_88' title="bbox 1123 1071 2076 1113; baseline 0.005 -14"><span class='ocrx_word' id='word_1_829' title='bbox 1123 1080 1188 1110; x_wconf 89' lang='lat' dir='ltr'>quae</span> <span class='ocrx_word' id='word_1_830' title='bbox 1198 1081 1262 1100; x_wconf 91' lang='lat' dir='ltr'>non</span> <span class='ocrx_word' id='word_1_831' title='bbox 1274 1092 1282 1104; x_wconf 85' lang='lat'>‚</span> <span class='ocrx_word' id='word_1_832' title='bbox 1304 1080 1336 1101; x_wconf 90' lang='lat' dir='ltr'>ut</span> <span class='ocrx_word' id='word_1_833' title='bbox 1345 1072 1475 1112; x_wconf 86' lang='lat' dir='ltr'>quidque</span> <span class='ocrx_word' id='word_1_834' title='bbox 1484 1071 1619 1111; x_wconf 81' lang='lat' dir='ltr'>primum</span> <span class='ocrx_word' id='word_1_835' title='bbox 1630 1072 1750 1103; x_wconf 57' lang='lat' dir='ltr'>duflum</span> <span class='ocrx_word' id='word_1_836' title='bbox 1762 1073 1804 1103; x_wconf 85' lang='lat' dir='ltr'>est</span> <span class='ocrx_word' id='word_1_837' title='bbox 1815 1094 1823 1106; x_wconf 87' lang='lat'><em>‚</em></span> <span class='ocrx_word' id='word_1_838' title='bbox 1846 1076 1922 1113; x_wconf 86' lang='lat' dir='ltr'>prim</span> <span class='ocrx_word' id='word_1_839' title='bbox 1930 1072 1980 1103; x_wconf 73' lang='lat' dir='ltr'>[im</span> <span class='ocrx_word' id='word_1_840' title='bbox 1992 1085 2076 1104; x_wconf 86' lang='lat' dir='ltr'>com—</span> 
     </span>
     <span class='ocr_line' id='line_1_89' title="bbox 1121 1111 2078 1156; baseline 0.005 -15"><span class='ocrx_word' id='word_1_841' title='bbox 1121 1111 1261 1151; x_wconf 75' lang='lat' dir='ltr'>pleEtimr</span> <span class='ocrx_word' id='word_1_842' title='bbox 1272 1133 1280 1146; x_wconf 94' lang='lat'>,</span> <span class='ocrx_word' id='word_1_843' title='bbox 1305 1113 1338 1142; x_wconf 90' lang='lat'>&amp;</span> <span class='ocrx_word' id='word_1_844' title='bbox 1356 1123 1420 1154; x_wconf 83' lang='lat' dir='ltr'>quae</span> <span class='ocrx_word' id='word_1_845' title='bbox 1441 1123 1505 1143; x_wconf 92' lang='lat' dir='ltr'>non</span> <span class='ocrx_word' id='word_1_846' title='bbox 1516 1114 1644 1144; x_wconf 87' lang='lat' dir='ltr'>breviter</span> <span class='ocrx_word' id='word_1_847' title='bbox 1652 1114 1805 1145; x_wconf 87' lang='lat' dir='ltr'>concludit</span> <span class='ocrx_word' id='word_1_848' title='bbox 1815 1136 1824 1148; x_wconf 90' lang='lat'>,</span> <span class='ocrx_word' id='word_1_849' title='bbox 1849 1116 1881 1145; x_wconf 85' lang='lat'>&amp;</span> <span class='ocrx_word' id='word_1_850' title='bbox 1891 1126 1955 1156; x_wconf 79' lang='lat' dir='ltr'>quae</span> <span class='ocrx_word' id='word_1_851' title='bbox 1966 1126 2028 1145; x_wconf 87' lang='lat' dir='ltr'>non</span> <span class='ocrx_word' id='word_1_852' title='bbox 2040 1127 2078 1146; x_wconf 71' lang='lat' dir='ltr'>ei&lt;</span> 
     </span>
     <span class='ocr_line' id='line_1_90' title="bbox 1121 1155 2076 1198; baseline 0.005 -15"><span class='ocrx_word' id='word_1_853' title='bbox 1121 1156 1348 1184; x_wconf 81' lang='lat' dir='ltr'>enumeratione</span> <span class='ocrx_word' id='word_1_854' title='bbox 1358 1164 1471 1185; x_wconf 89' lang='lat' dir='ltr'>certum</span> <span class='ocrx_word' id='word_1_855' title='bbox 1482 1155 1515 1184; x_wconf 87' lang='lat'>&amp;</span> <span class='ocrx_word' id='word_1_856' title='bbox 1525 1155 1661 1185; x_wconf 83' lang='lat' dir='ltr'>constans</span> <span class='ocrx_word' id='word_1_857' title='bbox 1672 1156 1782 1196; x_wconf 89' lang='lat' dir='ltr'>aliquid</span> <span class='ocrx_word' id='word_1_858' title='bbox 1792 1157 1935 1198; x_wconf 85' lang='lat' dir='ltr'>relinquit</span> <span class='ocrx_word' id='word_1_859' title='bbox 1945 1178 1953 1190; x_wconf 90' lang='lat'>,</span> <span class='ocrx_word' id='word_1_860' title='bbox 1978 1167 2009 1187; x_wconf 87' lang='lat' dir='ltr'>ut</span> <span class='ocrx_word' id='word_1_861' title='bbox 2029 1160 2076 1188; x_wconf 88' lang='lat' dir='ltr'>in-</span> 
     </span>
     <span class='ocr_line' id='line_1_91' title="bbox 1120 1195 2077 1240; baseline 0.004 -15"><span class='ocrx_word' id='word_1_862' title='bbox 1120 1195 1266 1235; x_wconf 80' lang='lat' dir='ltr'>telligatur</span> <span class='ocrx_word' id='word_1_863' title='bbox 1277 1217 1285 1229; x_wconf 89' lang='lat'><strong>,</strong></span> <span class='ocrx_word' id='word_1_864' title='bbox 1305 1196 1377 1237; x_wconf 90' lang='lat' dir='ltr'>quid</span> <span class='ocrx_word' id='word_1_865' title='bbox 1394 1195 1578 1236; x_wconf 91' lang='lat' dir='ltr'>propositum</span> <span class='ocrx_word' id='word_1_866' title='bbox 1597 1199 1630 1226; x_wconf 89' lang='lat' dir='ltr'>in</span> <span class='ocrx_word' id='word_1_867' title='bbox 1649 1200 1903 1238; x_wconf 81' lang='lat' dir='ltr'>argumentatione</span> <span class='ocrx_word' id='word_1_868' title='bbox 1924 1198 1956 1228; x_wconf 80' lang='lat' dir='ltr'>fit</span> <span class='ocrx_word' id='word_1_869' title='bbox 1967 1220 1975 1232; x_wconf 86' lang='lat'>,</span> <span class='ocrx_word' id='word_1_870' title='bbox 2004 1200 2077 1240; x_wconf 89' lang='lat' dir='ltr'>quid</span> 
     </span>
     <span class='ocr_line' id='line_1_92' title="bbox 1121 1237 2077 1281; baseline 0.003 -13"><span class='ocrx_word' id='word_1_871' title='bbox 1121 1237 1229 1268; x_wconf 87' lang='lat' dir='ltr'>deinde</span> <span class='ocrx_word' id='word_1_872' title='bbox 1241 1240 1353 1268; x_wconf 88' lang='lat' dir='ltr'>ratione</span> <span class='ocrx_word' id='word_1_873' title='bbox 1366 1259 1373 1271; x_wconf 85' lang='lat'>‚</span> <span class='ocrx_word' id='word_1_874' title='bbox 1388 1240 1459 1278; x_wconf 89' lang='lat' dir='ltr'>quid</span> <span class='ocrx_word' id='word_1_875' title='bbox 1470 1237 1699 1268; x_wconf 85' lang='lat' dir='ltr'>confirmatione</span> <span class='ocrx_word' id='word_1_876' title='bbox 1711 1260 1720 1272; x_wconf 89' lang='lat'>,</span> <span class='ocrx_word' id='word_1_877' title='bbox 1741 1240 1813 1280; x_wconf 90' lang='lat' dir='ltr'>quid</span> <span class='ocrx_word' id='word_1_878' title='bbox 1824 1250 1883 1270; x_wconf 89' lang='lat' dir='ltr'>tota</span> <span class='ocrx_word' id='word_1_879' title='bbox 1892 1251 2077 1281; x_wconf 77' lang='lat' dir='ltr'>argumenta-</span> 
     </span>
     <span class='ocr_line' id='line_1_93' title="bbox 1119 1279 2075 1322; baseline 0.003 -12"><span class='ocrx_word' id='word_1_880' title='bbox 1119 1282 1202 1310; x_wconf 80' lang='lat' dir='ltr'>tione</span> <span class='ocrx_word' id='word_1_881' title='bbox 1213 1279 1462 1310; x_wconf 79' lang='lat' dir='ltr'>demonstratum.</span> <span class='ocrx_word' id='word_1_882' title='bbox 1504 1283 1757 1319; x_wconf 75' lang='lat' dir='ltr'>CONCLUSIONES</span> <span class='ocrx_word' id='word_1_883' title='bbox 1769 1302 1777 1314; x_wconf 91' lang='lat'>‚</span> <span class='ocrx_word' id='word_1_884' title='bbox 1797 1292 1861 1322; x_wconf 84' lang='lat' dir='ltr'>quae</span> <span class='ocrx_word' id='word_1_885' title='bbox 1872 1282 1946 1321; x_wconf 82' lang='lat' dir='ltr'>apud</span> <span class='ocrx_word' id='word_1_886' title='bbox 1958 1285 2075 1313; x_wconf 75' lang='lat' dir='ltr'>Graecos</span> 
     </span>
     <span class='ocr_line' id='line_1_94' title="bbox 1121 1321 2076 1365; baseline 0.005 -12"><span class='ocrx_word' id='word_1_887' title='bbox 1121 1321 1251 1365; x_wconf 50' lang='lat' dir='ltr'>&amp;Armi</span> <span class='ocrx_word' id='word_1_888' title='bbox 1264 1327 1469 1357; x_wconf 85' lang='lat' dir='ltr'>nominantur,</span> <span class='ocrx_word' id='word_1_889' title='bbox 1480 1326 1631 1365; x_wconf 85' lang='lat' dir='ltr'>tripertitae</span> <span class='ocrx_word' id='word_1_890' title='bbox 1642 1326 1717 1356; x_wconf 87' lang='lat' dir='ltr'>sunt.</span> <span class='ocrx_word' id='word_1_891' title='bbox 1729 1336 1798 1356; x_wconf 83' lang='lat' dir='ltr'>nam</span> <span class='ocrx_word' id='word_1_892' title='bbox 1809 1327 1945 1357; x_wconf 71' lang='lat' dir='ltr'>constant</span> <span class='ocrx_word' id='word_1_893' title='bbox 1953 1338 1990 1357; x_wconf 72' lang='lat' dir='ltr'>ex</span> <span class='ocrx_word' id='word_1_894' title='bbox 2000 1338 2076 1358; x_wconf 75' lang='lat' dir='ltr'>cnu—</span> 
     </span>
     <span class='ocr_line' id='line_1_95' title="bbox 1121 1367 2074 1410; baseline 0.003 -13"><span class='ocrx_word' id='word_1_895' title='bbox 1121 1369 1286 1398; x_wconf 85' lang='lat' dir='ltr'>meratione</span> <span class='ocrx_word' id='word_1_896' title='bbox 1299 1388 1306 1400; x_wconf 93' lang='lat'>,</span> <span class='ocrx_word' id='word_1_897' title='bbox 1327 1367 1558 1406; x_wconf 84' lang='lat' dir='ltr'>amplificatione</span> <span class='ocrx_word' id='word_1_898' title='bbox 1571 1388 1578 1401; x_wconf 90' lang='lat'>‚</span> <span class='ocrx_word' id='word_1_899' title='bbox 1601 1368 1633 1397; x_wconf 70' lang='grc' dir='ltr'>ὃς</span> <span class='ocrx_word' id='word_1_900' title='bbox 1644 1369 1917 1399; x_wconf 59' lang='lat' dir='ltr'>commiseratione</span> <span class='ocrx_word' id='word_1_901' title='bbox 1946 1373 1981 1399; x_wconf 88' lang='lat' dir='ltr'>In</span> <span class='ocrx_word' id='word_1_902' title='bbox 1991 1380 2074 1410; x_wconf 77' lang='lat' dir='ltr'>quat-</span> 
     </span>
     <span class='ocr_line' id='line_1_96' title="bbox 1120 1407 2074 1451; baseline 0.004 -13"><span class='ocrx_word' id='word_1_903' title='bbox 1120 1418 1188 1439; x_wconf 92' lang='lat' dir='ltr'>tuor</span> <span class='ocrx_word' id='word_1_904' title='bbox 1198 1410 1270 1439; x_wconf 84' lang='lat' dir='ltr'>locis</span> <span class='ocrx_word' id='word_1_905' title='bbox 1281 1411 1325 1438; x_wconf 89' lang='lat' dir='ltr'>uti</span> <span class='ocrx_word' id='word_1_906' title='bbox 1344 1407 1498 1448; x_wconf 86' lang='lat' dir='ltr'>possumus</span> <span class='ocrx_word' id='word_1_907' title='bbox 1517 1409 1768 1439; x_wconf 81' lang='lat' dir='ltr'>conclusionibus.</span> <span class='ocrx_word' id='word_1_908' title='bbox 1791 1412 1824 1440; x_wconf 89' lang='lat' dir='ltr'>in</span> <span class='ocrx_word' id='word_1_909' title='bbox 1842 1413 1991 1451; x_wconf 86' lang='lat' dir='ltr'>principio</span> <span class='ocrx_word' id='word_1_910' title='bbox 2003 1433 2011 1444; x_wconf 84' lang='lat'>‚</span> <span class='ocrx_word' id='word_1_911' title='bbox 2032 1413 2074 1442; x_wconf 77' lang='lat' dir='ltr'>se-</span> 
     </span>
     <span class='ocr_line' id='line_1_97' title="bbox 1118 1450 2076 1493; baseline 0.003 -13"><span class='ocrx_word' id='word_1_912' title='bbox 1118 1450 1253 1480; x_wconf 81' lang='lat' dir='ltr'>cundum</span> <span class='ocrx_word' id='word_1_913' title='bbox 1264 1453 1463 1481; x_wconf 87' lang='lat' dir='ltr'>narrationem</span> <span class='ocrx_word' id='word_1_914' title='bbox 1475 1464 1483 1485; x_wconf 72' lang='lat'><em>3</em></span> <span class='ocrx_word' id='word_1_915' title='bbox 1504 1451 1611 1481; x_wconf 83' lang='lat' dir='ltr'>secund</span> <span class='ocrx_word' id='word_1_916' title='bbox 1618 1450 1669 1481; x_wconf 74' lang='lat' dir='ltr'>um</span> <span class='ocrx_word' id='word_1_917' title='bbox 1680 1450 1879 1482; x_wconf 80' lang='lat' dir='ltr'>fii·iniilimam</span> <span class='ocrx_word' id='word_1_918' title='bbox 1889 1462 2076 1493; x_wconf 77' lang='lat' dir='ltr'>argumenta-</span> 
     </span>
     <span class='ocr_line' id='line_1_98' title="bbox 1119 1492 2075 1535; baseline 0.003 -13"><span class='ocrx_word' id='word_1_919' title='bbox 1119 1494 1236 1523; x_wconf 88' lang='lat' dir='ltr'>tionem</span> <span class='ocrx_word' id='word_1_920' title='bbox 1248 1513 1256 1525; x_wconf 82' lang='lat'><strong>,</strong></span> <span class='ocrx_word' id='word_1_921' title='bbox 1277 1494 1311 1522; x_wconf 87' lang='lat' dir='ltr'>in</span> <span class='ocrx_word' id='word_1_922' title='bbox 1321 1492 1519 1522; x_wconf 84' lang='lat' dir='ltr'>conclusione.</span> <span class='ocrx_word' id='word_1_923' title='bbox 1543 1496 1736 1524; x_wconf 89' lang='lat' dir='ltr'>Enumeratio</span> <span class='ocrx_word' id='word_1_924' title='bbox 1748 1515 1756 1527; x_wconf 86' lang='lat'>,</span> <span class='ocrx_word' id='word_1_925' title='bbox 1777 1493 1819 1524; x_wconf 82' lang='lat' dir='ltr'>est</span> <span class='ocrx_word' id='word_1_926' title='bbox 1827 1504 1977 1535; x_wconf 87' lang='lat' dir='ltr'>perquam</span> <span class='ocrx_word' id='word_1_927' title='bbox 1987 1496 2075 1525; x_wconf 86' lang='lat' dir='ltr'>colli—</span> 
     </span>
     <span class='ocr_line' id='line_1_99' title="bbox 1119 1535 2072 1576; baseline 0.003 -13"><span class='ocrx_word' id='word_1_928' title='bbox 1119 1536 1218 1576; x_wconf 87' lang='lat' dir='ltr'>gimus</span> <span class='ocrx_word' id='word_1_929' title='bbox 1231 1535 1263 1564; x_wconf 87' lang='lat'>&amp;</span> <span class='ocrx_word' id='word_1_930' title='bbox 1272 1544 1507 1564; x_wconf 89' lang='lat' dir='ltr'>commonemus</span> <span class='ocrx_word' id='word_1_931' title='bbox 1519 1555 1527 1568; x_wconf 91' lang='lat'>,</span> <span class='ocrx_word' id='word_1_932' title='bbox 1539 1535 1646 1576; x_wconf 88' lang='lat' dir='ltr'>quibus</span> <span class='ocrx_word' id='word_1_933' title='bbox 1658 1536 1693 1565; x_wconf 90' lang='lat' dir='ltr'>de</span> <span class='ocrx_word' id='word_1_934' title='bbox 1703 1536 1789 1565; x_wconf 89' lang='lat' dir='ltr'>rebus</span> <span class='ocrx_word' id='word_1_935' title='bbox 1800 1536 1889 1566; x_wconf 84' lang='lat' dir='ltr'>verba</span> <span class='ocrx_word' id='word_1_936' title='bbox 1898 1536 2072 1570; x_wconf 73' lang='lat' dir='ltr'>fecerimus,</span> 
     </span>
     <span class='ocr_line' id='line_1_100' title="bbox 1121 1577 2072 1618; baseline 0.002 -12"><span class='ocrx_word' id='word_1_937' title='bbox 1121 1578 1248 1606; x_wconf 86' lang='lat' dir='ltr'>breviter</span> <span class='ocrx_word' id='word_1_938' title='bbox 1259 1587 1264 1604; x_wconf 90' lang='lat'>:</span> <span class='ocrx_word' id='word_1_939' title='bbox 1275 1584 1309 1605; x_wconf 81' lang='lat' dir='ltr'>ut</span> <span class='ocrx_word' id='word_1_940' title='bbox 1318 1585 1475 1610; x_wconf 78' lang='lat' dir='ltr'>renovetur,</span> <span class='ocrx_word' id='word_1_941' title='bbox 1488 1587 1551 1606; x_wconf 92' lang='lat' dir='ltr'>non</span> <span class='ocrx_word' id='word_1_942' title='bbox 1561 1577 1776 1618; x_wconf 78' lang='lat' dir='ltr'>redintegretur</span> <span class='ocrx_word' id='word_1_943' title='bbox 1785 1580 1879 1608; x_wconf 87' lang='lat' dir='ltr'>oratio</span> <span class='ocrx_word' id='word_1_944' title='bbox 1892 1589 1896 1607; x_wconf 90' lang='lat'><strong>:</strong></span> <span class='ocrx_word' id='word_1_945' title='bbox 1909 1579 1942 1608; x_wconf 75' lang='grc' dir='ltr'>δε</span> <span class='ocrx_word' id='word_1_946' title='bbox 1953 1578 2072 1612; x_wconf 83' lang='lat' dir='ltr'>ordine,</span> 
     </span>
     <span class='ocr_line' id='line_1_101' title="bbox 1119 1618 2075 1659; baseline 0.004 -13"><span class='ocrx_word' id='word_1_947' title='bbox 1119 1618 1265 1659; x_wconf 88' lang='lat' dir='ltr'>quidquid</span> <span class='ocrx_word' id='word_1_948' title='bbox 1276 1620 1331 1647; x_wconf 89' lang='lat' dir='ltr'>erit</span> <span class='ocrx_word' id='word_1_949' title='bbox 1340 1618 1456 1648; x_wconf 63' lang='lat' dir='ltr'>dietum</span> <span class='ocrx_word' id='word_1_950' title='bbox 1471 1639 1478 1651; x_wconf 90' lang='lat'><strong><em>‚</em></strong></span> <span class='ocrx_word' id='word_1_951' title='bbox 1490 1618 1650 1649; x_wconf 81' lang='lat' dir='ltr'>referamus</span> <span class='ocrx_word' id='word_1_952' title='bbox 1663 1640 1671 1652; x_wconf 94' lang='lat'><em>,</em></span> <span class='ocrx_word' id='word_1_953' title='bbox 1691 1629 1723 1649; x_wconf 90' lang='lat' dir='ltr'>ut</span> <span class='ocrx_word' id='word_1_954' title='bbox 1731 1619 1848 1650; x_wconf 86' lang='lat' dir='ltr'>auditor</span> <span class='ocrx_word' id='word_1_955' title='bbox 1858 1641 1866 1653; x_wconf 89' lang='lat'>,</span> <span class='ocrx_word' id='word_1_956' title='bbox 1887 1619 1907 1649; x_wconf 87' lang='lat' dir='ltr'>fi</span> <span class='ocrx_word' id='word_1_957' title='bbox 1918 1623 2075 1651; x_wconf 76' lang='lat' dir='ltr'>memoriae</span> 
     </span>
     <span class='ocr_line' id='line_1_102' title="bbox 1108 1659 2072 1701; baseline 0.003 -12"><span class='ocrx_word' id='word_1_958' title='bbox 1108 1661 1306 1694; x_wconf 68' lang='lat' dir='ltr'>‚mandaverit</span> <span class='ocrx_word' id='word_1_959' title='bbox 1319 1680 1326 1692; x_wconf 92' lang='lat'><em>,</em></span> <span class='ocrx_word' id='word_1_960' title='bbox 1337 1659 1412 1690; x_wconf 87' lang='lat' dir='ltr'>adid</span> <span class='ocrx_word' id='word_1_961' title='bbox 1424 1681 1432 1693; x_wconf 89' lang='lat'><em>,</em></span> <span class='ocrx_word' id='word_1_962' title='bbox 1453 1660 1533 1701; x_wconf 90' lang='lat' dir='ltr'>quod</span> <span class='ocrx_word' id='word_1_963' title='bbox 1544 1662 1603 1700; x_wconf 88' lang='lat' dir='ltr'>ipse</span> <span class='ocrx_word' id='word_1_964' title='bbox 1614 1663 1799 1694; x_wconf 89' lang='lat' dir='ltr'>meminerit,</span> <span class='ocrx_word' id='word_1_965' title='bbox 1810 1661 1970 1692; x_wconf 87' lang='lat' dir='ltr'>reducatur.</span> <span class='ocrx_word' id='word_1_966' title='bbox 1993 1665 2072 1692; x_wconf 87' lang='lat' dir='ltr'>Item</span> 
     </span>
     <span class='ocr_line' id='line_1_103' title="bbox 1120 1701 2074 1743; baseline 0.003 -13"><span class='ocrx_word' id='word_1_967' title='bbox 1120 1701 1284 1732; x_wconf 84' lang='lat' dir='ltr'>curandum</span> <span class='ocrx_word' id='word_1_968' title='bbox 1296 1701 1348 1734; x_wconf 83' lang='lat' dir='ltr'>est,</span> <span class='ocrx_word' id='word_1_969' title='bbox 1361 1712 1397 1731; x_wconf 91' lang='lat' dir='ltr'>ne</span> <span class='ocrx_word' id='word_1_970' title='bbox 1408 1711 1457 1731; x_wconf 86' lang='lat' dir='ltr'>aut</span> <span class='ocrx_word' id='word_1_971' title='bbox 1466 1702 1501 1732; x_wconf 85' lang='lat' dir='ltr'>ab</span> <span class='ocrx_word' id='word_1_972' title='bbox 1511 1702 1636 1732; x_wconf 83' lang='lat' dir='ltr'>exordio</span> <span class='ocrx_word' id='word_1_973' title='bbox 1648 1723 1656 1736; x_wconf 86' lang='lat'>‚</span> <span class='ocrx_word' id='word_1_974' title='bbox 1668 1712 1717 1732; x_wconf 87' lang='lat' dir='ltr'>aut</span> <span class='ocrx_word' id='word_1_975' title='bbox 1726 1702 1741 1732; x_wconf 77' lang='grc' dir='ltr'>Ξι</span> <span class='ocrx_word' id='word_1_976' title='bbox 1754 1706 1919 1733; x_wconf 87' lang='lat' dir='ltr'>narratione</span> <span class='ocrx_word' id='word_1_977' title='bbox 1929 1713 2074 1743; x_wconf 86' lang='lat' dir='ltr'>repetatur</span> 
     </span>
     <span class='ocr_line' id='line_1_104' title="bbox 1119 1742 2076 1785; baseline 0.002 -12"><span class='ocrx_word' id='word_1_978' title='bbox 1119 1745 1261 1775; x_wconf 86' lang='lat' dir='ltr'>orationis</span> <span class='ocrx_word' id='word_1_979' title='bbox 1272 1746 1468 1774; x_wconf 83' lang='lat' dir='ltr'>enumeratio.</span> <span class='ocrx_word' id='word_1_980' title='bbox 1482 1742 1548 1773; x_wconf 62' lang='lat' dir='ltr'>fieta</span> <span class='ocrx_word' id='word_1_981' title='bbox 1558 1746 1653 1783; x_wconf 80' lang='lat' dir='ltr'>enim,</span> <span class='ocrx_word' id='word_1_982' title='bbox 1666 1745 1698 1774; x_wconf 64' lang='grc' dir='ltr'>δε</span> <span class='ocrx_word' id='word_1_983' title='bbox 1709 1745 1806 1775; x_wconf 75' lang='lat' dir='ltr'>dedita</span> <span class='ocrx_word' id='word_1_984' title='bbox 1815 1756 1902 1785; x_wconf 86' lang='lat' dir='ltr'>opera</span> <span class='ocrx_word' id='word_1_985' title='bbox 1911 1755 2076 1785; x_wconf 78' lang='lat' dir='ltr'>comparata</span> 
     </span>
    </p>
   </div>
   <div class='ocr_carea' id='block_1_10' title="bbox 1092 1820 2079 2818">
    <p class='ocr_par' dir='ltr' id='par_1_12' title="bbox 1092 1820 2079 2818">
     <span class='ocr_line' id='line_1_105' title="bbox 1118 1820 2077 1871; baseline 0.002 -14"><span class='ocrx_word' id='word_1_986' title='bbox 1118 1827 1292 1858; x_wconf 87' lang='lat' dir='ltr'>venditandi</span> <span class='ocrx_word' id='word_1_987' title='bbox 1305 1847 1313 1860; x_wconf 86' lang='lat'>‚</span> <span class='ocrx_word' id='word_1_988' title='bbox 1333 1836 1382 1858; x_wconf 84' lang='lat' dir='ltr'>aut</span> <span class='ocrx_word' id='word_1_989' title='bbox 1400 1830 1556 1858; x_wconf 67' lang='lat' dir='ltr'>memoriae</span> <span class='ocrx_word' id='word_1_990' title='bbox 1574 1820 1755 1858; x_wconf 73' lang='lat' dir='ltr'>ostentandae</span> <span class='ocrx_word' id='word_1_991' title='bbox 1774 1830 1863 1859; x_wconf 77' lang='lat' dir='ltr'>causa.</span> <span class='ocrx_word' id='word_1_992' title='bbox 1891 1831 2077 1871; x_wconf 76' lang='lat' dir='ltr'>Qapropcer</span> 
     </span>
     <span class='ocr_line' id='line_1_106' title="bbox 1120 1869 2077 1901; baseline 0.003 -3"><span class='ocrx_word' id='word_1_993' title='bbox 1120 1871 1243 1899; x_wconf 86' lang='lat' dir='ltr'>initium</span> <span class='ocrx_word' id='word_1_994' title='bbox 1254 1872 1490 1899; x_wconf 75' lang='lat' dir='ltr'>enumerationis</span> <span class='ocrx_word' id='word_1_995' title='bbox 1502 1870 1683 1900; x_wconf 86' lang='lat' dir='ltr'>sumendum</span> <span class='ocrx_word' id='word_1_996' title='bbox 1694 1869 1737 1899; x_wconf 88' lang='lat' dir='ltr'>est</span> <span class='ocrx_word' id='word_1_997' title='bbox 1755 1870 1770 1900; x_wconf 76' lang='grc' dir='ltr'>ὲ</span> <span class='ocrx_word' id='word_1_998' title='bbox 1788 1869 1943 1900; x_wconf 80' lang='lat' dir='ltr'>divisione.</span> <span class='ocrx_word' id='word_1_999' title='bbox 1967 1870 2077 1901; x_wconf 79' lang='lat' dir='ltr'>deinde</span> 
     </span>
     <span class='ocr_line' id='line_1_107' title="bbox 1119 1911 2076 1952; baseline 0.003 -12"><span class='ocrx_word' id='word_1_1000' title='bbox 1119 1911 1223 1940; x_wconf 89' lang='lat' dir='ltr'>ordine</span> <span class='ocrx_word' id='word_1_1001' title='bbox 1235 1911 1363 1941; x_wconf 89' lang='lat' dir='ltr'>breviter</span> <span class='ocrx_word' id='word_1_1002' title='bbox 1372 1911 1556 1950; x_wconf 65' lang='lat' dir='ltr'>exponenda:</span> <span class='ocrx_word' id='word_1_1003' title='bbox 1568 1911 1635 1941; x_wconf 87' lang='lat' dir='ltr'>sunt</span> <span class='ocrx_word' id='word_1_1004' title='bbox 1644 1922 1689 1941; x_wconf 90' lang='lat' dir='ltr'>res</span> <span class='ocrx_word' id='word_1_1005' title='bbox 1700 1932 1708 1944; x_wconf 89' lang='lat'>‚</span> <span class='ocrx_word' id='word_1_1006' title='bbox 1733 1922 1797 1952; x_wconf 80' lang='lat' dir='ltr'>quae</span> <span class='ocrx_word' id='word_1_1007' title='bbox 1807 1911 1933 1942; x_wconf 62' lang='lat' dir='ltr'>trac‘tatae</span> <span class='ocrx_word' id='word_1_1008' title='bbox 1946 1922 2032 1943; x_wconf 87' lang='lat' dir='ltr'>erunt</span> <span class='ocrx_word' id='word_1_1009' title='bbox 2041 1914 2076 1942; x_wconf 84' lang='lat' dir='ltr'>in</span> 
     </span>
     <span class='ocr_line' id='line_1_108' title="bbox 1118 1951 2077 1994; baseline 0.002 -13"><span class='ocrx_word' id='word_1_1010' title='bbox 1118 1951 1360 1985; x_wconf 85' lang='lat' dir='ltr'>confirmatione,</span> <span class='ocrx_word' id='word_1_1011' title='bbox 1373 1952 1406 1981; x_wconf 47' lang='grc' dir='ltr'>ἅν</span> <span class='ocrx_word' id='word_1_1012' title='bbox 1417 1952 1630 1982; x_wconf 84' lang='lat' dir='ltr'>confutatione.</span> <span class='ocrx_word' id='word_1_1013' title='bbox 1654 1952 1860 1992; x_wconf 79' lang='lat' dir='ltr'>Amplificatio</span> <span class='ocrx_word' id='word_1_1014' title='bbox 1871 1953 1913 1983; x_wconf 90' lang='lat' dir='ltr'>est</span> <span class='ocrx_word' id='word_1_1015' title='bbox 1922 1963 1966 1983; x_wconf 82' lang='lat' dir='ltr'>res</span> <span class='ocrx_word' id='word_1_1016' title='bbox 1979 1975 1986 1987; x_wconf 93' lang='lat'><strong><em>,</em></strong></span> <span class='ocrx_word' id='word_1_1017' title='bbox 2010 1964 2077 1994; x_wconf 81' lang='lat' dir='ltr'>quae</span> 
     </span>
     <span class='ocr_line' id='line_1_109' title="bbox 1118 1993 2077 2033; baseline 0.003 -11"><span class='ocrx_word' id='word_1_1018' title='bbox 1118 2003 1170 2032; x_wconf 89' lang='lat' dir='ltr'>per</span> <span class='ocrx_word' id='word_1_1019' title='bbox 1189 1994 1290 2022; x_wconf 91' lang='lat' dir='ltr'>locum</span> <span class='ocrx_word' id='word_1_1020' title='bbox 1310 2003 1510 2023; x_wconf 88' lang='lat' dir='ltr'>communem</span> <span class='ocrx_word' id='word_1_1021' title='bbox 1530 1993 1729 2033; x_wconf 81' lang='lat' dir='ltr'>instigationis</span> <span class='ocrx_word' id='word_1_1022' title='bbox 1746 1994 1917 2024; x_wconf 90' lang='lat' dir='ltr'>auditorum</span> <span class='ocrx_word' id='word_1_1023' title='bbox 1937 1996 2018 2025; x_wconf 77' lang='lat' dir='ltr'>causa</span> <span class='ocrx_word' id='word_1_1024' title='bbox 2028 1996 2077 2024; x_wconf 87' lang='lat' dir='ltr'>su—</span> 
     </span>
     <span class='ocr_line' id='line_1_110' title="bbox 1119 2034 2079 2074; baseline 0.002 -11"><span class='ocrx_word' id='word_1_1025' title='bbox 1119 2036 1219 2063; x_wconf 89' lang='lat' dir='ltr'>mitur.</span> <span class='ocrx_word' id='word_1_1026' title='bbox 1243 2036 1320 2063; x_wconf 90' lang='lat' dir='ltr'>Loci</span> <span class='ocrx_word' id='word_1_1027' title='bbox 1338 2044 1518 2063; x_wconf 85' lang='lat' dir='ltr'>communes</span> <span class='ocrx_word' id='word_1_1028' title='bbox 1537 2044 1575 2063; x_wconf 89' lang='lat' dir='ltr'>ex</span> <span class='ocrx_word' id='word_1_1029' title='bbox 1593 2036 1697 2064; x_wconf 81' lang='lat' dir='ltr'>decem</span> <span class='ocrx_word' id='word_1_1030' title='bbox 1707 2038 1859 2074; x_wconf 84' lang='lat' dir='ltr'>praeceptis</span> <span class='ocrx_word' id='word_1_1031' title='bbox 1869 2034 2079 2066; x_wconf 68' lang='lat' dir='ltr'>commoduli—</span> 
     </span>
     <span class='ocr_line' id='line_1_111' title="bbox 1119 2074 2077 2115; baseline 0.004 -11"><span class='ocrx_word' id='word_1_1032' title='bbox 1119 2074 1170 2104; x_wconf 67' lang='lat' dir='ltr'>me</span> <span class='ocrx_word' id='word_1_1033' title='bbox 1181 2076 1338 2104; x_wconf 86' lang='lat' dir='ltr'>sumuntur</span> <span class='ocrx_word' id='word_1_1034' title='bbox 1347 2075 1509 2115; x_wconf 77' lang='lat' dir='ltr'>adaugendi</span> <span class='ocrx_word' id='word_1_1035' title='bbox 1520 2077 1656 2105; x_wconf 80' lang='lat' dir='ltr'>criminis</span> <span class='ocrx_word' id='word_1_1036' title='bbox 1667 2077 1757 2106; x_wconf 71' lang='lat' dir='ltr'>caula.</span> <span class='ocrx_word' id='word_1_1037' title='bbox 1790 2079 1906 2107; x_wconf 84' lang='lat' dir='ltr'>Primus</span> <span class='ocrx_word' id='word_1_1038' title='bbox 1925 2077 2008 2107; x_wconf 87' lang='lat' dir='ltr'>locus</span> <span class='ocrx_word' id='word_1_1039' title='bbox 2029 2078 2077 2108; x_wconf 87' lang='lat' dir='ltr'>su-</span> 
     </span>
     <span class='ocr_line' id='line_1_112' title="bbox 1121 2116 2078 2159; baseline 0.002 -14"><span class='ocrx_word' id='word_1_1040' title='bbox 1121 2118 1213 2145; x_wconf 90' lang='lat' dir='ltr'>mitur</span> <span class='ocrx_word' id='word_1_1041' title='bbox 1222 2117 1258 2146; x_wconf 85' lang='lat' dir='ltr'>ab</span> <span class='ocrx_word' id='word_1_1042' title='bbox 1267 2116 1450 2149; x_wconf 51' lang='lat' dir='ltr'>auetoritate,</span> <span class='ocrx_word' id='word_1_1043' title='bbox 1462 2116 1532 2146; x_wconf 78' lang='lat' dir='ltr'>cum</span> <span class='ocrx_word' id='word_1_1044' title='bbox 1542 2127 1818 2147; x_wconf 81' lang='lat' dir='ltr'>commemoramus</span> <span class='ocrx_word' id='word_1_1045' title='bbox 1831 2139 1839 2150; x_wconf 85' lang='lat'><em>,</em></span> <span class='ocrx_word' id='word_1_1046' title='bbox 1851 2126 1959 2159; x_wconf 71' lang='lat' dir='ltr'>quanm</span> <span class='ocrx_word' id='word_1_1047' title='bbox 1968 2130 2035 2148; x_wconf 65' lang='lat' dir='ltr'>cure</span> <span class='ocrx_word' id='word_1_1048' title='bbox 2045 2130 2078 2150; x_wconf 73' lang='lat' dir='ltr'>ea</span> 
     </span>
     <span class='ocr_line' id='line_1_113' title="bbox 1119 2157 2075 2201; baseline 0.004 -15"><span class='ocrx_word' id='word_1_1049' title='bbox 1119 2167 1164 2186; x_wconf 90' lang='lat' dir='ltr'>res</span> <span class='ocrx_word' id='word_1_1050' title='bbox 1174 2157 1262 2187; x_wconf 88' lang='lat' dir='ltr'>fuerit</span> <span class='ocrx_word' id='word_1_1051' title='bbox 1272 2158 1328 2186; x_wconf 89' lang='lat' dir='ltr'>diis</span> <span class='ocrx_word' id='word_1_1052' title='bbox 1338 2158 1571 2190; x_wconf 85' lang='lat' dir='ltr'>immortalibus,</span> <span class='ocrx_word' id='word_1_1053' title='bbox 1582 2167 1631 2188; x_wconf 90' lang='lat' dir='ltr'>aut</span> <span class='ocrx_word' id='word_1_1054' title='bbox 1641 2159 1803 2197; x_wconf 74' lang='lat' dir='ltr'>majoribus</span> <span class='ocrx_word' id='word_1_1055' title='bbox 1812 2159 2075 2201; x_wconf 76' lang='lat' dir='ltr'>iiostris,-regibus‚</span> 
     </span>
     <span class='ocr_line' id='line_1_114' title="bbox 1118 2199 2074 2240; baseline 0.002 -13"><span class='ocrx_word' id='word_1_1056' title='bbox 1118 2199 1299 2231; x_wconf 86' lang='lat' dir='ltr'>civitatibus,</span> <span class='ocrx_word' id='word_1_1057' title='bbox 1313 2200 1484 2229; x_wconf 80' lang='lat' dir='ltr'>nationibus</span> <span class='ocrx_word' id='word_1_1058' title='bbox 1497 2220 1504 2232; x_wconf 91' lang='lat'>,</span> <span class='ocrx_word' id='word_1_1059' title='bbox 1518 2200 1693 2229; x_wconf 84' lang='lat' dir='ltr'>horninibus</span> <span class='ocrx_word' id='word_1_1060' title='bbox 1703 2199 1920 2240; x_wconf 71' lang='lat' dir='ltr'>fitpientiffimis</span> <span class='ocrx_word' id='word_1_1061' title='bbox 1933 2222 1940 2235; x_wconf 82' lang='lat'><em>‚</em></span> <span class='ocrx_word' id='word_1_1062' title='bbox 1954 2202 2074 2232; x_wconf 75' lang='lat' dir='ltr'>senatui.</span> 
     </span>
     <span class='ocr_line' id='line_1_115' title="bbox 1119 2240 2073 2283; baseline 0.003 -14"><span class='ocrx_word' id='word_1_1063' title='bbox 1119 2242 1199 2269; x_wconf 89' lang='lat' dir='ltr'>Item</span> <span class='ocrx_word' id='word_1_1064' title='bbox 1218 2240 1354 2270; x_wconf 71' lang='lat' dir='ltr'>maxime</span> <span class='ocrx_word' id='word_1_1065' title='bbox 1373 2250 1433 2281; x_wconf 89' lang='lat' dir='ltr'>quo</span> <span class='ocrx_word' id='word_1_1066' title='bbox 1446 2241 1540 2271; x_wconf 79' lang='lat' dir='ltr'>modo</span> <span class='ocrx_word' id='word_1_1067' title='bbox 1550 2241 1586 2271; x_wconf 84' lang='lat' dir='ltr'>de</span> <span class='ocrx_word' id='word_1_1068' title='bbox 1596 2243 1642 2270; x_wconf 85' lang='lat' dir='ltr'>his</span> <span class='ocrx_word' id='word_1_1069' title='bbox 1653 2242 1740 2271; x_wconf 86' lang='lat' dir='ltr'>rebus</span> <span class='ocrx_word' id='word_1_1070' title='bbox 1751 2243 1865 2283; x_wconf 71' lang='lat' dir='ltr'>legibus</span> <span class='ocrx_word' id='word_1_1071' title='bbox 1876 2243 2018 2273; x_wconf 81' lang='lat' dir='ltr'>sancitum</span> <span class='ocrx_word' id='word_1_1072' title='bbox 2032 2243 2073 2274; x_wconf 83' lang='lat' dir='ltr'>sit.</span> 
     </span>
     <span class='ocr_line' id='line_1_116' title="bbox 1119 2281 2074 2326; baseline 0.005 -16"><span class='ocrx_word' id='word_1_1073' title='bbox 1119 2281 1270 2311; x_wconf 88' lang='lat' dir='ltr'>Secundus</span> <span class='ocrx_word' id='word_1_1074' title='bbox 1281 2282 1364 2311; x_wconf 91' lang='lat' dir='ltr'>locus</span> <span class='ocrx_word' id='word_1_1075' title='bbox 1374 2281 1428 2314; x_wconf 80' lang='lat' dir='ltr'>est,</span> <span class='ocrx_word' id='word_1_1076' title='bbox 1440 2293 1509 2312; x_wconf 88' lang='lat' dir='ltr'>cum</span> <span class='ocrx_word' id='word_1_1077' title='bbox 1519 2281 1737 2313; x_wconf 74' lang='lat' dir='ltr'>consideramus</span> <span class='ocrx_word' id='word_1_1078' title='bbox 1750 2304 1758 2316; x_wconf 80' lang='grc'><em>,</em></span> <span class='ocrx_word' id='word_1_1079' title='bbox 1771 2285 1828 2313; x_wconf 77' lang='lat' dir='ltr'>illae</span> <span class='ocrx_word' id='word_1_1080' title='bbox 1838 2295 1882 2313; x_wconf 85' lang='lat' dir='ltr'>res</span> <span class='ocrx_word' id='word_1_1081' title='bbox 1895 2305 1902 2317; x_wconf 85' lang='lat'>‚</span> <span class='ocrx_word' id='word_1_1082' title='bbox 1916 2285 1951 2314; x_wconf 86' lang='lat' dir='ltr'>de</span> <span class='ocrx_word' id='word_1_1083' title='bbox 1964 2286 2074 2326; x_wconf 83' lang='lat' dir='ltr'>quibus</span> 
     </span>
     <span class='ocr_line' id='line_1_117' title="bbox 1118 2323 2073 2366; baseline 0.004 -14"><span class='ocrx_word' id='word_1_1084' title='bbox 1118 2325 1316 2353; x_wconf 85' lang='lat' dir='ltr'>criminamur</span> <span class='ocrx_word' id='word_1_1085' title='bbox 1326 2344 1334 2355; x_wconf 86' lang='lat'>,</span> <span class='ocrx_word' id='word_1_1086' title='bbox 1355 2323 1389 2353; x_wconf 83' lang='lat' dir='ltr'>ad</span> <span class='ocrx_word' id='word_1_1087' title='bbox 1400 2334 1475 2364; x_wconf 83' lang='lat' dir='ltr'>quos</span> <span class='ocrx_word' id='word_1_1088' title='bbox 1484 2327 1666 2363; x_wconf 81' lang='lat' dir='ltr'>pertineant:</span> <span class='ocrx_word' id='word_1_1089' title='bbox 1685 2324 1787 2355; x_wconf 80' lang='lat' dir='ltr'>utrum</span> <span class='ocrx_word' id='word_1_1090' title='bbox 1805 2326 1843 2354; x_wconf 86' lang='lat' dir='ltr'>ad</span> <span class='ocrx_word' id='word_1_1091' title='bbox 1859 2337 1954 2355; x_wconf 65' lang='lat' dir='ltr'>omneis</span> <span class='ocrx_word' id='word_1_1092' title='bbox 1965 2347 1974 2359; x_wconf 87' lang='lat'>‚</span> <span class='ocrx_word' id='word_1_1093' title='bbox 1992 2327 2073 2366; x_wconf 79' lang='lat' dir='ltr'>quod</span> 
     </span>
     <span class='ocr_line' id='line_1_118' title="bbox 1116 2363 2074 2408; baseline 0.004 -15"><span class='ocrx_word' id='word_1_1094' title='bbox 1116 2363 1331 2394; x_wconf 87' lang='lat' dir='ltr'>atrociffimum</span> <span class='ocrx_word' id='word_1_1095' title='bbox 1342 2364 1384 2394; x_wconf 86' lang='lat' dir='ltr'>est</span> <span class='ocrx_word' id='word_1_1096' title='bbox 1396 2385 1403 2397; x_wconf 86' lang='lat'>‚</span> <span class='ocrx_word' id='word_1_1097' title='bbox 1424 2375 1460 2395; x_wconf 89' lang='lat' dir='ltr'>an</span> <span class='ocrx_word' id='word_1_1098' title='bbox 1471 2365 1505 2394; x_wconf 81' lang='lat' dir='ltr'>ad</span> <span class='ocrx_word' id='word_1_1099' title='bbox 1517 2366 1691 2405; x_wconf 73' lang='lat' dir='ltr'>superiores,</span> <span class='ocrx_word' id='word_1_1100' title='bbox 1713 2367 1804 2407; x_wconf 87' lang='lat' dir='ltr'>(quod</span> <span class='ocrx_word' id='word_1_1101' title='bbox 1815 2378 1907 2408; x_wconf 70' lang='lat' dir='ltr'>genus</span> <span class='ocrx_word' id='word_1_1102' title='bbox 1918 2370 1940 2397; x_wconf 92' lang='lat' dir='ltr'>ii</span> <span class='ocrx_word' id='word_1_1103' title='bbox 1950 2369 2016 2397; x_wconf 71' lang='lat' dir='ltr'>sunt</span> <span class='ocrx_word' id='word_1_1104' title='bbox 2028 2389 2035 2400; x_wconf 88' lang='lat'><em>‚</em></span> <span class='ocrx_word' id='word_1_1105' title='bbox 2056 2380 2074 2398; x_wconf 73' lang='grc' dir='ltr'>,ι</span> 
     </span>
     <span class='ocr_line' id='line_1_119' title="bbox 1116 2405 2071 2448; baseline 0.004 -14"><span class='ocrx_word' id='word_1_1106' title='bbox 1116 2405 1224 2446; x_wconf 84' lang='lat' dir='ltr'>quibus</span> <span class='ocrx_word' id='word_1_1107' title='bbox 1234 2405 1414 2436; x_wconf 60' lang='lat' dir='ltr'>auetoritatis</span> <span class='ocrx_word' id='word_1_1108' title='bbox 1424 2407 1507 2436; x_wconf 88' lang='lat' dir='ltr'>locus</span> <span class='ocrx_word' id='word_1_1109' title='bbox 1517 2418 1618 2437; x_wconf 87' lang='lat' dir='ltr'>comm</span> <span class='ocrx_word' id='word_1_1110' title='bbox 1624 2418 1691 2437; x_wconf 85' lang='lat' dir='ltr'>unis</span> <span class='ocrx_word' id='word_1_1111' title='bbox 1703 2409 1852 2444; x_wconf 86' lang='lat' dir='ltr'>sumitur,)</span> <span class='ocrx_word' id='word_1_1112' title='bbox 1873 2419 1909 2437; x_wconf 80' lang='lat' dir='ltr'>an</span> <span class='ocrx_word' id='word_1_1113' title='bbox 1919 2409 1954 2438; x_wconf 87' lang='lat' dir='ltr'>ad</span> <span class='ocrx_word' id='word_1_1114' title='bbox 1964 2412 2071 2448; x_wconf 80' lang='lat' dir='ltr'>pateis,</span> 
     </span>
     <span class='ocr_line' id='line_1_120' title="bbox 1115 2447 2071 2490; baseline 0.004 -14"><span class='ocrx_word' id='word_1_1115' title='bbox 1115 2448 1174 2477; x_wconf 90' lang='lat' dir='ltr'>hoc</span> <span class='ocrx_word' id='word_1_1116' title='bbox 1184 2447 1227 2477; x_wconf 88' lang='lat' dir='ltr'>est</span> <span class='ocrx_word' id='word_1_1117' title='bbox 1235 2449 1268 2477; x_wconf 92' lang='lat' dir='ltr'>in</span> <span class='ocrx_word' id='word_1_1118' title='bbox 1278 2448 1389 2477; x_wconf 82' lang='lat' dir='ltr'>eisdem</span> <span class='ocrx_word' id='word_1_1119' title='bbox 1400 2449 1530 2487; x_wconf 82' lang='lat' dir='ltr'>partibus</span> <span class='ocrx_word' id='word_1_1120' title='bbox 1539 2451 1632 2478; x_wconf 82' lang='lat' dir='ltr'>animi</span> <span class='ocrx_word' id='word_1_1121' title='bbox 1644 2470 1652 2482; x_wconf 88' lang='lat'>‚</span> <span class='ocrx_word' id='word_1_1122' title='bbox 1665 2451 1808 2489; x_wconf 86' lang='lat' dir='ltr'>corporis,</span> <span class='ocrx_word' id='word_1_1123' title='bbox 1819 2450 2006 2480; x_wconf 69' lang='lat' dir='ltr'>fortunarum</span> <span class='ocrx_word' id='word_1_1124' title='bbox 2016 2461 2071 2490; x_wconf 83' lang='lat' dir='ltr'>po-</span> 
     </span>
     <span class='ocr_line' id='line_1_121' title="bbox 1116 2487 2071 2530; baseline 0.005 -13"><span class='ocrx_word' id='word_1_1125' title='bbox 1116 2487 1183 2518; x_wconf 88' lang='lat' dir='ltr'>sitos</span> <span class='ocrx_word' id='word_1_1126' title='bbox 1196 2500 1200 2518; x_wconf 92' lang='lat'>:</span> <span class='ocrx_word' id='word_1_1127' title='bbox 1229 2499 1267 2518; x_wconf 91' lang='lat' dir='ltr'>an</span> <span class='ocrx_word' id='word_1_1128' title='bbox 1277 2489 1312 2518; x_wconf 86' lang='lat' dir='ltr'>ad</span> <span class='ocrx_word' id='word_1_1129' title='bbox 1323 2489 1478 2519; x_wconf 78' lang='lat' dir='ltr'>inferiores</span> <span class='ocrx_word' id='word_1_1130' title='bbox 1489 2510 1497 2522; x_wconf 91' lang='lat'>,</span> <span class='ocrx_word' id='word_1_1131' title='bbox 1519 2493 1570 2530; x_wconf 89' lang='lat' dir='ltr'>qui</span> <span class='ocrx_word' id='word_1_1132' title='bbox 1580 2491 1723 2519; x_wconf 90' lang='lat' dir='ltr'>omnibus</span> <span class='ocrx_word' id='word_1_1133' title='bbox 1734 2492 1780 2519; x_wconf 88' lang='lat' dir='ltr'>his</span> <span class='ocrx_word' id='word_1_1134' title='bbox 1790 2491 1876 2520; x_wconf 85' lang='lat' dir='ltr'>rebus</span> <span class='ocrx_word' id='word_1_1135' title='bbox 1885 2493 2071 2522; x_wconf 83' lang='lat' dir='ltr'>antecellun-</span> 
     </span>
     <span class='ocr_line' id='line_1_122' title="bbox 1115 2530 2070 2572; baseline 0.004 -13"><span class='ocrx_word' id='word_1_1136' title='bbox 1115 2538 1170 2559; x_wconf 89' lang='lat' dir='ltr'>tur.</span> <span class='ocrx_word' id='word_1_1137' title='bbox 1194 2533 1313 2560; x_wconf 72' lang='lat' dir='ltr'>Teitius</span> <span class='ocrx_word' id='word_1_1138' title='bbox 1325 2531 1408 2560; x_wconf 82' lang='lat' dir='ltr'>locus</span> <span class='ocrx_word' id='word_1_1139' title='bbox 1419 2530 1460 2560; x_wconf 87' lang='lat' dir='ltr'>est</span> <span class='ocrx_word' id='word_1_1140' title='bbox 1471 2552 1478 2563; x_wconf 86' lang='lat'>‚</span> <span class='ocrx_word' id='word_1_1141' title='bbox 1491 2541 1551 2571; x_wconf 88' lang='lat' dir='ltr'>quo</span> <span class='ocrx_word' id='word_1_1142' title='bbox 1561 2531 1788 2570; x_wconf 57' lang='lat' dir='ltr'>percuneiamur</span> <span class='ocrx_word' id='word_1_1143' title='bbox 1799 2552 1808 2565; x_wconf 94' lang='lat'>‚</span> <span class='ocrx_word' id='word_1_1144' title='bbox 1819 2532 1891 2572; x_wconf 87' lang='lat' dir='ltr'>quid</span> <span class='ocrx_word' id='word_1_1145' title='bbox 1902 2531 1934 2562; x_wconf 90' lang='lat' dir='ltr'>sit</span> <span class='ocrx_word' id='word_1_1146' title='bbox 1943 2543 2070 2564; x_wconf 79' lang='lat' dir='ltr'>eventu-</span> 
     </span>
     <span class='ocr_line' id='line_1_123' title="bbox 1114 2571 2069 2614; baseline 0.005 -14"><span class='ocrx_word' id='word_1_1147' title='bbox 1114 2581 1194 2605; x_wconf 87' lang='lat' dir='ltr'>rum,</span> <span class='ocrx_word' id='word_1_1148' title='bbox 1207 2571 1227 2602; x_wconf 83' lang='lat' dir='ltr'>si</span> <span class='ocrx_word' id='word_1_1149' title='bbox 1237 2572 1381 2601; x_wconf 87' lang='lat' dir='ltr'>omnibus</span> <span class='ocrx_word' id='word_1_1150' title='bbox 1393 2572 1473 2601; x_wconf 86' lang='lat' dir='ltr'>idem</span> <span class='ocrx_word' id='word_1_1151' title='bbox 1483 2573 1664 2601; x_wconf 72' lang='lat' dir='ltr'>concedatur:</span> <span class='ocrx_word' id='word_1_1152' title='bbox 1688 2573 1720 2602; x_wconf 75' lang='grc' dir='ltr'>δε</span> <span class='ocrx_word' id='word_1_1153' title='bbox 1730 2583 1762 2602; x_wconf 88' lang='lat' dir='ltr'>ea</span> <span class='ocrx_word' id='word_1_1154' title='bbox 1772 2584 1802 2603; x_wconf 89' lang='lat' dir='ltr'>re</span> <span class='ocrx_word' id='word_1_1155' title='bbox 1812 2574 1956 2614; x_wconf 70' lang='lat' dir='ltr'>negle&amp;a‚</span> <span class='ocrx_word' id='word_1_1156' title='bbox 1967 2575 2069 2605; x_wconf 84' lang='lat' dir='ltr'>osten-</span> 
     </span>
     <span class='ocr_line' id='line_1_124' title="bbox 1115 2612 2068 2657; baseline 0.005 -15"><span class='ocrx_word' id='word_1_1157' title='bbox 1115 2612 1221 2643; x_wconf 87' lang='lat' dir='ltr'>demus</span> <span class='ocrx_word' id='word_1_1158' title='bbox 1233 2634 1241 2646; x_wconf 88' lang='lat'>,</span> <span class='ocrx_word' id='word_1_1159' title='bbox 1253 2613 1324 2653; x_wconf 86' lang='lat' dir='ltr'>quid</span> <span class='ocrx_word' id='word_1_1160' title='bbox 1335 2614 1536 2652; x_wconf 80' lang='lat' dir='ltr'>periculorum</span> <span class='ocrx_word' id='word_1_1161' title='bbox 1549 2634 1557 2646; x_wconf 92' lang='lat'>‚</span> <span class='ocrx_word' id='word_1_1162' title='bbox 1570 2623 1619 2643; x_wconf 81' lang='lat' dir='ltr'>aut</span> <span class='ocrx_word' id='word_1_1163' title='bbox 1627 2615 1896 2645; x_wconf 82' lang='lat' dir='ltr'>incommodorum</span> <span class='ocrx_word' id='word_1_1164' title='bbox 1907 2617 2068 2657; x_wconf 78' lang='lat' dir='ltr'>consequa-</span> 
     </span>
     <span class='ocr_line' id='line_1_125' title="bbox 1113 2654 2067 2698; baseline 0.004 -15"><span class='ocrx_word' id='word_1_1165' title='bbox 1113 2662 1167 2683; x_wconf 89' lang='lat' dir='ltr'>tur.</span> <span class='ocrx_word' id='word_1_1166' title='bbox 1193 2657 1320 2696; x_wconf 86' lang='lat' dir='ltr'>Qartus</span> <span class='ocrx_word' id='word_1_1167' title='bbox 1331 2658 1412 2684; x_wconf 88' lang='lat' dir='ltr'>locus</span> <span class='ocrx_word' id='word_1_1168' title='bbox 1423 2654 1465 2684; x_wconf 87' lang='lat' dir='ltr'>est</span> <span class='ocrx_word' id='word_1_1169' title='bbox 1477 2675 1484 2687; x_wconf 91' lang='lat'>‚</span> <span class='ocrx_word' id='word_1_1170' title='bbox 1497 2665 1556 2695; x_wconf 89' lang='lat' dir='ltr'>quo</span> <span class='ocrx_word' id='word_1_1171' title='bbox 1567 2655 1785 2686; x_wconf 85' lang='lat' dir='ltr'>demonstratur</span> <span class='ocrx_word' id='word_1_1172' title='bbox 1797 2676 1805 2688; x_wconf 90' lang='lat'>‚</span> <span class='ocrx_word' id='word_1_1173' title='bbox 1817 2655 1838 2686; x_wconf 86' lang='lat' dir='ltr'>si</span> <span class='ocrx_word' id='word_1_1174' title='bbox 1847 2658 1918 2687; x_wconf 87' lang='lat' dir='ltr'>huic</span> <span class='ocrx_word' id='word_1_1175' title='bbox 1928 2657 1961 2687; x_wconf 93' lang='lat' dir='ltr'>sit</span> <span class='ocrx_word' id='word_1_1176' title='bbox 1969 2660 2067 2698; x_wconf 76' lang='lat' dir='ltr'>remis-</span> 
     </span>
     <span class='ocr_line' id='line_1_126' title="bbox 1107 2695 2067 2739; baseline 0.007 -16"><span class='ocrx_word' id='word_1_1177' title='bbox 1107 2696 1185 2734; x_wconf 73' lang='lat' dir='ltr'>ficm,</span> <span class='ocrx_word' id='word_1_1178' title='bbox 1203 2697 1315 2726; x_wconf 84' lang='lat' dir='ltr'>multos</span> <span class='ocrx_word' id='word_1_1179' title='bbox 1326 2697 1477 2726; x_wconf 86' lang='lat' dir='ltr'>alacriores</span> <span class='ocrx_word' id='word_1_1180' title='bbox 1488 2696 1522 2725; x_wconf 91' lang='lat' dir='ltr'>ad</span> <span class='ocrx_word' id='word_1_1181' title='bbox 1534 2695 1679 2726; x_wconf 79' lang='lat' dir='ltr'>maleficia</span> <span class='ocrx_word' id='word_1_1182' title='bbox 1685 2696 1814 2730; x_wconf 84' lang='lat' dir='ltr'>futuros,</span> <span class='ocrx_word' id='word_1_1183' title='bbox 1825 2709 1899 2739; x_wconf 83' lang='lat' dir='ltr'>quos</span> <span class='ocrx_word' id='word_1_1184' title='bbox 1909 2699 2005 2729; x_wconf 84' lang='lat' dir='ltr'>adhuc</span> <span class='ocrx_word' id='word_1_1185' title='bbox 2013 2710 2067 2730; x_wconf 82' lang='lat' dir='ltr'>ex-</span> 
     </span>
     <span class='ocr_line' id='line_1_127' title="bbox 1111 2737 2065 2781; baseline 0.006 -15"><span class='ocrx_word' id='word_1_1186' title='bbox 1111 2738 1252 2776; x_wconf 68' lang='lat' dir='ltr'>spestatio</span> <span class='ocrx_word' id='word_1_1187' title='bbox 1267 2737 1375 2776; x_wconf 85' lang='lat' dir='ltr'>judicii</span> <span class='ocrx_word' id='word_1_1188' title='bbox 1394 2746 1568 2767; x_wconf 84' lang='lat' dir='ltr'>remoratur.</span> <span class='ocrx_word' id='word_1_1189' title='bbox 1596 2740 1727 2779; x_wconf 85' lang='lat' dir='ltr'>Qintus</span> <span class='ocrx_word' id='word_1_1190' title='bbox 1738 2739 1820 2769; x_wconf 86' lang='lat' dir='ltr'>locus</span> <span class='ocrx_word' id='word_1_1191' title='bbox 1831 2739 1874 2770; x_wconf 90' lang='lat' dir='ltr'>est</span> <span class='ocrx_word' id='word_1_1192' title='bbox 1884 2761 1893 2774; x_wconf 91' lang='lat'><em>‚</em></span> <span class='ocrx_word' id='word_1_1193' title='bbox 1913 2751 1965 2780; x_wconf 87' lang='lat' dir='ltr'>per</span> <span class='ocrx_word' id='word_1_1194' title='bbox 1973 2751 2065 2781; x_wconf 80' lang='lat' dir='ltr'>quem</span> 
     </span>
     <span class='ocr_line' id='line_1_128' title="bbox 1092 2777 2063 2818; baseline 0.006 -11"><span class='ocrx_word' id='word_1_1195' title='bbox 1092 2807 1093 2815; x_wconf 15' lang='grc' dir='ltr'>ἵ</span> <span class='ocrx_word' id='word_1_1196' title='bbox 1111 2778 1310 2811; x_wconf 82' lang='lat' dir='ltr'>ostendimus,</span> <span class='ocrx_word' id='word_1_1197' title='bbox 1323 2777 1343 2807; x_wconf 89' lang='lat' dir='ltr'>si</span> <span class='ocrx_word' id='word_1_1198' title='bbox 1354 2779 1445 2808; x_wconf 81' lang='lat' dir='ltr'>semel</span> <span class='ocrx_word' id='word_1_1199' title='bbox 1455 2779 1711 2818; x_wconf 85' lang='lat' dir='ltr'>aliterjudicatum</span> <span class='ocrx_word' id='word_1_1200' title='bbox 1721 2779 1755 2810; x_wconf 89' lang='lat' dir='ltr'>sit</span> <span class='ocrx_word' id='word_1_1201' title='bbox 1766 2801 1775 2813; x_wconf 89' lang='lat'><strong>,</strong></span> <span class='ocrx_word' id='word_1_1202' title='bbox 1788 2781 1901 2811; x_wconf 81' lang='lat' dir='ltr'>nullam</span> <span class='ocrx_word' id='word_1_1203' title='bbox 1911 2793 1976 2812; x_wconf 90' lang='lat' dir='ltr'>rem</span> <span class='ocrx_word' id='word_1_1204' title='bbox 1986 2783 2063 2816; x_wconf 76' lang='lat' dir='ltr'>fore.</span> 
     </span>
    </p>
   </div>
   <div class='ocr_carea' id='block_1_11' title="bbox 1092 221 1114 2784">
    <p class='ocr_par' dir='ltr' id='par_1_13' title="bbox 1092 221 1114 2784">
     <span class='ocr_line' id='line_1_129' title="bbox 1092 221 1114 2784; baseline 0 0"><span class='ocrx_word' id='word_1_1205' title='bbox 1092 221 1114 2784; x_wconf 95' lang='lat' dir='ltr'> </span> 
     </span>
    </p>
   </div>
   <div class='ocr_carea' id='block_1_12' title="bbox 113 2816 2065 2865">
    <p class='ocr_par' dir='ltr' id='par_1_14' title="bbox 113 2816 2065 2865">
     <span class='ocr_line' id='line_1_130' title="bbox 113 2816 2065 2865; baseline 0.003 -16"><span class='ocrx_word' id='word_1_1206' title='bbox 113 2827 170 2849; x_wconf 84' lang='lat' dir='ltr'>cit:</span> <span class='ocrx_word' id='word_1_1207' title='bbox 193 2829 248 2849; x_wconf 90' lang='lat' dir='ltr'>nos</span> <span class='ocrx_word' id='word_1_1208' title='bbox 260 2828 360 2849; x_wconf 90' lang='lat' dir='ltr'>tamen</span> <span class='ocrx_word' id='word_1_1209' title='bbox 369 2820 572 2861; x_wconf 86' lang='lat' dir='ltr'>intelligamus</span> <span class='ocrx_word' id='word_1_1210' title='bbox 585 2841 594 2854; x_wconf 96' lang='lat'><em>‚</em></span> <span class='ocrx_word' id='word_1_1211' title='bbox 606 2821 750 2850; x_wconf 89' lang='lat' dir='ltr'>vitiosum</span> <span class='ocrx_word' id='word_1_1212' title='bbox 761 2816 819 2850; x_wconf 82' lang='lat' dir='ltr'>effe</span> <span class='ocrx_word' id='word_1_1213' title='bbox 828 2819 984 2849; x_wconf 85' lang='lat' dir='ltr'>intendere</span> <span class='ocrx_word' id='word_1_1214' title='bbox 994 2829 1069 2849; x_wconf 88' lang='lat' dir='ltr'>con-</span> <span class='ocrx_word' id='word_1_1215' title='bbox 1090 2817 1096 2860; x_wconf 66' lang='grc'>1</span> <span class='ocrx_word' id='word_1_1216' title='bbox 1111 2831 1175 2861; x_wconf 69' lang='lat' dir='ltr'>qua:</span> <span class='ocrx_word' id='word_1_1217' title='bbox 1196 2819 1397 2850; x_wconf 88' lang='lat' dir='ltr'>incommodo</span> <span class='ocrx_word' id='word_1_1218' title='bbox 1416 2819 1528 2849; x_wconf 85' lang='lat' dir='ltr'>mederi</span> <span class='ocrx_word' id='word_1_1219' title='bbox 1540 2841 1549 2853; x_wconf 89' lang='lat'><em>‚</em></span> <span class='ocrx_word' id='word_1_1220' title='bbox 1570 2830 1617 2850; x_wconf 85' lang='lat' dir='ltr'>aut</span> <span class='ocrx_word' id='word_1_1221' title='bbox 1636 2830 1763 2852; x_wconf 75' lang='lat' dir='ltr'>erratum</span> <span class='ocrx_word' id='word_1_1222' title='bbox 1770 2822 1908 2862; x_wconf 85' lang='lat' dir='ltr'>judicum</span> <span class='ocrx_word' id='word_1_1223' title='bbox 1920 2826 2065 2865; x_wconf 84' lang='lat' dir='ltr'>corrigere.</span> 
     </span>
    </p>
   </div>
   <div class='ocr_carea' id='block_1_13' title="bbox 116 2918 1940 2933">
    <p class='ocr_par' dir='ltr' id='par_1_15' title="bbox 116 2918 1940 2933">
     <span class='ocr_line' id='line_1_131' title="bbox 116 2918 1940 2933; baseline 0 420"><span class='ocrx_word' id='word_1_1224' title='bbox 116 2918 1940 2933; x_wconf 95' lang='lat' dir='ltr'> </span> 
     </span>
    </p>
   </div>
   <div class='ocr_carea' id='block_1_14' title="bbox 113 2957 1067 3125">
    <p class='ocr_par' dir='ltr' id='par_1_16' title="bbox 113 2957 1067 3026">
     <span class='ocr_line' id='line_1_132' title="bbox 152 2957 1067 2993; baseline 0 -10"><span class='ocrx_word' id='word_1_1225' title='bbox 152 2966 176 2984; x_wconf 86' lang='lat'>1.</span> <span class='ocrx_word' id='word_1_1226' title='bbox 194 2958 287 2983; x_wconf 66' lang='lat' dir='ltr'>rumore</span> <span class='ocrx_word' id='word_1_1227' title='bbox 292 2958 425 2991; x_wconf 57' lang='lat' dir='ltr'>praeditum,</span> <span class='ocrx_word' id='word_1_1228' title='bbox 436 2959 586 2992; x_wconf 63' lang='lat' dir='ltr'>coloratum]</span> <span class='ocrx_word' id='word_1_1229' title='bbox 606 2958 649 2984; x_wconf 86' lang='lat' dir='ltr'>Sic</span> <span class='ocrx_word' id='word_1_1230' title='bbox 659 2958 745 2984; x_wconf 87' lang='lat' dir='ltr'>Bruil.</span> <span class='ocrx_word' id='word_1_1231' title='bbox 756 2957 789 2984; x_wconf 83' lang='lat' dir='ltr'>fic</span> <span class='ocrx_word' id='word_1_1232' title='bbox 798 2957 843 2983; x_wconf 79' lang='lat' dir='ltr'>Pal</span> <span class='ocrx_word' id='word_1_1233' title='bbox 851 2976 857 2983; x_wconf 90' lang='lat'><strong>.</strong></span> <span class='ocrx_word' id='word_1_1234' title='bbox 868 2965 957 2993; x_wconf 79' lang='lat' dir='ltr'>quart.</span> <span class='ocrx_word' id='word_1_1235' title='bbox 967 2967 997 2984; x_wconf 86' lang='lat' dir='ltr'>ac</span> <span class='ocrx_word' id='word_1_1236' title='bbox 1006 2957 1067 2984; x_wconf 81' lang='lat' dir='ltr'>sex-</span> 
     </span>
     <span class='ocr_line' id='line_1_133' title="bbox 113 2993 746 3026; baseline -0.003 -6"><span class='ocrx_word' id='word_1_1237' title='bbox 113 3000 167 3020; x_wconf 72' lang='lat' dir='ltr'>tus.</span> <span class='ocrx_word' id='word_1_1238' title='bbox 186 3001 262 3019; x_wconf 82' lang='lat' dir='ltr'>antea</span> <span class='ocrx_word' id='word_1_1239' title='bbox 273 2993 322 3019; x_wconf 76' lang='lat' dir='ltr'>cufi</span> <span class='ocrx_word' id='word_1_1240' title='bbox 335 3013 343 3024; x_wconf 97' lang='lat'>,</span> <span class='ocrx_word' id='word_1_1241' title='bbox 358 2995 480 3026; x_wconf 58' lang='lat' dir='ltr'>puditum</span> <span class='ocrx_word' id='word_1_1242' title='bbox 490 3002 578 3026; x_wconf 68' lang='lat' dir='ltr'>corpore</span> <span class='ocrx_word' id='word_1_1243' title='bbox 587 2994 746 3019; x_wconf 74' lang='lat' dir='ltr'>decoloratum.</span> 
     </span>
    </p>

    <p class='ocr_par' dir='ltr' id='par_1_17' title="bbox 115 3028 1067 3125">
     <span class='ocr_line' id='line_1_134' title="bbox 151 3028 1066 3064; baseline 0.002 -11"><span class='ocrx_word' id='word_1_1244' title='bbox 151 3037 179 3054; x_wconf 88' lang='lat'>2.</span> <span class='ocrx_word' id='word_1_1245' title='bbox 197 3031 224 3053; x_wconf 86' lang='lat' dir='ltr'>Si</span> <span class='ocrx_word' id='word_1_1246' title='bbox 234 3029 268 3061; x_wconf 82' lang='lat' dir='ltr'>fit</span> <span class='ocrx_word' id='word_1_1247' title='bbox 284 3029 354 3062; x_wconf 70' lang='lat' dir='ltr'>usbpu:</span> <span class='ocrx_word' id='word_1_1248' title='bbox 361 3032 387 3055; x_wconf 81' lang='lat' dir='ltr'>in</span> <span class='ocrx_word' id='word_1_1249' title='bbox 397 3039 418 3054; x_wconf 79' lang='lat' dir='ltr'>eo</span> <span class='ocrx_word' id='word_1_1250' title='bbox 427 3030 581 3063; x_wconf 56' lang='lat' dir='ltr'>occupatus]</span> <span class='ocrx_word' id='word_1_1251' title='bbox 602 3031 642 3055; x_wconf 73' lang='lat' dir='ltr'>lta</span> <span class='ocrx_word' id='word_1_1252' title='bbox 653 3028 715 3054; x_wconf 88' lang='lat' dir='ltr'>libr&#39;i</span> <span class='ocrx_word' id='word_1_1253' title='bbox 726 3028 805 3055; x_wconf 85' lang='lat' dir='ltr'>nostri</span> <span class='ocrx_word' id='word_1_1254' title='bbox 816 3029 979 3064; x_wconf 79' lang='lat' dir='ltr'>antiquiores</span> <span class='ocrx_word' id='word_1_1255' title='bbox 992 3048 1000 3061; x_wconf 89' lang='lat'><strong>‚</strong></span> <span class='ocrx_word' id='word_1_1256' title='bbox 1014 3029 1066 3055; x_wconf 79' lang='lat' dir='ltr'>fine</span> 
     </span>
     <span class='ocr_line' id='line_1_135' title="bbox 115 3062 1067 3123; baseline 0.003 -36"><span class='ocrx_word' id='word_1_1257' title='bbox 115 3062 163 3103; x_wconf 64' lang='lat' dir='ltr'>‘illo</span> <span class='ocrx_word' id='word_1_1258' title='bbox 173 3065 244 3123; x_wconf 57' lang='grc' dir='ltr'>ἵλεορ</span> <span class='ocrx_word' id='word_1_1259' title='bbox 255 3063 324 3099; x_wconf 87' lang='lat' dir='ltr'>quod</span> <span class='ocrx_word' id='word_1_1260' title='bbox 335 3064 407 3091; x_wconf 60' lang='grc' dir='ltr'>κᾶε</span> <span class='ocrx_word' id='word_1_1261' title='bbox 416 3064 512 3099; x_wconf 74' lang='lat' dir='ltr'>abjecit</span> <span class='ocrx_word' id='word_1_1262' title='bbox 521 3064 667 3092; x_wconf 82' lang='lat' dir='ltr'>Lambinus</span> <span class='ocrx_word' id='word_1_1263' title='bbox 678 3083 687 3097; x_wconf 93' lang='lat'>,</span> <span class='ocrx_word' id='word_1_1264' title='bbox 706 3064 748 3091; x_wconf 75' lang='lat' dir='ltr'>sed</span> <span class='ocrx_word' id='word_1_1265' title='bbox 759 3074 895 3101; x_wconf 81' lang='lat' dir='ltr'>perperam</span> <span class='ocrx_word' id='word_1_1266' title='bbox 906 3064 956 3091; x_wconf 62' lang='lat' dir='ltr'>alii</span> <span class='ocrx_word' id='word_1_1267' title='bbox 967 3065 1013 3091; x_wconf 89' lang='lat' dir='ltr'>illa</span> <span class='ocrx_word' id='word_1_1268' title='bbox 1024 3064 1067 3090; x_wconf 78' lang='lat' dir='ltr'>sua</span> 
     </span>
     <span class='ocr_line' id='line_1_136' title="bbox 117 3106 267 3125; baseline 0 -1"><span class='ocrx_word' id='word_1_1269' title='bbox 117 3107 176 3125; x_wconf 81' lang='lat' dir='ltr'>meu</span> <span class='ocrx_word' id='word_1_1270' title='bbox 189 3106 267 3124; x_wconf 78' lang='lat' dir='ltr'>cavit.</span> 
     </span>
    </p>
   </div>
   <div class='ocr_carea' id='block_1_15' title="bbox 1967 2864 2065 2905">
    <p class='ocr_par' dir='ltr' id='par_1_18' title="bbox 1967 2864 2065 2905">
     <span class='ocr_line' id='line_1_137' title="bbox 1967 2864 2065 2905; baseline 0.01 -10"><span class='ocrx_word' id='word_1_1271' title='bbox 1967 2864 2065 2905; x_wconf 82' lang='lat' dir='ltr'>poffir.</span> 
     </span>
    </p>
   </div>
   <div class='ocr_carea' id='block_1_16' title="bbox 1985 2929 2068 2934">
    <p class='ocr_par' dir='ltr' id='par_1_19' title="bbox 1985 2929 2068 2934">
     <span class='ocr_line' id='line_1_138' title="bbox 1985 2929 2068 2934; baseline 0 0"><span class='ocrx_word' id='word_1_1272' title='bbox 1985 2929 2068 2934; x_wconf 95' lang='lat' dir='ltr'> </span> 
     </span>
    </p>
   </div>
   <div class='ocr_carea' id='block_1_17' title="bbox 1099 2956 2063 3101">
    <p class='ocr_par' dir='ltr' id='par_1_20' title="bbox 1099 2956 2063 3101">
     <span class='ocr_line' id='line_1_139' title="bbox 1107 2956 2061 2993; baseline 0.002 -11"><span class='ocrx_word' id='word_1_1273' title='bbox 1107 2959 1298 2990; x_wconf 60' lang='lat' dir='ltr'>aiiffcnwfibm,</span> <span class='ocrx_word' id='word_1_1274' title='bbox 1309 2956 1369 2991; x_wconf 75' lang='lat' dir='ltr'>qnod</span> <span class='ocrx_word' id='word_1_1275' title='bbox 1379 2976 1386 2986; x_wconf 77' lang='lat'>,</span> <span class='ocrx_word' id='word_1_1276' title='bbox 1396 2957 1446 2986; x_wconf 72' lang='grc' dir='ltr'>(Ξϊ.</span> <span class='ocrx_word' id='word_1_1277' title='bbox 1466 2964 1554 2992; x_wconf 80' lang='lat' dir='ltr'>quart.</span> <span class='ocrx_word' id='word_1_1278' title='bbox 1565 2959 1688 2992; x_wconf 46' lang='lat' dir='ltr'>Venu-ffinis</span> <span class='ocrx_word' id='word_1_1279' title='bbox 1697 2967 1730 2983; x_wconf 79' lang='lat' dir='ltr'>an</span> <span class='ocrx_word' id='word_1_1280' title='bbox 1738 2961 1832 2984; x_wconf 78' lang='lat' dir='ltr'>Pcnncn</span> <span class='ocrx_word' id='word_1_1281' title='bbox 1843 2960 1894 2984; x_wconf 60' lang='lat' dir='ltr'>ihm</span> <span class='ocrx_word' id='word_1_1282' title='bbox 1904 2978 1913 2991; x_wconf 87' lang='lat'>,</span> <span class='ocrx_word' id='word_1_1283' title='bbox 1923 2959 1984 2993; x_wconf 77' lang='lat' dir='ltr'>qnod</span> <span class='ocrx_word' id='word_1_1284' title='bbox 1993 2979 2000 2991; x_wconf 82' lang='lat'>,</span> <span class='ocrx_word' id='word_1_1285' title='bbox 2010 2961 2034 2991; x_wconf 62' lang='grc' dir='ltr'>,ὲ</span> <span class='ocrx_word' id='word_1_1286' title='bbox 2040 2971 2061 2987; x_wconf 77' lang='lat' dir='ltr'>c.</span> 
     </span>
     <span class='ocr_line' id='line_1_140' title="bbox 1109 2991 2063 3029; baseline 0.002 -10"><span class='ocrx_word' id='word_1_1287' title='bbox 1109 2994 1148 3019; x_wconf 86' lang='lat' dir='ltr'>uti</span> <span class='ocrx_word' id='word_1_1288' title='bbox 1168 2994 1197 3019; x_wconf 60' lang='lat' dir='ltr'>&amp;a</span> <span class='ocrx_word' id='word_1_1289' title='bbox 1216 2992 1321 3018; x_wconf 72' lang='lat' dir='ltr'>videtur</span> <span class='ocrx_word' id='word_1_1290' title='bbox 1341 2991 1415 3018; x_wconf 68' lang='lat' dir='ltr'>fuiffe</span> <span class='ocrx_word' id='word_1_1291' title='bbox 1436 2994 1451 3018; x_wconf 72' lang='lat' dir='ltr'>:i</span> <span class='ocrx_word' id='word_1_1292' title='bbox 1471 3002 1550 3020; x_wconf 82' lang='lat' dir='ltr'>manu</span> <span class='ocrx_word' id='word_1_1293' title='bbox 1569 2994 1653 3029; x_wconf 79' lang='lat' dir='ltr'>prima</span> <span class='ocrx_word' id='word_1_1294' title='bbox 1672 2995 1698 3020; x_wconf 87' lang='lat' dir='ltr'>iii</span> <span class='ocrx_word' id='word_1_1295' title='bbox 1719 2993 1804 3020; x_wconf 81' lang='lat' dir='ltr'>sexto.</span> <span class='ocrx_word' id='word_1_1296' title='bbox 1823 2996 1850 3020; x_wconf 61' lang='grc' dir='ltr'>δ’.</span> <span class='ocrx_word' id='word_1_1297' title='bbox 1874 3004 1935 3022; x_wconf 72' lang='lat' dir='ltr'>xero</span> <span class='ocrx_word' id='word_1_1298' title='bbox 1952 2999 2063 3021; x_wconf 73' lang='lat' dir='ltr'>&#39;Penucn-</span> 
     </span>
     <span class='ocr_line' id='line_1_141' title="bbox 1099 3027 2062 3067; baseline 0.005 -14"><span class='ocrx_word' id='word_1_1299' title='bbox 1099 3029 1140 3061; x_wconf 70' lang='lat' dir='ltr'>scs</span> <span class='ocrx_word' id='word_1_1300' title='bbox 1152 3029 1197 3054; x_wconf 74' lang='lat' dir='ltr'>lios</span> <span class='ocrx_word' id='word_1_1301' title='bbox 1208 3027 1324 3063; x_wconf 72' lang='lat' dir='ltr'>agnoscit</span> <span class='ocrx_word' id='word_1_1302' title='bbox 1335 3028 1529 3055; x_wconf 85' lang='lat' dir='ltr'>Bruilerianuin</span> <span class='ocrx_word' id='word_1_1303' title='bbox 1541 3039 1644 3065; x_wconf 89' lang='lat' dir='ltr'>quoque</span> <span class='ocrx_word' id='word_1_1304' title='bbox 1655 3030 1792 3066; x_wconf 80' lang='lat' dir='ltr'>exemplar</span> <span class='ocrx_word' id='word_1_1305' title='bbox 1803 3049 1810 3062; x_wconf 86' lang='lat'>,</span> <span class='ocrx_word' id='word_1_1306' title='bbox 1830 3031 1857 3056; x_wconf 78' lang='lat'>&amp;</span> <span class='ocrx_word' id='word_1_1307' title='bbox 1870 3030 1974 3057; x_wconf 73' lang='lat' dir='ltr'>videtur</span> <span class='ocrx_word' id='word_1_1308' title='bbox 1992 3033 2062 3067; x_wconf 65' lang='lat' dir='ltr'>post-</span> 
     </span>
     <span class='ocr_line' id='line_1_142' title="bbox 1109 3062 2059 3101; baseline 0.005 -13"><span class='ocrx_word' id='word_1_1309' title='bbox 1109 3063 1213 3090; x_wconf 86' lang='lat' dir='ltr'>liminio</span> <span class='ocrx_word' id='word_1_1310' title='bbox 1231 3062 1399 3090; x_wconf 81' lang='lat' dir='ltr'>inferendum</span> <span class='ocrx_word' id='word_1_1311' title='bbox 1419 3063 1486 3090; x_wconf 74' lang='lat' dir='ltr'>hisce</span> <span class='ocrx_word' id='word_1_1312' title='bbox 1505 3066 1598 3092; x_wconf 86' lang='lat' dir='ltr'>nostris</span> <span class='ocrx_word' id='word_1_1313' title='bbox 1618 3065 1702 3091; x_wconf 85' lang='lat' dir='ltr'>libris.</span> <span class='ocrx_word' id='word_1_1314' title='bbox 1731 3075 1791 3092; x_wconf 81' lang='lat' dir='ltr'>nain</span> <span class='ocrx_word' id='word_1_1315' title='bbox 1818 3074 1953 3101; x_wconf 84' lang='lat' dir='ltr'>ponuntur</span> <span class='ocrx_word' id='word_1_1316' title='bbox 1979 3066 2059 3093; x_wconf 65' lang='lat' dir='ltr'>iidem</span> 
     </span>
    </p>
   </div>
   <div class='ocr_carea' id='block_1_18' title="bbox 1084 3098 2061 3136">
    <p class='ocr_par' dir='ltr' id='par_1_21' title="bbox 1084 3098 2061 3136">
     <span class='ocr_line' id='line_1_143' title="bbox 1084 3098 2061 3136; baseline 0.003 -12"><span class='ocrx_word' id='word_1_1317' title='bbox 1084 3103 1088 3134; x_wconf 63' lang='grc'>1</span> <span class='ocrx_word' id='word_1_1318' title='bbox 1107 3099 1123 3124; x_wconf 70' lang='lat' dir='ltr'>ii</span> <span class='ocrx_word' id='word_1_1319' title='bbox 1142 3100 1231 3128; x_wconf 83' lang='lat' dir='ltr'>Plinio</span> <span class='ocrx_word' id='word_1_1320' title='bbox 1249 3098 1294 3127; x_wconf 84' lang='lat' dir='ltr'>sub</span> <span class='ocrx_word' id='word_1_1321' title='bbox 1311 3099 1434 3136; x_wconf 76' lang='lat' dir='ltr'>Regione</span> <span class='ocrx_word' id='word_1_1322' title='bbox 1452 3101 1500 3130; x_wconf 78' lang='lat' dir='ltr'>lv.</span> <span class='ocrx_word' id='word_1_1323' title='bbox 1517 3102 1601 3129; x_wconf 73' lang='lat' dir='ltr'>ltaliae</span> <span class='ocrx_word' id='word_1_1324' title='bbox 1613 3120 1622 3133; x_wconf 87' lang='lat'>,</span> <span class='ocrx_word' id='word_1_1325' title='bbox 1641 3101 1683 3128; x_wconf 79' lang='lat' dir='ltr'>sed</span> <span class='ocrx_word' id='word_1_1326' title='bbox 1701 3100 1799 3130; x_wconf 77' lang='lat' dir='ltr'>ibidem</span> <span class='ocrx_word' id='word_1_1327' title='bbox 1818 3100 1937 3130; x_wconf 62' lang='lat' dir='ltr'>ihi-ibitur</span> <span class='ocrx_word' id='word_1_1328' title='bbox 1954 3105 2061 3128; x_wconf 60' lang='lat' dir='ltr'>Pinum-</span> 
     </span>
    </p>
   </div>
   <div class='ocr_carea' id='block_1_19' title="bbox 153 3135 1153 3174">
    <p class='ocr_par' dir='ltr' id='par_1_22' title="bbox 153 3135 1153 3176">
     <span class='ocr_line' id='line_1_144' title="bbox 153 3135 1153 3174; baseline 0.004 -14"><span class='ocrx_word' id='word_1_1329' title='bbox 153 3141 181 3169; x_wconf 84' lang='lat'>3.</span> <span class='ocrx_word' id='word_1_1330' title='bbox 199 3136 238 3160; x_wconf 79' lang='lat' dir='ltr'>An</span> <span class='ocrx_word' id='word_1_1331' title='bbox 256 3135 370 3170; x_wconf 50' lang='lat' dir='ltr'>tenesmis</span> <span class='ocrx_word' id='word_1_1332' title='bbox 382 3153 390 3168; x_wconf 95' lang='lat'>,</span> <span class='ocrx_word' id='word_1_1333' title='bbox 407 3136 486 3170; x_wconf 71' lang='lat' dir='ltr'>qnod,</span> <span class='ocrx_word' id='word_1_1334' title='bbox 511 3136 579 3173; x_wconf 78' lang='lat' dir='ltr'>&amp;c.]</span> <span class='ocrx_word' id='word_1_1335' title='bbox 607 3135 678 3165; x_wconf 62' lang='lat'>1³:211.</span> <span class='ocrx_word' id='word_1_1336' title='bbox 688 3145 738 3174; x_wconf 70' lang='lat' dir='ltr'>pr.</span> <span class='ocrx_word' id='word_1_1337' title='bbox 755 3137 873 3171; x_wconf 67' lang='lat' dir='ltr'>Vefiiinie.</span> <span class='ocrx_word' id='word_1_1338' title='bbox 891 3135 941 3164; x_wconf 78' lang='lat' dir='ltr'>sec.</span> <span class='ocrx_word' id='word_1_1339' title='bbox 959 3136 1069 3165; x_wconf 76' lang='lat' dir='ltr'>Veceiinis</span> <span class='ocrx_word' id='word_1_1340' title='bbox 1085 3136 1087 3152; x_wconf 60' lang='lat'><em>¹</em></span> <span class='ocrx_word' id='word_1_1341' title='bbox 1101 3135 1153 3170; x_wconf 67' lang='lat' dir='ltr'>fis.</span> 
     </span>
    </p>
   </div>
   <div class='ocr_carea' id='block_1_20' title="bbox 450 3195 457 3207">
    <p class='ocr_par' dir='ltr' id='par_1_23' title="bbox 450 3195 457 3207">
     <span class='ocr_line' id='line_1_145' title="bbox 450 3195 457 3207; baseline 0 0"><span class='ocrx_word' id='word_1_1342' title='bbox 450 3195 457 3207; x_wconf 98' lang='grc' dir='ltr'><em>Ι</em></span> 
     </span>
    </p>
   </div>
   <div class='ocr_carea' id='block_1_21' title="bbox 1591 3172 2061 3210">
    <p class='ocr_par' dir='ltr' id='par_1_24' title="bbox 1591 3172 2061 3210">
     <span class='ocr_line' id='line_1_146' title="bbox 1591 3172 2061 3210; baseline -0.002 -12"><span class='ocrx_word' id='word_1_1343' title='bbox 1591 3172 1649 3210; x_wconf 78' lang='lat'>133</span> <span class='ocrx_word' id='word_1_1344' title='bbox 1984 3176 2061 3204; x_wconf 53' lang='grc' dir='ltr'>μετα</span> 
     </span>
    </p>
   </div>
   <div class='ocr_carea' id='block_1_22' title="bbox 1120 1783 2094 1828">
    <p class='ocr_par' dir='ltr' id='par_1_25' title="bbox 1120 1783 2094 1828">
     <span class='ocr_line' id='line_1_147' title="bbox 1120 1783 2094 1828; baseline 0.002 -13"><span class='ocrx_word' id='word_1_1345' title='bbox 1120 1788 1214 1816; x_wconf 87' lang='lat' dir='ltr'>oratio</span> <span class='ocrx_word' id='word_1_1346' title='bbox 1223 1785 1376 1816; x_wconf 89' lang='lat' dir='ltr'>videbitur</span> <span class='ocrx_word' id='word_1_1347' title='bbox 1384 1783 1442 1815; x_wconf 80' lang='lat' dir='ltr'>effe</span> <span class='ocrx_word' id='word_1_1348' title='bbox 1454 1807 1462 1819; x_wconf 87' lang='lat'>,</span> <span class='ocrx_word' id='word_1_1349' title='bbox 1482 1795 1532 1816; x_wconf 84' lang='lat' dir='ltr'>aut</span> <span class='ocrx_word' id='word_1_1350' title='bbox 1539 1785 1656 1816; x_wconf 89' lang='lat' dir='ltr'>artificii</span> <span class='ocrx_word' id='word_1_1351' title='bbox 1667 1785 1850 1825; x_wconf 65' lang='lat' dir='ltr'>significandi</span> <span class='ocrx_word' id='word_1_1352' title='bbox 1863 1808 1871 1821; x_wconf 85' lang='lat'><strong>,</strong></span> <span class='ocrx_word' id='word_1_1353' title='bbox 1891 1796 1941 1817; x_wconf 85' lang='lat' dir='ltr'>aut</span> <span class='ocrx_word' id='word_1_1354' title='bbox 1958 1789 2075 1828; x_wconf 84' lang='lat' dir='ltr'>ingenii</span> <span class='ocrx_word' id='word_1_1355' title='bbox 2089 1800 2094 1803; x_wconf 95' lang='lat'>·</span> 
     </span>
    </p>
   </div>
   <div class='ocr_carea' id='block_1_23' title="bbox 2110 211 2157 244">
    <p class='ocr_par' dir='ltr' id='par_1_26' title="bbox 2110 211 2157 244">
     <span class='ocr_line' id='line_1_148' title="bbox 2110 211 2157 244; baseline 0 0"><span class='ocrx_word' id='word_1_1356' title='bbox 2110 211 2157 244; x_wconf 85' lang='lat'>29</span> 
     </span>
    </p>
   </div>
   <div class='ocr_carea' id='block_1_24' title="bbox 2102 1287 2145 1320">
    <p class='ocr_par' dir='ltr' id='par_1_27' title="bbox 2102 1287 2145 1320">
     <span class='ocr_line' id='line_1_149' title="bbox 2102 1287 2145 1320; baseline 0 -8"><span class='ocrx_word' id='word_1_1357' title='bbox 2102 1287 2145 1320; x_wconf 68' lang='grc' dir='ltr'>ΞΟ</span> 
     </span>
    </p>
   </div>
  </div>
 </body>
</html>
