2379 3400
225 122 344 171 ,ηε
627 106 1126 159 M.Ttrr.r.11

1207 101 1753 150 creationis

222 201 255 232 δε
268 196 416 236 regressus,
428 190 614 233 reliquosque
626 197 725 219 motus
735 182 964 217 constanteis,&
975 189 1061 212 ratos·
1074 176 1166 220 Qod
1204 180 1240 213 &-
1255 180 1370 222 gignere
1380 199 1389 214 ,
1409 178 1550 221 quodque
1561 179 1594 210 in
1606 181 1747 220 operibus
1756 182 1924 215 nostrarum
1934 182 2041 215 artium
2053 188 2165 216 manu}

298 228 304 239 t

223 254 259 273 ου
279 239 317 271 est
329 236 529 269 admirabilius
542 234 572 261 iu
585 233 631 260 his
642 229 731 260 stellis
740 247 749 261 ‚
769 236 841 268 quas
853 227 982 256 dicimus
993 243 1001 257 ,
1023 223 1166 262 quiatum

223 283 407 313 occultantur
421 297 428 309 ,
450 285 513 305 tum
539 273 637 303 rursus
656 272 843 310 aperiuntur,
863 276 930 297 tum
953 265 1083 296 abeunt,
1101 271 1168 292 tum

225 322 382 353 recedunt,
405 326 467 347 tum
486 313 682 345 antecedunt,
704 320 768 341 tum
788 309 1026 348 subsequuntur,
1045 311 1171 335 tumce-

224 365 311 394 lellus
325 367 482 390 moventur
493 376 501 389 ,
522 365 585 385 turn
597 354 706 384 tardius
716 372 724 385 ,
745 361 808 381 turri
820 352 952 380 omnino
964 357 1000 378 ne
1012 354 1172 376 moventur

225 404 366 444 quidem,
389 400 435 430 sed
455 398 489 428 ad
509 395 659 437 quoddam
681 402 799 432 tempus
816 390 963 422 insistunt.
986 391 1123 427 Quarum
1135 395 1173 416 ex

225 444 388 484 disparibus
397 438 584 470 motionibus
595 446 730 476 magnum
739 444 845 463 armum
856 432 1059 463 mathematici
1070 430 1174 459 nomi-

225 493 368 516 naverunt
380 503 387 515 ,
408 489 534 523 quitum
544 477 672 509 efficitur
687 497 695 509 ,
705 476 774 507 cum
789 477 859 506 solis
870 495 878 508 ‚
895 474 928 504 δε
938 474 1027 506 lunae,
1040 473 1073 502 &
1083 472 1176 514 quin-

248 538 282 556 ue
303 526 464 555 errantium
485 521 519 551 ad
537 519 662 550 candem
674 521 752 548 inter
762 518 789 548 se
799 517 1057 556 comparationem
1068 515 1175 544 conie-

225 538 282 598 gtis
300 568 439 597 omnium
461 564 556 603 spatiis
572 560 614 591 est
625 559 700 590 faeta
711 557 875 590 conversio.
899 560 971 595 Quae
982 555 1076 628 fquarn
1087 555 1176 594 longa

228 612 273 641 iit.
286 605 519 649 magnaqucestio
529 602 570 633 est
583 614 587 631 ;
599 601 656 632 csse
664 601 736 632 vero
746 610 853 631 certum
870 620 878 632 ,
899 599 931 629 δε
943 598 978 629 de
1005 599 1110 630 uitam,
1123 605 1178 625 ne-

226 651 301 683 ccsse
321 649 373 680 est.
398 651 477 678 Nam
496 655 528 675 ca
547 654 613 685 quae
630 641 834 678 Saturnistella
851 641 976 673 dicitur,
997 643 1143 679 casumque
1163 636 1179 665 31

229 696 266 723 Gi
275 695 340 723 aecis
352 697 523 721 nominatur
533 707 540 719 ,
566 695 631 726 quae
640 686 655 715 a
666 694 740 716 terra
749 683 828 714 abest
837 683 1016 723 plurimum,
1028 690 1105 711 xxx.
1116 678 1177 708 scre

229 744 315 765 arinis
336 732 454 761 cursum
465 730 550 759 suum
561 725 694 758 conficit.
717 728 749 756 in
759 736 821 767 quo
830 724 915 755 cursu
926 724 1021 753 multa
1033 721 1181 751 mirabili-

231 786 272 807 ter
292 775 422 804 efficiens
435 792 442 804 ,
465 780 530 800 tum
550 768 774 801 antecedendo,
794 777 860 797 tum
870 764 1042 796 retardando
1057 782 1066 797 ,
1092 766 1100 782 ¹
1114 771 1179 792 tum

229 816 403 856 vespertinis
423 812 608 851 temporibus
625 809 825 840 delitescendo
838 829 847 842 ‚
867 817 931 838 tum
944 807 1100 837 matutinis
1115 813 1183 834 rur-

230 861 294 890 sum
318 858 343 887 se
363 855 545 896 aperiendo,
567 852 645 882 nihil
655 853 797 881 immutat
807 851 996 889 sempiternis
1005 847 1179 877 saeculorum

230 900 381 931 natibus,
400 899 475 937 quin
491 895 594 925 eadem
614 893 724 924 iisdem
743 892 930 932 temporibus
949 889 1066 920 efficiat.
1099 886 1181 917 Infra

228 951 329 972 autem
348 942 423 970 hanc
441 939 564 978 propius
582 936 597 966 a
617 944 691 966 terra
709 933 873 973 Jovzsstella
883 932 976 963 fertur
989 951 997 966 ,
1019 940 1084 971 quae
1095 930 1182 963 φαέθων

230 984 338 1014 dicitur
355 992 361 1010 z
381 989 473 1020 caque
492 978 624 1008 eundem
647 986 712 1007 xri.
737 974 887 1017 signorum
899 974 1005 1004 orbem
1014 974 1102 1002 annis
1111 981 1181 1002 xri.

229 1023 370 1057 conficit,
389 1020 564 1061 easdemque
576 1039 584 1052 ,
599 1027 669 1059 quas
687 1019 803 1048 Saturni
823 1016 905 1047 stella
920 1036 930 1050 ,
952 1013 1045 1045 efficit
1057 1016 1088 1044 in
1099 1013 1185 1043 cursu

229 1068 391 1097 varietates.
405 1065 484 1093 Huic
495 1070 592 1093 autem
605 1061 782 1100 proximum
794 1058 973 1089 inferiorem
986 1057 1093 1086 orbem
1105 1064 1185 1085 tenet

230 1110 326 1141 mpetu,
338 1103 483 1147 quaesteHa
494 1105 608 1133 dilarru
617 1101 789 1141 appellatur:
798 1110 889 1141 eaque
903 1109 976 1129 1111.
989 1099 1021 1128 &
1030 1107 1087 1128 xx.
1099 1105 1187 1126 men-

233 1149 324 1182 sibus,
335 1159 382 1178 vi.
397 1156 427 1176 ut
438 1147 548 1185 opinor
557 1143 663 1174 diebus
674 1141 778 1173 minus
789 1162 797 1177 ,
812 1141 943 1172 eundem
956 1139 1057 1170 lustrat
1067 1138 1182 1171 orbem,

232 1202 323 1232 quem
340 1190 406 1220 duae
417 1188 592 1227 superiores.
615 1184 694 1215 infra
704 1186 778 1215 banc
787 1181 968 1218 autemstella
980 1181 1120 1212 Mercurii
1132 1178 1183 1209 est.

232 1244 266 1264 ea
276 1236 364 1263 είλὸων
374 1228 561 1270 appellatura
572 1229 698 1257 Gi'aecis:
711 1235 777 1267 quae
786 1235 867 1256 anno
878 1224 941 1254 fere
954 1232 1087 1254 vertente
1097 1220 1187 1262 signi-

232 1274 332 1305 ferum
343 1272 442 1303 lustrat
454 1270 560 1301 orbem
573 1289 583 1303 ‚
604 1278 701 1310 neque
712 1268 728 1298 a
739 1268 798 1298 sole
808 1266 931 1307 longius
942 1274 1086 1305 umquam
1097 1264 1186 1293 unius

234 1316 307 1356 signi
319 1313 480 1345 intervallo
490 1311 624 1344 discedit,
637 1319 701 1340 turn
711 1317 910 1342 antevertens,
920 1316 985 1337 turn
997 1305 1186 1346 subsequens.

236 1357 348 1388 Infima
366 1355 409 1386 est
427 1356 560 1396 quinque
583 1352 745 1382 errantium
764 1359 904 1391 terraeque
926 1349 1067 1389 proxima
1087 1367 1095 1380 ,
1109 1345 1190 1383 stella

237 1399 348 1428 ‘Ueneris
357 1418 365 1432 ,
378 1407 443 1438 qua:
453 1400 587 1429 offioeop&
597 1393 699 1424 Graece
712 1413 720 1426 ,
733 1391 849 1431 Lucifer
861 1390 967 1422 Latine
978 1390 1105 1423 dicitur,
1115 1388 1188 1419 curn

234 1440 436 1482 antegreditur
446 1438 540 1469 solem
551 1447 557 1466 t
568 1445 639 1467 cum
650 1435 837 1475 subsequitur
847 1442 947 1464 autem
959 1451 968 1466 ‚
990 1431 1124 1471 Hesperos.
1149 1433 1191 1460 Ea

235 1483 355 1513 cursum
374 1490 454 1510 anno
470 1477 594 1511 conficit
618 1497 627 1511 ‚
655 1477 688 1507 &
705 1475 895 1507 latitudinem
916 1473 1041 1504 lustrans
1062 1471 1192 1513 figniferi

237 1524 322 1554 orbis
334 1542 343 1557 ,
356 1520 622 1563 &longitudinem
634 1529 640 1549 :
651 1517 732 1559 quod
742 1517 824 1547 idem
835 1516 947 1547 faciunt
957 1514 1047 1546 stellae
1061 1514 1193 1554 superio-

238 1574 304 1596 res:
323 1572 420 1604 neque
442 1571 586 1602 umquam
605 1560 642 1591 ab
660 1560 722 1590 sole
733 1559 864 1590 duorum
873 1555 1194 1598 fignorumintervallo

178 1612 218 1638 21
242 1604 363 1647 longius
373 1603 506 1637 discedit,
517 1611 582 1633 tum
593 1600 791 1633 antecedens,
816 1608 880 1629 tum
893 1599 1082 1638 subsequens.
1106 1598 1194 1626 Hanc

241 1649 332 1689 igitur
341 1649 373 1676 in
387 1644 479 1676 stellis
487 1642 684 1675 constantiam
700 1661 710 1675 ,
721 1642 797 1672 hanc
809 1649 920 1671 tantam
931 1649 990 1670 tam
1002 1639 1090 1669 variis
1103 1635 1194 1668 cursi-

240 1690 297 1720 bus
316 1691 347 1718 in
364 1688 453 1717 omni
469 1687 631 1716 aeternitate
652 1684 895 1714 convenientiam
917 1690 1108 1720 temporum,
1129 1689 1194 1709 non

241 1728 360 1771 poss'um
373 1728 538 1767 intelligere
549 1724 608 1755 fine
621 1733 728 1758 mente,
748 1725 873 1756 rarione,
895 1722 1012 1763 consilio.
1035 1724 1108 1759 Quae
1121 1719 1192 1751 cum

239 1775 275 1803 in
296 1769 435 1801 sideribus
457 1766 549 1798 ineffe
564 1767 721 1797 videamus
732 1785 740 1799 ‚
759 1775 822 1795 non
840 1763 996 1804 poss'umus
1012 1763 1117 1802 eaipsa
1128 1771 1193 1792 non

241 1817 254 1833 ·-“
278 1816 309 1842 in
332 1812 457 1842 deorum
473 1818 600 1839 numero
611 1817 764 1848 reponere.
788 1809 854 1836 Nec
863 1804 934 1836 vero
947 1804 1036 1835 stellae
1047 1814 1088 1834 eae
1099 1823 1107 1836 ‚
1126 1812 1193 1844 quae

240 1857 403 1886 inerrantes
413 1860 556 1882 vocantur
565 1869 574 1883 ,
586 1859 649 1880 non
658 1847 823 1890 significant
837 1846 961 1877 eandem
975 1854 1110 1876 mentem
1123 1864 1131 1879 ,
1150 1853 1194 1874 at-

265 1906 301 1926 uc
310 1894 497 1936 prudentiam
511 1900 652 1932 :quarum
662 1889 706 1920 est
714 1888 899 1930 quotidiana,
909 1888 1110 1919 conveniens,
1121 1895 1197 1916 con-

240 1907 378 1979 aansque
394 1932 549 1966 conversio
567 1944 573 1962 :
596 1942 651 1963 nec
667 1931 777 1962 haberit
794 1931 938 1962 aethereos
956 1929 1056 1959 cursus
1067 1948 1075 1963 ,
1099 1937 1196 1969 neque

242 1980 322 2010 ‹oeio
333 1978 557 2009 inhaerentes‚ut
565 1974 698 2015 plerique
706 1973 813 2003 dicunt
822 1970 947 2012 physicae
957 1972 1082 2002 rationis
1092 1970 1196 2012 ignari.

245 2031 308 2051 non
325 2019 368 2050 est
385 2021 468 2049 enim
478 2019 593 2048 aetheris
603 2025 636 2046 ea
647 2024 747 2046 natura
758 2035 766 2049 ,
787 2023 819 2044 ut
828 2015 860 2044 vi
872 2014 920 2044 sua
930 2012 1026 2044 stellas
1035 2012 1198 2052 complexa

244 2070 447 2103 contorqueat.
470 2069 543 2090 nam·
559 2060 656 2089 tenuis
666 2077 674 2091 ,
698 2067 730 2087 ac
740 2057 896 2097 perlucens
905 2055 938 2086 δε
950 2054 1089 2096 aequabili
1099 2054 1196 2084 calore

245 2103 372 2136 suffusus
380 2103 471 2133 aether
481 2121 489 2135 ,
512 2111 575 2131 non
586 2100 651 2131 satis
659 2108 741 2138 aptus
752 2099 786 2128 ad
799 2097 896 2128 stellas
904 2096 1102 2127 continendas
1113 2095 1198 2126 vide-

245 2155 301 2177 tur.
323 2144 442 2175 Habent
452 2145 539 2184 igitur
548 2143 626 2173 suam
638 2142 779 2181 sphaeram
791 2139 881 2170 stellae
891 2141 1052 2169 inerrantes
1061 2138 1096 2168 ab
1107 2138 1199 2168 aethe-

246 2197 295 2218 rea
312 2185 529 2226 conjunffione
538 2184 688 2216 secretam,
699 2182 732 2213 &
742 2182 875 2212 liberam.
899 2183 1009 2212 Earum
1021 2188 1121 2210 autem
1132 2189 1200 2219 per-

247 2238 353 2259 emncs
371 2228 490 2260 cursuS,
507 2235 594 2266 atque
603 2226 754 2266 perpetui,
774 2234 845 2254 cum
865 2222 1054 2256 admirabili,
1070 2221 1200 2251 incredi-

250 2271 365 2311 bilique
383 2267 554 2305 constantia,
576 2267 721 2297 declarant
739 2268 772 2296 in
790 2267 838 2296 his
848 2267 930 2298 vim,
951 2264 1130 2294 &mentem
1142 2261 1200 2293 effe

248 2313 398 2342 divmam:
419 2320 462 2344 ut,
474 2312 537 2340 haec
548 2309 608 2349 ipsa
615 2318 667 2349 qui
680 2317 742 2338 non
754 2307 857 2337 sentiat
868 2307 994 2337 deorum
1006 2307 1070 2336 vim
1081 2305 1199 2338 habere,

247 2356 275 2384 is
286 2353 504 2383 nihilomnino
515 2351 649 2382 sensurus
659 2348 717 2379 esse
728 2349 967 2379 videaturNulla
977 2349 1067 2388 igitur
1080 2349 1112 2376 in
1122 2346 1201 2377 coelo

249 2405 305 2426 nec
308 2395 428 2433 fortuna
442 2414 450 2428 ,
472 2403 525 2424 nec
536 2399 676 2422 temeritas
689 2410 697 2425 ,
719 2401 774 2421 nec
784 2390 884 2420 erratio
895 2409 903 2423 ‚
924 2399 978 2420 nec
987 2389 1104 2418 vanitas
1113 2387 1201 2418 inest:

248 2446 406 2477 contraque
417 2437 518 2466 omnis
526 2435 597 2467 ordo,
610 2441 726 2467 veritos,
737 2434 819 2466 ratio,
837 2430 999 2468 constantia.
1020 2439 1145 2471 quaeque
1155 2431 1202 2460 his

249 2488 372 2512 vacant,
389 2486 550 2510 ementita,
574 2477 606 2507 &
624 2475 693 2506 falsa
705 2494 713 2508 ,
732 2474 876 2514 plenaque
887 2475 994 2503 erroris
1007 2473 1201 2502 euntcircum

252 2528 337 2550 terras
350 2539 358 2552 ,
383 2519 458 2550 infra
469 2520 570 2548 lunam
584 2527 664 2558 :quae
674 2518 815 2550 omnium
828 2516 934 2545 ultima
944 2513 987 2545 est
998 2533 1006 2547 ‚
1019 2515 1051 2543 in
1063 2513 1203 2553 terrisque

251 2561 388 2591 versatur.
412 2559 572 2591 coelestem
591 2569 660 2599 ergo
681 2557 887 2588 admirabilem
900 2556 1038 2586 ordinem
1055 2554 1203 2589 ,incredi-

251 2602 403 2643 bilemque
417 2601 613 2632 constantiam
626 2620 634 2634 ,
658 2609 695 2630 cx
707 2609 764 2641 qua
773 2599 959 2630 conservatio
969 2617 978 2631 ,
1001 2597 1034 2627 &
1046 2597 1122 2627 salus
1131 2605 1204 2626 om-

254 2653 342 2674 niurn
353 2646 455 2673 omnis
464 2645 559 2673 oritur
569 2662 577 2676 ,
589 2643 642 2684 qui
653 2651 755 2672 vacare
768 2650 870 2671 mente
879 2647 971 2680 putat,
982 2641 1008 2669 is
1019 2639 1081 2679 ipse
1090 2640 1204 2669 mentis

253 2694 357 2723 expers
368 2685 520 2715 habendus
531 2683 582 2714 est.
607 2683 695 2714 Haud
706 2693 776 2724 ergo
786 2703 795 2716 ‚
817 2692 850 2713 ut
861 2684 970 2722 opinor
982 2700 990 2715 ,
1012 2690 1147 2711 erravero
1158 2699 1166 2714 ,
1183 2678 1204 2709 fi

255 2724 412 2770 aprincipe
422 2725 631 2766 investigandae
642 2726 772 2755 veritatis
784 2745 793 2759 ,
804 2724 892 2763 hujus
901 2723 1109 2763 disputationis
1119 2723 1205 2762 priri-

197 2774 240 2798 22
257 2775 367 2804 ciprum
387 2767 508 2797 duxero.
533 2770 618 2797 Zeno
637 2768 725 2806 igitur
743 2769 784 2796 ita
801 2773 934 2795 naturam
953 2763 1078 2798 definit,
1095 2773 1202 2795 uteam

247 2796 332 2836 ⁸dicat
344 2827 351 2839 ,
371 2810 470 2847 ignem
492 2807 547 2838 effe
563 2806 755 2837 artificiosum
765 2808 800 2837 ad
815 2807 1000 2857 gignendum
1011 2804 1203 2847 progredien-

256 2856 318 2878 tem
341 2850 396 2878 via.
419 2849 606 2879 censetenim
617 2850 685 2880 artis
696 2851 831 2881 maxime
842 2850 997 2889 proprium
1006 2846 1082 2883 effe,
1103 2857 1203 2882 creare,

273 2958 370 2966 ..w-*m
373 2959 438 2963 --

1206 220 1314 252 cfficiat
1328 241 1337 255 ‚
1359 222 1388 252 id
1400 222 1497 251 multo
1506 220 1691 252 artificiosius
1702 233 1836 261 naturam
1846 224 1963 256 efficere
1973 246 1982 260 ,
2003 226 2032 256 id
2044 225 2085 256 est
2099 246 2108 259 .
2129 234 2165 256 ut

1205 264 1271 294 dixi
1286 283 1294 297 ,
1306 264 1408 304 ignem
1420 261 1617 293 artificiosum
1629 282 1638 298 ,
1658 263 1836 306 magistrum
1846 269 1954 298 artium
1966 268 2162 308 reliquarum.

1206 309 1304 346 Atque
1324 308 1377 335 hac
1394 304 1519 346 quidem
1538 307 1654 335 ratione
1672 308 1776 336 omnis
1793 317 1913 343 natura,
1930 309 2087 340 artificiosa
2108 307 2163 341 est·

1207 347 1289 388 quod
1302 346 1388 376 habet
1397 344 1476 387 quasi
1485 355 1564 376 viam
1575 346 1726 387 quandam
1741 367 1750 382 ‚
1770 348 1803 379 δε
1814 348 1920 380 [στέξαι-η
1933 370 1942 384 ‚
1962 360 2052 392 quam
2066 351 2168 391 sequa-

1208 398 1265 419 tur.
1288 386 1381 428 Ipsius
1391 386 1463 418 verb
1478 388 1587 418 mundi
1597 407 1606 422 ,
1620 389 1673 429 qui
1683 393 1791 421 omnia
1799 390 1962 429 complexu
1974 392 2026 422 suo
2035 393 2165 424 co'e'rcer.

1211 431 1245 461 &
1262 431 1400 461 continet
1410 449 1420 464 ,
1438 438 1541 459 natura
1554 439 1618 460 non
1627 427 1787 462 artificiost
1798 430 1895 462 solum
1908 451 1917 466 ,
1937 432 1986 463 sed
1998 433 2084 473 plane
2092 433 2171 462 arti.-

1202 473 1254 512 fcx
1264 472 1300 502 ab
1309 471 1418 502 eodem
1429 472 1554 501 Zenone
1566 471 1676 512 dicitur
1687 492 1697 506 ‚
1721 473 1894 503 consultrix
1903 492 1911 506 2
1930 472 1962 503 δε
1973 474 2097 514 provida
2108 476 2171 504 uti-

1208 515 1337 547 litatum,
1348 514 1669 554 opportunitatumque
1676 518 1831 545 omniurn.
1855 517 1952 556 Atque
1961 523 1994 544 ut
2001 525 2103 547 ceterae
2117 525 2171 546 nam

1212 565 1284 586 tuiae
1305 555 1364 585 suis
1383 554 1550 585 seminibus
1566 565 1689 596 quaeque
1698 557 1863 597 gignuntur
1874 576 1882 590 ,
1900 556 2077 597 augescunt,
2094 567 2170 588 con-

1214 600 1366 628 tinentur:
1388 594 1425 626 fic
1446 604 1549 626 natura
1567 596 1676 627 mundi
1695 600 1816 628 omneis
1825 606 1926 628 motus
1935 598 2022 628 habet
2030 599 2171 630 volunta·

1215 641 1288 672 rios,
1299 638 1492 678 conatusque,
1505 637 1538 667 &
1547 640 1744 678 appetitiones
1758 660 1767 673 ,
1779 649 1851 680 quas
1862 641 1934 674 ὁρμὶς
1943 640 2039 670 Graeci
2048 648 2169 672 vocant.

1217 681 1249 711 &
1260 682 1305 710 his
1315 681 1528 711 consentaneas
1538 679 1671 710 actiones
1682 679 1720 711 sic
1729 681 1849 712 adhibet
1861 701 1870 715 ,
1881 689 1913 711 ut
1923 681 1983 711 nos
1980 678 2106 721 metipsi,
2117 682 2174 721 qui.

1216 723 1327 752 animis
1346 731 1528 756 movemur,
1547 722 1580 752 δε
1604 720 1745 752 sensibus.
1767 724 1852 753 Talis
1862 723 1954 764 igitur
1968 732 2055 753 mens
2065 721 2175 752 mundi

1217 763 1288 795 cum
1303 762 1347 797 fit,
1357 764 1398 794 ob
1410 773 1535 804 eamque
1542 763 1658 794 causam
1676 767 1689 792 3
1704 765 1751 794 vel
1759 764 1908 805 prudentia
1921 785 1929 799 ,
1942 764 1991 794 vel
1995 763 2176 805 providentia

1217 806 1356 846 appellari
1374 804 1453 836 terite
1474 803 1559 845 poffit
1571 826 1579 840 ‚
1598 806 1608 845 (
1621 806 1723 836 Graece
1743 808 1827 837 enim
1851 808 1945 840 πρᾶνοικ
1965 805 2093 845 dicitur)
2113 807 2176 836 haec

1220 845 1405 888 potissimum
1418 847 1554 886 providet
1567 867 1575 881 ,
1600 847 1677 877 &in
1687 848 1734 877 liis
1745 849 1880 879 maxime
1889 846 1933 878 est
1943 857 2082 888 occupata
2092 867 2101 882 ,
2110 848 2175 887 pri-

1221 889 1310 919 mum
1331 898 1363 919 ut
1381 888 1515 919 mundus
1530 890 1622 930 quam
1643 888 1807 929 aptiffimus
1824 888 1858 920 sit
1874 890 1908 920 ad
1923 889 2176 930 permanendum.

1223 930 1333 962 deinde
1351 940 1383 960 ut
1402 931 1485 961 nulla
1503 941 1532 961 re
1543 939 1642 972 egeat,
1665 931 1803 961 maxime
1816 940 1914 962 autem
1927 933 2002 961 utin
2012 941 2048 961 eo
2064 931 2179 961 eximia

1221 972 1416 1014 pulchritudo
1429 970 1462 1002 sit
1473 992 1482 1006 ‚
1502 982 1588 1013 atque
1598 974 1700 1002 omnis
1712 981 1842 1003 ornatus.
1866 972 1994 1003 Dietum
2006 972 2048 1003 est
2062 972 2098 1003 de
2109 974 2180 1002 uni·
2199 967 2240 1002 23

1222 1015 1306 1045 verso
1318 1013 1455 1044 mundo:
1468 1013 1586 1043 dietum
1599 1013 1641 1043 est
1651 1015 1742 1044 etiam
1752 1015 1789 1044 de
1798 1013 1950 1045 sideribus:
1962 1023 1993 1044 ut
2001 1015 2061 1053 jam
2073 1023 2182 1055 prope-

1224 1055 1353 1086 modum
1372 1064 1505 1095 appareat
1523 1054 1690 1085 multitudo
1702 1065 1758 1085 nec
1767 1054 1945 1086 cessantium
1955 1056 2082 1087 deorum
2096 1076 2105 1089 ‚
2125 1065 2192 1089 nec.

1225 1107 1258 1128 ea
1268 1117 1277 1131 ,
1301 1107 1366 1138 quae
1388 1105 1473 1137 agant
1483 1116 1491 1130 ‚
1510 1097 1688 1125 molientium
1705 1107 1770 1125 cum
1780 1094 1871 1126 labore
1879 1097 1980 1138 operosi,
1989 1117 1998 1131 ‚
2022 1108 2056 1127 ac
2064 1095 2182 1133 molesto.

1225 1142 1299 1169 Non
1321 1141 1404 1168 enim
1415 1140 1502 1168 venis
1513 1157 1522 1171 ,
1547 1137 1580 1167 &
1590 1140 1690 1168 nervis
1701 1157 1710 1171 ‚
1731 1138 1764 1168 &
1773 1136 1884 1169 offibus
1892 1141 2086 1169 continentur
2098 1159 2106 1173 ‚
2126 1149 2183 1169 nec

1224 1183 1264 1212 iis
1284 1180 1356 1210 escis
1369 1199 1378 1213 ,
1398 1189 1448 1210 aut
1468 1179 1644 1219 potionibus
1663 1179 1822 1211 vescuntur
1831 1200 1841 1214 ‚
1862 1189 1896 1210 ut
1913 1188 1962 1210 aut
1978 1182 2072 1210 nimis
2089 1189 2181 1213 acres.

1224 1231 1273 1253 aut
1295 1223 1390 1252 nimis
1398 1230 1555 1252 concretos
1565 1221 1712 1252 humores
1722 1222 1866 1262 colligant
1877 1232 1882 1251 :
1897 1231 1952 1253 nec
1963 1223 2002 1252 iis
2009 1222 2185 1262 corporibus

1224 1265 1293 1295 sunt
1306 1283 1315 1297 ,
1339 1272 1373 1294 ut
1393 1272 1443 1294 aut
1464 1263 1544 1293 casus
1555 1283 1566 1296 ,
1588 1272 1639 1293 aut
1657 1262 1734 1293 iaus
1752 1263 1959 1294 extimescant.
1990 1272 2040 1294 aut
2059 1262 2186 1293 morbos

1227 1314 1366 1336 metuant
1381 1314 1422 1335 ex
1441 1304 1651 1346 defatigatione
1660 1305 1881 1337 membrorum.
1906 1307 1980 1346 Qae
1994 1314 2102 1336 verens
2113 1306 2189 1345 Epi-

1226 1357 1314 1379 curus
1337 1356 1556 1388 monogrammos
1575 1346 1648 1377 deos
1667 1366 1677 1381 ,
1698 1347 1732 1378 &
1741 1348 1828 1378 ‘nihil
1844 1357 1859 1378 a
1880 1350 1976 1378 enteis
1992 1353 2188 1382 commentus

1228 1390 1279 1420 est.
1303 1390 1463 1420 Illiautem
1473 1388 1782 1429 pulcherrimaforma
1791 1399 1850 1429 prae
1873 1391 1919 1423 iti,
1933 1387 2143 1430 purissimaque
2152 1388 2187 1418 in

1226 1433 1350 1473 regione
1359 1431 1430 1461 coeli
1440 1430 1594 1464 collocati,
1601 1431 1644 1460 ita
1651 1428 1798 1464 feruntur,
1810 1431 2062 1470 moderanturque
2071 1429 2186 1462 cursus·

1228 1483 1262 1505 ut
1272 1473 1308 1503 ad
1318 1473 1424 1503 omnia
1431 1471 1634 1504 conservanda
1643 1491 1652 1506 ,
1664 1471 1819 1504 &tuenda
1829 1470 2007 1503 consenfiffe
2018 1471 2188 1502 videantur.

1229 1515 1334 1545 multae
1341 1523 1442 1544 autem
1451 1514 1516 1544 aliae
1528 1521 1637 1544 naturae
1648 1512 1774 1544 deorum
1785 1523 1825 1544 ex
1835 1514 1957 1554 magnis
1966 1511 2122 1544 beneficiis
2132 1522 2190 1542 eo·

1231 1566 1298 1586 rum
1318 1564 1382 1585 non
1403 1553 1464 1585 fine
1475 1555 1575 1588 causa,
1598 1554 1631 1584 &
1640 1554 1656 1585 ὲ
1666 1556 1788 1587 Gsaeciae
1796 1555 1977 1596 sapientibus
1988 1574 1997 1589 ‚
2018 1554 2051 1584 ὃς
2065 1554 2080 1585 ὲ
2089 1554 2190 1594 majo-

1230 1598 1311 1628 ribus
1324 1595 1435 1627 nostris
1450 1595 1618 1627 constituta:
1629 1615 1638 1631 ,
1662 1599 1886 1638 nominataeque
1900 1596 1977 1627 sunt.
2002 1598 2188 1637 anogm

1230 1641 1315 1670 enim
1337 1647 1476 1679 magnam
1498 1638 1659 1668 utilitatem
1669 1640 1771 1679 generi
1781 1636 1897 1669 afferret
1907 1639 2042 1668 humano
2051 1657 2060 1671 ‚
2080 1637 2111 1668 id
2122 1646 2188 1668 non

1233 1679 1292 1711 fine
1311 1679 1414 1710 divina
1432 1679 1565 1709 bonitate
1575 1689 1640 1721 erga
1649 1680 1793 1710 homines
1802 1679 1867 1710 fieri
1879 1679 2103 1709 arbitrabantur.
2125 1681 2190 1708 Ita-

1232 1732 1290 1762 que
1308 1730 1372 1751 tum
1383 1719 1459 1750 illud
1471 1739 1481 1754 ‚
1504 1719 1585 1761 quod
1596 1729 1655 1751 erat
1665 1720 1746 1751 adeo
1757 1730 1860 1755 natum
1872 1740 1881 1754 ‚
1901 1721 2029 1750 nomine
2039 1718 2129 1760 ipsius
2139 1719 2189 1750 dei

1232 1761 1459 1802 nuncupabant:
1481 1771 1514 1791 ut
1530 1760 1602 1791 cum
1612 1760 1711 1802 fruges
1726 1764 1845 1792 Cererem
1854 1761 2040 1803 appellamus
2050 1780 2059 1795 ,
2079 1762 2192 1793 vinum

1231 1813 1330 1835 autem
1341 1801 1495 1832 Liberum:
1507 1812 1544 1833 ex
1555 1812 1617 1843 quo
1626 1803 1703 1833 illud
1713 1805 1863 1837 Terentii.

1324 1844 1392 1875 Sine
1412 1846 1501 1873 Cerere
1511 1863 1520 1878 ,
1543 1844 1579 1877 &¹
1599 1843 1699 1877 Libero
1711 1846 1808 1887 friget
1829 1847 1928 1875 Venm'.

1231 1890 1317 1918 Tum
1328 1895 1428 1917 autern
1440 1895 1485 1917 res
1499 1887 1561 1926 ipsa
1574 1906 1583 1920 ,
1606 1888 1639 1917 iri
1648 1896 1706 1928 qua
1715 1889 1762 1918 vis
1770 1887 1848 1918 inest
1859 1888 1956 1928 major
1964 1886 2062 1927 aliqua
2072 1905 2081 1921 ‚
2092 1884 2131 1917 fic
2139 1895 2192 1927 ap-

1231 1929 1356 1970 pellatur
1365 1948 1374 1962 ,
1390 1938 1423 1959 ut
1431 1938 1465 1958 ea
1473 1929 1534 1969 ipsa
1546 1931 1591 1959 vis
1601 1931 1777 1960 nominetur
1786 1929 1860 1960 deus
1872 1949 1881 1963 ,
1904 1938 1938 1959 ut
1947 1929 2024 1958 Fides
2034 1949 2043 1962 ,
2055 1936 2088 1958 ut
2098 1928 2195 1958 Mens.-

1231 1980 1303 2014 quas
1324 1972 1356 2000 in
1367 1970 1517 2010 Capitolio
1534 1970 1681 2001 dedicatas
1701 1972 1842 2003 videmus
1854 1970 1996 2012 proxime
2007 1970 2023 2001 a
2034 1972 2077 2000 M.
2091 1971 2193 2000 AEmi-

1231 2013 1275 2043 lio
1283 2013 1393 2043 Scauro
1403 2031 1411 2046 ,
1430 2012 1502 2042 ante
1517 2021 1618 2043 autem
1638 2012 1675 2043 ab
1685 2014 1782 2044 Atilio
1793 2013 1929 2044 Calatino
1944 2021 2004 2043 erat
2014 2011 2100 2043 Fides
2117 2021 2196 2042 con-

1233 2055 1349 2086 secrata.
1372 2053 1465 2084 Vides
1480 2055 1599 2085 Virtutis
1619 2056 1768 2095 templum
1780 2075 1788 2089 ,
1809 2055 1896 2085 vides
1904 2056 2016 2084 Honoris
2028 2053 2044 2085 a
2055 2055 2098 2083 M.
2112 2055 2195 2084 Mar-

1233 2096 1312 2127 cello
1333 2104 1510 2126 renovatum
1523 2106 1528 2125 z
1549 2096 1632 2137 quod
1650 2098 1756 2128 multis
1766 2097 1834 2128 ante
1843 2098 1930 2127 annis
1937 2105 1998 2127 erat
2008 2095 2089 2126 bello
2099 2095 2194 2135 Ligu-

1236 2137 1311 2169 stico
1328 2137 1344 2168 a
1354 2140 1414 2180 Q.
1427 2138 1568 2168 Maximo
1588 2138 1771 2169 dedicatum.
1793 2137 1876 2180 Qid
1887 2139 1950 2180 Opis
1959 2147 1970 2169 ,²
1989 2137 2064 2178 quid
2073 2136 2196 2167 Salutis?

1234 2179 1308 2222 quid
1326 2179 1494 2209 Concordia?
1513 2178 1688 2210 Libertatis?
1702 2180 1826 2211 Vifforiae
1838 2184 1849 2210 ἓ
1860 2189 1985 2221 quarum
1995 2181 2139 2209 omnium
2149 2187 2199 2208 re-

1236 2231 1305 2252 rum
1318 2223 1388 2262 quia
1400 2223 1446 2251 vis
1454 2230 1513 2253 erat
1524 2231 1614 2256 tanta,
1627 2231 1659 2253 ut
1669 2221 1730 2253 sine
1741 2222 1798 2253 deo'
1809 2224 1869 2264 regi
1882 2232 1945 2253 non
1955 2220 2051 2262 posset
2059 2240 2068 2254 ,
2080 2219 2140 2260 ipsa
2149 2227 2196 2248 res

1236 2263 1363 2294 deorum
1388 2272 1505 2294 nornen
1524 2263 1670 2295 obtinuit.
1700 2267 1771 2306 Qo
1790 2274 1828 2296 ex
1845 2273 1952 2305 genere
1961 2283 1970 2298 ,
1992 2261 2130 2303 Cupidinis
2138 2280 2147 2294 ,
2162 2258 2198 2293 ό·

1240 2304 1394 2347 Voluptatis
1404 2325 1414 2338 .
1437 2305 1470 2335 &
1489 2304 1650 2336 Lubentinae
1661 2308 1764 2336 Veneris
1781 2306 1925 2337 vocabula
1943 2304 2109 2335 consecrata
2119 2301 2196 2335 sunt,

1240 2347 1415 2377 vitiosarum
1426 2357 1524 2377 rerum
1535 2367 1544 2382 ,
1558 2358 1654 2388 neque
1665 2348 1855 2379 naturalium:
1869 2355 2053 2388 quamquam
2063 2343 2199 2383 Vellejus

1239 2389 1323 2420 aliter
1334 2387 1502 2419 existimat:
1517 2389 1564 2419 sed
1575 2399 1676 2419 tamen
1685 2399 1719 2420 ea
1728 2389 1790 2430 ipsa
1797 2389 1871 2419 vitia
1882 2397 2020 2418 naturam
2032 2387 2201 2417 vehemen-

1240 2430 1300 2461 tius
1311 2430 1384 2469 saepe
1394 2430 1524 2470 pulsant.
1542 2431 1718 2461 Utilitatum
1729 2433 1819 2472 igitur
1829 2428 2037 2471 magnitudine
2046 2425 2204 2459 constituti

1241 2472 1310 2502 sunt
1322 2473 1344 2501 ii
1357 2471 1419 2505 dii,
1430 2473 1482 2512 qui
1494 2472 1635 2503 utilitates
1644 2473 1773 2514 quasque
1782 2473 1955 2514 gignebant.
1969 2474 2066 2512 Atque
2076 2470 2122 2499 his
2131 2469 2205 2510 qui-

1241 2513 1312 2545 dein
1323 2514 1502 2544 nominibus
1514 2534 1523 2548 ,
1534 2523 1600 2554 quae
1612 2514 1714 2554 paullo
1724 2515 1793 2545 ante
1803 2512 1883 2545 dicia
1892 2513 1961 2544 sunt
1970 2512 1986 2543 a
1996 2522 2045 2542 me
2057 2531 2066 2546 ,
2077 2520 2144 2552 quae
2154 2509 2201 2540 vis

1242 2607 1317 2627 num
1329 2617 1337 2631 ,
1357 2597 1607 2638 consuetudoque
1623 2600 1819 2632 communis,
1842 2606 1876 2628 ut
1893 2595 2029 2636 beneficiis
2041 2593 2202 2625 excellenter}

1240 2639 1315 2668 viros
1324 2639 1354 2667 in
1372 2637 1555 2678 calumfama
1573 2659 1582 2673 ‚
1601 2649 1635 2669 ac
1644 2639 1791 2669 voluntate
1801 2639 1932 2670 tollerent.
1956 2639 2038 2668 Hinc
2047 2633 2204 2668 Hercules,

1240 2681 1311 2711 hinc
1321 2679 1433 2714 Castor,
1445 2681 1478 2711 &
1490 2681 1611 2716 Polluit,
1624 2683 1696 2712 hinc
1703 2681 1900 2722 AEsculapius‚
1915 2681 1988 2711 binc
1996 2678 2087 2709 Liber
2096 2677 2199 2706 etiam:

1240 2723 1322 2753 hunc
1332 2722 1401 2752 dico
1412 2722 1558 2753 Liberum
1578 2723 1695 2754 Semele
1714 2733 1818 2755 natum
1831 2742 1841 2757 ,
1862 2732 1925 2753 nori
1936 2729 2006 2751 eum
2016 2739 2025 2753 ,
2042 2726 2134 2759 quem
2144 2726 2203 2747 no-

1240 2763 1291 2794 stri
1301 2764 1428 2804 majores
1447 2763 1587 2806 auguste,
1611 2763 1769 2806 san&eque
1781 2764 1924 2796 Liberum
1942 2771 2012 2792 cum
2025 2762 2129 2791 Cerere
2140 2778 2147 2792 ‚
2168 2759 2203 2791 ὃ(

1240 2805 1350 2837 Libera
1361 2806 1606 2838 consecraverunt
1618 2817 1624 2836 ε
1648 2807 1731 2849 quod
1743 2807 1829 2848 <pale
1839 2803 1872 2835 fit
1881 2825 1891 2839 ,
1903 2813 1941 2835 ex
1951 2801 2102 2842 mysteriis
2115 2801 2206 2831 intel-

1239 2848 1294 2891 ligi
1315 2846 1422 2888 potest·
1444 2847 1502 2880 sed
1519 2847 1604 2890 quod
1622 2857 1662 2880 ex
1683 2849 1773 2881 nobis
1794 2855 1881 2880 natos
1900 2845 1998 2876 liberos
2007 2842 2204 2915 appel'lgmusg

2088 2895 2100 2914 i
2122 2893 2180 2914 circ

296 3005 320 3023 ι.
339 2997 474 3030 Vesper-titiis
492 3000 628 3030 temporibus·
638 3001 804 3036 delitiscendo]
825 3003 890 3028 Non
909 3001 986 3037 potii'i
1005 3001 1144 3042 negligere
1154 3001 1202 3028 Vi·
1244 3000 1360 3027 alterum
1371 3000 1449 3027 restat
1459 3000 1486 3026 in
1497 2988 1725 3026 Pau.&w0uw.

251 3031 404 3061 &orimum
413 3032 480 3072 istu}
493 3051 502 3063 .
521 3033 591 3075 quod
609 3036 722 3064 exstaret
736 3037 838 3065 iteruin
850 3038 880 3064 P.
892 3046 940 3064 nec
951 3047 1004 3064 non
1015 3046 1041 3064 in
1053 3038 1111 3063 Pal.
1122 3046 1164 3073 pr.
1175 3037 1203 3062 Sc

252 3068 305 3096 sec.
315 3077 364 3103 pro
373 3076 426 3104 quo
433 3067 479 3094 ain
489 3068 642 3101 delnoscendo.

291 3112 319 3130 2.
337 3107 366 3131 Iu
374 3106 473 3131 onnon
481 3113 574 3130 numero
584 3106 712 3139 reponere]
734 3106 893 3134 Gulielmius
904 3115 1014 3135 annotat
1023 3093 1128 3135 laudari
1135 3107 1168 3134 hu
1174 3117 1205 3134 nc

1283 3044 1309 3072 3.
1330 3035 1503 3068 Velprudenria
1513 3052 1522 3064 ‚
1540 3035 1584 3059 vt!
1594 3031 1782 3066 prouidentia]
1803 3033 1871 3060 Tres
1892 3041 1968 3062 voees
1987 3031 2088 3069 priores
2108 3018 2204 3057 reduxi

1246 3071 1314 3112 quali
1326 3076 1340 3098 e
1353 3070 1480 3106 sepulcro,
1488 3068 1560 3110 ssiasu
1571 3068 1752 3109 Palatinarum
1765 3067 1900 3110 codicum;
1912 3076 1986 3096 tarino
1996 3067 2103 3110 quidem
2114 3075 2206 3102 prom-

1246 3116 1316 3148 ptius
1328 3106 1399 3143 quod
1409 3114 1451 3132 eas
1461 3104 1518 3131 orbi
1533 3103 1691 3131 exhibuerat
1702 3104 1816 3132 vietorn
1827 3105 1911 3134 editio
1921 3123 1931 3139 ,
1950 3103 1995 3137 sed
2002 3112 2103 3138 uenum
2113 3101 2207 3138 negle-

253 3139 519 3169 tocumibaetmu'o
530 3139 577 3167 lib.
591 3148 632 3168 ιι.
651 3149 707 3176 cap.
722 3149 749 3175 5.
769 3142 874 3179 legique
885 3143 1084 3180 ibidcmponerc.
1110 3146 1204 3172 verum
1246 3151 1290 3172 xit
1299 3141 1450 3176 Manutius,
1461 3142 1572 3176 Brutus,
1584 3140 1742 3176 Lambinus,
1752 3141 1809 3170 alii.

2108 3163 2210 3209 κριοὶ

1242 2553 1316 2585 sitin
1334 2565 1456 2596 quoque
1474 2555 1635 2586 declaratur
1652 2555 1721 2586 deo.
1742 2556 1877 2597 Suscepit
1893 2564 1993 2586 aurem
2014 2554 2076 2584 vita
2097 2552 2202 2582 homi·
2222 2564 2266 2597 24
