2379 3400
255 96 377 158 128*ss
670 100 1173 151 M.Tut.t.11

251 198 285 219 nt
300 189 390 229 qufzm
411 185 613 226 plurimorum
633 184 729 212 aureis
746 182 866 220 optimo
882 181 1022 211 sermone
1034 179 1209 219 complean-

193 228 232 261 ¹3
254 240 311 260 tur.
331 234 491 267 Sequitur.
511 235 542 254 υτ
560 225 596 254 de
618 234 724 252 mmor-c
752 222 915 252 dicendum
934 220 984 252 sit:
1003 223 1052 251 cui
1073 221 1210 251 maxime

254 270 442 301 serviendum
462 266 514 296 est.
538 266 585 295 sed
608 276 673 305 quae
691 264 770 295 dieta
790 264 854 294 sunt
873 265 961 294 omni
982 264 1125 302 superiori
1144 273 1210 293 ora-

254 320 336 341 tione
347 330 354 341 ,
370 309 473 339 eadem
485 308 520 337 ad
536 307 749 337 celebrandurn
768 315 923 336 rumorem
944 305 1048 335 valent
1062 325 1070 338 ‚
1089 304 1210 335 dicendi
1228 306 1230 309 ⁴

252 351 326 381 laus.
339 350 432 380 studia
440 350 672 388 publicanorum
686 368 693 382 ‚
707 349 738 378 &
748 347 891 388 equestris
902 348 1030 379 ordinm,
1043 348 1206 376 hominum

252 393 407 422 nobilium
419 392 557 421 voluntas
569 410 577 423 ‚
598 390 889 420 adolescentulorum
900 388 1078 429 frequentia,
1090 398 1208 420 eorum,
1229 388 1230 410 l

249 436 302 474 qui
314 434 363 463 abs
374 443 401 462 te
414 431 527 462 defensi
539 432 617 465 sunt,
627 430 775 461 affiduitas
787 451 795 465 ‚
809 441 846 461 ex
859 432 1034 469 municipiis
1044 429 1210 460 multitudo

251 485 357 506 eorum
371 494 379 506 ‚
399 484 478 515 quos
499 484 547 504 tua
566 474 649 503 causa
660 471 772 503 veniffe
785 482 930 512 appareat.
955 476 963 491 ¹
978 472 1052 501 bene
1067 481 1097 501 ut
1110 473 1209 501 homi·
1229 475 1230 480 ¹

251 526 306 546 nes
318 514 400 546 noss'e
411 536 420 549 ,
442 519 572 546 comiter
582 525 616 554 ap
623 516 732 555 pellare
744 535 752 548 ‚
765 513 876 544 assidue
886 524 917 544 ac
928 513 1085 554 diligenter
1099 523 1208 553 petere,

249 557 420 599 benignum
429 568 462 588 ac
478 559 632 587 liberalem
647 555 703 586 effe
716 577 724 590 ,
737 557 898 597 loquantur
908 556 939 586 &
949 555 1124 585 existiment
1136 567 1144 589 3
1155 555 1211 584 do-

250 609 320 630 mus
341 610 372 629 ut
390 600 483 629 multa
504 597 593 629 ηοΕὶρ
613 599 818 638 compleatur,
837 600 981 627 omnium
994 607 1138 638 generum
1150 596 1212 626 fre-
1230 602 1231 611 ¹

249 644 375 686 quentia
384 640 454 671 adsit
463 661 472 675 ‚
480 640 612 681 fhtufiat
623 649 746 670 oratione
755 638 893 673 omnihus3
905 650 944 672 re,
956 649 1089 680 operaque
1097 638 1192 667 multu
1201 648 1212 665 :

249 686 419 724 perficiatur
428 683 468 717 id,
479 684 560 723 quod
574 681 636 712 fieri
650 681 746 722 potest
758 683 866 715 labore,
880 682 912 711 &
922 691 991 714 arte,
1002 691 1032 711 ac
1044 682 1211 722 diligentia,
1231 703 1232 712 ἶ

251 735 317 755 non
338 734 371 755 ut
389 725 424 755 ad
433 726 580 765 populum
591 724 626 754 ab
637 734 674 753 iis
682 724 825 754 omnibus
837 724 914 753 tama
926 725 1076 763 perveniat
1091 742 1099 755 ‚
1122 721 1168 752 sed
1181 731 1213 751 ut

250 768 284 797 in
305 768 353 797 his
374 765 481 796 studiis
499 767 628 806 populus
647 766 706 805 ipse
726 766 866 795 versetur.
887 766 955 806 Jam
970 765 1114 795 urbanam
1126 764 1211 793 illam
1230 761 1234 772 '

251 808 482 838 multitudinem
498 828 507 841 ,
532 810 564 838 &
583 818 687 837 corum
709 806 824 840 studia,
842 809 894 847 qui
913 810 1076 836 conciones
1094 815 1209 838 tenent.

250 853 265 870 ²
277 861 343 891 quae
357 850 478 890 adeptus
488 859 520 879 es
535 852 566 879 in
579 849 724 889 Pompeio
734 848 871 879 ornando
883 869 892 882 ‚
917 849 1035 878 Manilii
1044 848 1128 878 causa
1140 849 1214 877 reci-

250 892 371 932 pienda,
383 892 529 922 Cornelio
539 890 731 921 defendendo
745 911 752 924 ‚
776 890 930 921 excitanda
944 891 1033 920 nobis
1045 891 1128 920 sunt:
1144 899 1210 929 quae

251 933 349 964 adhuc
369 934 472 964 habuit
497 943 591 963 nemo
612 952 620 966 ‚
647 936 723 973 quin
743 933 825 962 idem
846 931 1035 971 splendorem
1055 932 1212 963 omnium,

250 976 478 1016 voluntatesque
490 975 618 1005 haberet.
644 973 845 1004 Efficiendum
857 984 947 1005 etiam
959 973 1034 1004 illud
1049 994 1058 1006 ,
1081 982 1113 1002 ut
1124 973 1215 1003 sciant

254 1027 366 1047 omnes
380 1038 389 1051 ‚
402 1020 456 1047 Cri.
468 1017 604 1056 Pompeji
616 1016 679 1046 sum
686 1026 766 1046 mam
777 1026 844 1057 erga
855 1027 881 1046 te
891 1014 949 1045 effe
960 1016 1148 1046 voluntatem
1160 1034 1168 1048 ,
1181 1015 1214 1044 δε
1233 1017 1235 1026 ’

252 1061 452 1089 vehementer
467 1059 501 1088 ad
522 1059 604 1088 illius
623 1061 751 1088 rationes
763 1078 771 1092 ,
788 1068 815 1088 te
837 1058 865 1088 id
876 1056 985 1098 ass'equi
999 1077 1007 1091 ,
1027 1056 1109 1098 quod
1123 1059 1210 1095 petis,

254 1103 412 1141 pertinere.
434 1100 592 1131 Postremo
603 1109 665 1130 tota
673 1101 780 1141 petitio
790 1111 859 1130 cura
873 1110 906 1130 ut
914 1107 1015 1141 pompa
1022 1107 1105 1140 plena
1115 1097 1149 1128 sit
1161 1117 1170 1132 ‚
1182 1106 1215 1128 ut

253 1142 379 1173 illustris
394 1162 402 1176 ,
423 1151 455 1172 ut
473 1141 625 1182 splendida
639 1162 647 1175 ,
670 1142 880 1182 utpopularis,
904 1152 936 1171 υτ
948 1143 1051 1171 habeat
1064 1140 1214 1170 summam

253 1185 383 1225 speciem
396 1204 404 1217 ‚
416 1195 448 1215 ac
458 1184 637 1226 dignitatem
653 1188 665 1212 3
679 1194 722 1216 ut,
734 1186 822 1214 etiam
834 1182 853 1213 fi
863 1183 935 1224 quid
945 1181 1052 1222 possit,
1063 1192 1119 1212 nec
1129 1191 1217 1211 com-

252 1226 436 1267 petitoribus
446 1229 504 1256 tuis
514 1224 631 1255 exfistat
640 1235 689 1256 aut
700 1226 814 1256 sceleris
825 1246 834 1260 ,
858 1234 908 1255 aut
918 1224 1055 1255 libidinis
1067 1244 1076 1258 ,
1100 1233 1149 1254 aut
1158 1223 1218 1254 lar-

255 1270 384 1310 gitionis
403 1268 628 1298 accommodata
648 1268 682 1297 ad
702 1278 808 1297 eorum
833 1277 933 1297 mores
952 1266 1087 1297 infamia.
1120 1269 1217 1305 Atque

256 1312 347 1340 etiam
369 1312 400 1339 in
411 1310 464 1340 hac
474 1311 621 1349 petitione
633 1310 771 1340 maxime
781 1309 946 1339 videndum
958 1308 1001 1339 est
1011 1328 1020 1342 ,
1040 1308 1134 1347 utspes
1146 1308 1218 1348 ‘Rei-

252 1351 330 1394 publ.
350 1350 420 1382 bona
431 1352 462 1380 de
474 1351 543 1392 refir
552 1371 560 1384 ,
581 1351 613 1381 ὃς
623 1351 747 1381 honesta
756 1353 873 1391 opinio.
893 1361 948 1381 nec
960 1360 1061 1380 tamen
1072 1352 1103 1379 in
1113 1358 1217 1389 peten-

256 1395 296 1424 do
306 1394 376 1433 resp.
390 1392 562 1433 capessenda
572 1392 615 1423 est
625 1413 634 1427 ‚
646 1403 742 1434 neque
756 1395 786 1422 in
800 1394 901 1424 senatu
912 1413 920 1426 ‚
936 1402 1035 1433 neque
1048 1393 1079 1421 in
1090 1393 1217 1422 concio-

255 1445 295 1466 ne
308 1446 313 1464 ;
325 1435 373 1465 sed
393 1437 454 1466 haec
466 1435 522 1466 tibi
533 1435 599 1465 sunt
610 1434 785 1469 retinenda3
807 1444 839 1465 ut
850 1436 966 1465 senatus
976 1444 1004 1465 te
1015 1432 1171 1464 existimet
1179 1442 1217 1463 ex

255 1487 294 1507 eo
306 1496 316 1511 ,
338 1476 421 1518 quod
442 1479 482 1507 ita
499 1478 632 1510 vixeris,
658 1476 848 1507 defensorem
868 1475 1051 1506 auEkoritatis
1061 1475 1119 1506 suat
1131 1474 1197 1504 fore
1209 1485 1214 1504 :

254 1521 372 1559 equites
389 1520 484 1548 Rom.
506 1518 538 1548 δε
557 1520 615 1548 viri
633 1519 707 1549 boni
720 1539 729 1552 ,
750 1519 976 1558 &locupletes‚
997 1527 1036 1547 ex
1046 1519 1107 1547 vita
1117 1516 1180 1547 adia
1189 1525 1217 1546 te

257 1559 425 1590 studiosum
437 1561 495 1589 otii
505 1570 536 1589 ac
546 1570 646 1589 rerum
661 1560 889 1600 tranquillatum
907 1570 912 1588 :
925 1558 1091 1589 multitudo
1103 1578 1112 1592 ‚
1132 1567 1170 1588 ex
1180 1567 1218 1588 eo
1236 1568 1238 1573 ’

257 1601 420 1634 duntaxat,
439 1599 521 1642 quod
544 1603 679 1631 oratione
698 1602 890 1631 inconcione
900 1610 930 1630 ac
940 1599 1056 1637 judicio
1067 1599 1218 1639 popularis

200 1647 242 1678 14
256 1642 342 1673 fuisti
354 1663 363 1676 ,
387 1651 415 1673 te
433 1643 449 1672 ὲ
467 1642 528 1672 suis
548 1642 723 1673 commodis
746 1642 879 1672 alienum
895 1651 958 1671 non
969 1641 1119 1671 futurum.
1144 1642 1218 1670 Haec

257 1686 336 1715 mihi
357 1684 514 1714 veniebant
526 1684 559 1713 in
576 1693 712 1714 mentem
722 1684 759 1714 de
770 1683 909 1714 duabuse
926 1683 985 1712 illis
996 1683 1219 1713 commonitio-
1238 1682 1239 1688 ¹

255 1727 348 1757 nibus
358 1727 516 1756 matutinis
529 1745 537 1759 ,
546 1728 559 1752 5
573 1725 655 1765 quod
666 1725 721 1755 tibi
730 1726 865 1765 quotidie
875 1724 910 1754 ad
920 1723 1022 1753 forum
1033 1722 1218 1752 descenden-
1234 1750 1237 1760 A

256 1770 279 1798 ti
298 1767 508 1797 meditandum
530 1765 587 1796 effe
605 1766 778 1796 dixeramus
794 1768 915 1795 :Novus
929 1765 997 1804 sum
1009 1784 1018 1798 ,
1042 1774 1088 1792 con
1104 1763 1219 1792 alatum

253 1817 326 1851 peto.
349 1811 490 1839 Tertium
500 1807 585 1838 restat
599 1828 608 1842 ,
627 1811 719 1837 Roma
732 1807 776 1837 eff
786 1827 795 1841 ‚
806 1808 910 1838 civitas
921 1816 958 1836 ex
969 1807 1131 1836 nationum
1140 1814 1218 1835 con-

295 1908 304 1925 ι
312 1918 319 1925 .
338 1901 400 1924 Bene
408 1903 435 1922 ut
443 1898 544 1922 homines
553 1895 622 1928 noffi.
632 1895 682 1926 ὠτ.
693 1895 815 1928 bem'gmmr
824 1904 853 1921 ac
861 1896 980 1921 liberalem
990 1894 1042 1927 effir,
1051 1894 1179 1927 loquamur
1187 1894 1217 1923 ὼ·

256 1934 412 1968 existiment]
434 1932 543 1958 Reduxi
554 1939 667 1971 quatuor
685 1931 912 1967 autographorutn
932 1930 1087 1967 scripturam
1101 1947 1110 1959 ‚
1128 1931 1215 1958 Turn,

258 1967 320 1997 Put.
333 1970 390 1996 Pal.
402 1971 490 1995 Maur.
501 1967 585 1994 editio
596 1967 699 2003 publica
710 1986 718 1999 ‚
729 1969 782 1992 bene
791 1969 892 1992 homines
902 1967 959 2000 noffe
971 1986 979 1998 ,
988 1967 1040 1996 ὡς.
1058 1967 1180 1998 henignu1n
1189 1973 1220 1991 ac

255 2009 376 2033 libo-alem
386 2006 427 2038 effe
438 2025 447 2037 ‚
459 2007 513 2031 bene
522 2007 585 2038 loqui
594 2006 739 2038 existimare.
760 2003 907 2030 Lambinus
918 2003 1029 2029 licenter
1040 2001 1119 2028 nimis
1128 2001 1219 2027 omnia

259 2043 433 2080 permutavit.

295 2089 322 2105 2.
341 2080 397 2111 Qae
406 2078 507 2110 adeptus·
515 2076 576 2109 effi]
598 2076 686 2102 Maur.
697 2085 747 2101 non
758 2074 864 2101 admisit
874 2083 1032 2110 pronomen,
1043 2082 1103 2107 quae.
1123 2072 1148 2098 in
1161 2072 1219 2099 aliis

258 2115 390 2142 consentit
401 2114 478 2149 plane
489 2122 548 2138 cnm
562 2112 646 2139 Palat.
659 2121 688 2138 ac
700 2111 814 2146 vulgatis
827 2131 835 2143 ,
855 2118 959 2137 retenta
972 2110 1054 2146 specie
1066 2108 1220 2139 solaecismi5

259 2152 330 2178 circa
339 2159 418 2185 quein
430 2148 523 2175 misere
534 2147 559 2173 se
569 2148 669 2174 cruciat
682 2148 817 2173 Corradus
825 2168 830 2172 .

301 2197 327 2222 3.
347 2190 376 2211 Ut
388 2205 396 2217 ,
410 2186 643 2218 eiiamfiquidpoffii
656 2203 663 2215 ,
674 2192 714 2208 mc
724 2185 919 2216 comparum-ihm,
928 2183 995 2216 [lya]
1008 2181 1126 2217 Scriptus
1138 2181 1224 2207 noster

261 2231 387 2258 uterque,
397 2229 423 2246 ut
432 2221 542 2253 elianus-³
550 2220 676 2255 quaepostit
686 2229 714 2244 ne
725 2227 795 2251 comp.
816 2219 948 2246 Gulielin.
959 2218 1119 2252 conjiciebat
1130 2236 1139 2247 ,
1152 2218 1175 2250 fi
1187 2219 1226 2242 cui

260 2263 322 2294 pnfflr
330 2262 342 2286 ὲ
351 2259 546 2292 consparsas-ihm.
557 2257 740 2289 Palermus,ut
751 2257 849 2292 etiamst
857 2265 906 2291 qua
914 2255 1018 2290 pnffi1,in
1029 2255 1224 2291 competitoribm.

608 2358 1179 2423 M.TULL11

787 2475 1164 2531 fflIDEO

517 2575 1187 2665 ONSO

489 2730 496 2739 x
524 2729 699 2760 uAMQAM
708 2720 877 2751 recentibus
896 2721 1012 2752 morbis
1033 2721 1230 2755 medicinam,

271 2967 376 2997 venite
386 2967 555 2997 calamitati.
579 2971 609 3000 Si
627 2972 712 3000 enim
721 2974 838 3011 qunties
851 2972 988 3002 usuvenit
998 2992 1007 3005 ‚
1020 2972 1232 3002 consuluimus

485 2766 497 2802 ἰ
524 2762 663 2792 adhibere
682 2772 781 2793 vetant
797 2762 942 2802 sapientes
953 2783 962 2797 ,
976 2764 1112 2803 nihilque
1123 2762 1235 2794 adversi

1243 102 1778 149 C1cznouis

1228 202 1231 217 ff
1248 189 1341 211 ventu
1359 179 1534 211 constituta:
1556 181 1588 210 in
1605 190 1662 221 qua
1681 180 1785 211 multae
1803 180 1914 214 insidiae
1930 203 1938 217 ‚
1957 183 2053 216 multa
2075 182 2201 220 fallacia,

1228 222 1230 262 J
1250 224 1344 253 molta
1361 225 1393 252 in
1405 225 1607 263 omnigenere
1619 224 1690 252 vitia
1700 222 1867 252 versantur:
1882 225 2049 256 multorum
2063 234 2202 267 arrogan-

1248 268 1302 298 tia,-
1312 264 1480 294 multorum
1493 266 1692 296 contumacia,
1704 265 1874 294 multorum
1885 267 2106 302 malevolentia,
2121 268 2202 298 mul·

1250 315 1350 336 torum
1361 305 1494 345 superbia
1506 326 1514 338 ,
1535 306 1705 335 multorum
1720 305 1826 335 odium
1838 315 1870 335 ac
1881 307 2019 338 molestia
2027 310 2203 348 perferenda

1228 343 1230 378 ἶ
1250 347 1302 378 est.
1321 351 1435 376 Vror-:o
1446 357 1518 376 iesse
1530 350 1628 388 magni
1640 345 1757 376 consilii
1770 366 1779 380 ,
1801 356 1888 387 atque
1900 349 1968 377 artis
1978 368 1987 382 ‚
2000 351 2031 379 in
2045 358 2089 381 tot
2099 353 2202 381 homi-

1250 400 1324 419 num
1341 389 1485 429 cujusque
1497 389 1580 418 modi
1592 391 1675 418 vitiis
1686 408 1695 421 ,
1720 389 1866 428 tantisque
1879 389 2043 419 versantem
2054 394 2144 422 vitare
2154 391 2203 422 of-

1229 457 1231 474 f
1250 430 1417 462 sensionem
1430 451 1438 464 ,
1457 432 1547 460 vitare
1557 429 1687 460 fabulam
1700 450 1709 464 ‚
1718 432 1809 460 vitare
1820 429 1941 460 insidias
1952 442 1961 464 3
1973 429 2028 460 esse
2040 441 2134 463 unum
2146 435 2205 464 ho-

1251 476 1368 503 minem
1378 473 1641 503 accommodatum
1652 472 1687 501 ad
1700 481 1809 501 tantam
1822 481 1944 502 morum
1957 491 1965 506 ‚
1977 482 2008 502 ac
2018 472 2204 508 sermonum,

1229 511 1231 558 ξ
1248 525 1280 545 ac
1303 515 1494 544 voluntatum
1504 516 1688 544 varietatem.
1711 515 1808 554 Qare
1818 515 1906 543 etiarn
1918 523 2004 554 atque
2020 515 2109 543 etiam
2118 524 2203 557 perge

1229 562 1230 576 ¹
1250 566 1350 586 tenere
1369 555 1457 586 istam
1477 553 1493 576 ⁶
1514 558 1595 585 viam
1612 576 1619 588 ,
1643 565 1731 595 quam
1745 554 1899 585 instituisti
1912 555 2044 585 :excelle
2057 555 2204 587 dicendo:

1229 614 1231 626 A
1253 601 1312 628 hoc
1323 598 1355 627 &
1369 606 1509 628 tenentur
1519 599 1629 627 Romae
1640 599 1780 626 homines
1791 617 1800 629 ,
1813 596 1845 627 &
1858 597 2040 630 alliciuntur,
2052 597 2085 627 &
2097 597 2132 627 ab
2144 599 2204 628 im-

1231 665 1232 668 ,
1251 639 1415 680 pediendo,
1429 649 1462 669 ac
1473 639 1610 669 laedendo
1623 639 1815 678 repelluntur.
1840 641 1877 667 Et
1886 642 2031 677 quoniam
2045 640 2077 668 in
2090 640 2146 668 hoc
2158 638 2204 669 vel

1253 681 1380 710 maxime
1393 681 1501 720 viriosa
1510 678 1544 715 est
1553 681 1657 709 civitas
1669 699 1677 713 ‚
1690 679 1765 720 qu‘od
1775 700 1784 712 ‚
1794 680 1943 719 largitione
1952 680 2111 721 interposita
2121 700 2129 714 ‚
2142 680 2207 709 vir-

1255 731 1322 753 tuti-s
1332 743 1340 756 ‚
1361 733 1395 752 ac
1412 723 1561 762 dignitatis
1581 721 1708 761 oblivisci
1724 721 1815 760 finem
1835 725 1866 751 in
1878 722 1934 752 hoc
1946 731 2006 751 FAc
2018 732 2057 751 υτ
2069 731 2111 751 τε
2121 730 2208 751 BENE

1254 774 1357 795 NORIS
1368 784 1376 799 ‚
1390 764 1419 794 id
1431 763 1473 794 est
1483 784 1491 798 ‚
1505 773 1536 793 υτ
1548 763 1695 804 intelligas
1707 782 1714 795 ,
1735 773 1805 793 eum
1817 761 1874 792 effe
1885 772 1923 796 te,
1935 763 2101 802 quijudicii
2111 773 2143 794 ac
2154 772 2210 803 pe-

1251 807 1340 837 riculi
1350 815 1467 836 metum
1481 808 1652 835 maximum
1661 805 1912 844 competitoribus
1921 803 2022 835 afferre
2033 803 2134 845 poffis.
2154 807 2211 835 Fac

1255 859 1287 878 υτ
1298 849 1326 879 se
1335 849 1386 878 abs
1398 857 1426 878 te
1436 847 1579 877 custodiri
1595 866 1603 879 ,
1622 856 1708 887 atque
1718 846 1867 877 observari
1878 847 1976 876 sciant.
1996 845 2069 876 cum
2079 846 2212 887 diligen-

1254 892 1327 922 tiam
1339 899 1421 920 tuam
1433 910 1440 923 ‚
1456 890 1529 920 cum
1539 888 1745 919 :metm-itatem
1757 909 1765 922 ,
1778 891 1902 928 vimque
1913 888 2053 921 dicendi,
2065 897 2128 918 tum
2141 898 2214 928 pro—

1233 960 1234 968 ,
1253 931 1335 962 feeit>
1345 931 1488 972 equestris
1502 931 1617 960 ordinis
1630 935 1644 958 7
1658 940 1724 970 erga
1734 940 1760 960 te
1771 929 1903 960 studium
1914 930 2134 969 pertimescant.
2156 933 2213 960 At-

1233 1000 1234 1010 ,
1252 984 1310 1015 que
1321 975 1384 1003 haec
1399 976 1438 1003 ita
1446 982 1474 1003 te
1485 973 1556 1002 volo
1566 972 1626 1002 illis
1637 982 1803 1012 proponere
1817 992 1825 1004 ‚
1847 982 1909 1000 non
1921 980 1953 1001 ut
1966 971 2151 1011 videarejam
2163 981 2214 1002 ac-

1254 1016 1441 1046 cusationem
1454 1014 1602 1047 meditari,
1615 1014 1663 1043 sed
1676 1024 1707 1043 ut
1717 1015 1775 1043 hoc
1786 1023 1895 1043 terrore
1904 1012 2022 1043 facilius
2033 1015 2090 1043 hoc
2100 1013 2210 1053 ipsum,

1255 1057 1337 1098 quod
1346 1059 1420 1098 agis,
1432 1056 1621 1096 consequare.
1641 1055 1674 1086 Sc
1685 1055 1771 1095 plane
1784 1053 1820 1085 fic
1829 1054 1978 1084 contende
1990 1055 2134 1085 omnibus
2143 1065 2214 1085 ner·

1256 1101 1302 1129 vis
1315 1119 1324 1132 ‚
1346 1109 1379 1129 ac
1387 1097 1577 1129 facultatibus
1589 1117 1597 1130 ‚
1610 1107 1641 1127 ut
1651 1098 1848 1136 adipiscamur
1857 1096 1938 1137 quod
1948 1106 2090 1136 petimus.
2113 1096 2214 1127 Video

1257 1150 1370 1170 uuLLA
1380 1150 1453 1169 iesse
1461 1143 1585 1169 comitia
1596 1149 1655 1170 tam
1667 1140 1820 1179 inquinata
1832 1139 1987 1179 largitione
1999 1157 2007 1172 ‚
2028 1138 2137 1179 quibus
2149 1148 2214 1168 non

1254 1184 1340 1225 gratis
1359 1183 1465 1223 aliquae
1485 1183 1627 1211 centuriae
1649 1183 1820 1210 renuntient
1831 1180 1917 1213 suos,
1938 1179 2073 1209 maxime
2085 1178 2216 1211 necessa-

1255 1227 1328 1262 rios.
1351 1227 1448 1262 Quare
1471 1221 1491 1252 si
1508 1223 1702 1263 advigilamus
1713 1232 1766 1262 pro
1784 1223 1979 1262 reidignitate
1989 1241 1998 1256 ‚
2023 1222 2055 1251 &
2066 1219 2085 1251 fi
2096 1220 2216 1252 nostros

1257 1266 1293 1297 ad
1312 1266 1468 1296 summum
1480 1264 1613 1295 studium
1624 1264 1784 1295 benivolos
1795 1266 1960 1294 excitamus
1974 1275 1983 1298 3
2005 1264 2038 1292 &
2047 1262 2067 1292 fi
2078 1264 2215 1293 homini-

1252 1308 1308 1338 bus
1319 1306 1457 1338 studiosis
1468 1305 1658 1348 gratiosisque
1671 1305 1763 1336 nostri
1777 1307 1863 1337 suum
1874 1308 1997 1346 cuique,
2013 1301 2028 1324 8
2040 1314 2154 1335 munus
2162 1304 2218 1335 de-

1257 1350 1419 1381 scribimus
1430 1369 1439 1383 ‚
1461 1351 1494 1379 &
1519 1347 1540 1378 fi
1550 1347 1923 1388 competitoribus-iudicia
1931 1348 2136 1387 proponimus*
2148 1358 2158 1380 3
2173 1346 2217 1377 ste

1257 1391 1425 1433 questribus
1458 1399 1574 1421 metum
1598 1392 1755 1429 injicimus
1775 1402 1785 1424 3
1811 1389 1956 1419 divisores
1984 1390 2098 1419 ratione
2120 1388 2218 1428 aliqua

1256 1435 1450 1465 coercemus:
1469 1431 1574 1473 perfici
1593 1431 1707 1472 potest,
1727 1441 1758 1462 ut
1777 1433 1895 1472 largitio
1911 1440 1961 1460 aut
1979 1431 2064 1460 nulla
2079 1429 2147 1463 fiat,
2166 1439 2217 1460 aut

1257 1475 1332 1505 nihil
1351 1474 1458 1504 valeat.
1484 1476 1557 1504 Haec
1578 1475 1645 1504 sunt
1655 1493 1664 1507 ‚
1686 1483 1751 1513 quae
1763 1474 1864 1512 putavi
1875 1481 1939 1501 non
1951 1473 2060 1502 melius
2071 1472 2142 1501 scire
2153 1480 2216 1505 me,

1257 1517 1349 1558 quam
1368 1525 1396 1546 te
1419 1536 1428 1550 ‚
1457 1515 1504 1545 sed
1525 1515 1644 1545 facilius
1663 1516 1709 1544 his
1727 1517 1785 1543 tuis
1805 1513 2054 1552 occupationibus
2075 1513 2216 1554 colligere

1256 1567 1354 1588 unum
1373 1557 1523 1586 inlocum
1542 1553 1642 1595 poffe,
1667 1555 1701 1585 &
1720 1554 1755 1585 ad
1774 1563 1802 1585 te
1819 1555 1979 1594 perscripta
1996 1556 2126 1584 mittere.
2149 1563 2214 1594 quae

1266 1596 1379 1629 tametfi
1391 1599 1430 1628 ita
1444 1598 1547 1637 scripta
1557 1597 1634 1631 sunt,
1646 1605 1679 1627 ut
1687 1606 1751 1626 non
1762 1596 1797 1626 ad
1806 1597 1926 1626 omneis
1936 1615 1944 1629 ‚
1959 1597 2012 1636 qui
2023 1597 2153 1625 honores
2162 1604 2216 1635 pe-

1238 1671 1239 1676 ,
1263 1648 1326 1670 tent
1338 1659 1347 1672 ‚
1367 1639 1416 1669 sed
1434 1639 1471 1668 ad
1491 1648 1519 1668 te
1536 1638 1656 1678 proprie
1669 1658 1678 1670 ,
1697 1638 1729 1667 &
1748 1638 1784 1668 ad
1793 1638 1870 1667 hanc
1879 1646 1960 1667 tuam
1971 1638 2150 1676 petitionem
2161 1645 2218 1667 va-

1262 1682 1350 1711 leant.
1374 1689 1475 1710 tamen
1495 1689 1527 1709 tu
1551 1678 1573 1708 fi
1596 1679 1671 1719 quid
1693 1679 1871 1708 mutandum
1889 1676 1947 1707 esse
1965 1677 2116 1707 videbitur
2137 1697 2147 1711 ,
2167 1686 2218 1708 aut.

1261 1723 1393 1752 omnino
1409 1720 1592 1754 tollendum,
1603 1730 1654 1750 aut
1663 1719 1683 1749 si
1692 1719 1766 1761 quid
1776 1722 1831 1749 erit
1839 1720 2021 1763 praeteritum
2033 1730 2042 1753 3
2055 1718 2149 1749 velim
2159 1720 2219 1749 hoc

1267 1764 1346 1792 mibi
1367 1762 1447 1793 dicas
1459 1773 1465 1792 z
1477 1762 1551 1792 volo
1567 1763 1652 1792 enim
1673 1763 1732 1791 hoc
1752 1760 2041 1792 commentariolum
2062 1761 2222 1801 petitionis

1265 1805 1367 1835 haberi
1377 1806 1465 1834 omni
1474 1805 1589 1834 ratione
1600 1802 1781 1844 perficium.

1295 1899 1324 1924 4.
1334 1891 1381 1917 Illis
1391 1893 1601 1917 commonitionibus·
1609 1891 1760 1926 matutinis]
1773 1891 1815 1918 Sic
1825 1891 1961 1919 Corradus
1973 1892 2040 1927 legit
2049 1894 2064 1918 e
2074 1890 2143 1923 suis;
2154 1892 2220 1919 item

1262 1927 1415 1954 Turnebus.
1426 1935 1501 1954 antea
1513 1927 1612 1963 vulgati
1626 1947 1633 1959 ,
1645 1929 1842 1961 commotionibus,
1852 1927 1924 1965 quod
1933 1928 1960 1954 δε
1971 1928 1998 1955 in
2008 1925 2103 1955 ‘sostris
2115 1927 2219 1956 duobus

1264 1964 1403 1990 Palermus
1416 1962 1546 1989 maluiffet
1558 1965 1798 1993 commentationibus.

1300 2009 1313 2033 5
1322 2021 1326 2025 .
1337 2000 1404 2032 Qud
1411 2001 1455 2025 tibi
1463 2000 1566 2034 quotidie
1574 2002 1689 2033 adfhrum
1699 2000 1759 2033 desc.
1769 2000 1828 2026 med.
1837 2001 1879 2033 effi·
1888 1999 2052 2034 dixeramus]
2073 1999 2130 2026 Pal.
2139 1999 2168 2026 St
2179 1999 2222 2028 M.

1263 2046 1318 2071 quo,
1329 2035 1464 2071 quomodo
1476 2036 1502 2061 δε
1516 2035 1666 2062 'v'ie‘coi-iana
1677 2036 1798 2075 aliaeque.
1817 2036 1898 2063 iidem
1912 2035 2005 2067 nostri,
2016 2037 2134 2062 dixeram.

1300 2072 1328 2097 6.
1348 2075 1416 2098 Vtarn
1425 2081 1496 2105 qaam
1505 2073 1650 2105 instituisti]
1675 2072 1769 2098 Forsan
1785 2081 1836 2099 non
1846 2071 1964 2098 deterius
1974 2071 2045 2098 foret
2054 2073 2168 2104 institisti.

1301 2117 1329 2143 7.
1340 2111 1403 2140 Erga
1413 2109 1745 2142 testuaii‹n1perrimescam.j
1759 2108 1801 2133 Sic
1812 2107 1892 2134 malui
1904 2116 1962 2134 cum
1976 2106 2067 2133 codice
2078 2108 2199 2135 Palatino
2210 2116 2222 2140 ς

1266 2151 1342 2205 turgt-o
1354 2142 1460 2179 quidem
1473 2144 1555 2179 inagis
1569 2162 1577 2175 ,
1597 2143 1668 2179 quod
1680 2144 1712 2170 sic
1722 2153 1827 2180 quoque
1838 2143 1971 2171 servarent
1981 2142 2141 2170 meinbranae
2150 2145 2224 2172 Tur·

1267 2189 1299 2206 nc
1320 2189 1338 2205 i.

1303 2216 1331 2241 8.
1348 2219 1445 2255 *alimus
1462 2215 1640 2249 describimus]
1661 2215 1726 2243 Non
1746 2215 1858 2250 reiici03
1878 2216 1986 2244 tantum
2005 2224 2102 2244 moneo
2121 2215 2176 2252 legi
2193 2215 2222 2244 in

1269 2252 1406 2286 Palatino,
1416 2260 1501 2287 munus
1510 2251 1683 2287 distribuimus.
2145 2260 2148 2263 ’

1273 2366 1904 2434 CicERouis

1251 2473 1695 2538 PLACET,

1301 2527 2191 2667 [Αττοᾳ

1274 2722 1376 2754 lendas
1388 2743 1396 2757 ‚
1419 2732 1457 2753 eo
1477 2720 1573 2753 acrius
1584 2721 1757 2753 incumbere
1771 2721 1911 2751 homines
1920 2719 2046 2751 debeant
2057 2739 2067 2753 ‚
2087 2726 2146 2758 quo
2161 2725 2227 2746 me-

1270 2766 1329 2794 lius
1340 2765 1403 2799 est,
1425 2764 1486 2794 fine
1503 2774 1572 2795 cura
1591 2766 1711 2797 vivere,
1731 2763 1821 2804 quam
1839 2764 1937 2796 curis,
1959 2759 2160 2802 &angoribus
2170 2767 2228 2797 op-

527 2804 705 2834 hominibus
724 2804 856 2835 accidere
871 2805 944 2835 solet
958 2807 991 2834 in
1001 2807 1061 2835 vita
1071 2825 1079 2838 ‚
1094 2805 1175 2846 quod
1185 2814 1234 2835 aut
1251 2817 1253 2845 ;
1269 2806 1401 2847 pressum
1415 2827 1423 2840 ‚
1435 2816 1468 2836 ac
1477 2808 1720 2836 circumventum
1733 2825 1741 2839 ‚
1753 2806 1916 2835 humanam
1926 2803 2147 2834 conditionem,
2158 2800 2229 2830 satis

423 2849 450 2884 J!
466 2854 495 2892 ,4⁴
527 2846 727 2885 improvisum
740 2865 748 2879 ‚
773 2855 823 2876 aut
840 2846 1075 2886 inexspeEtatum
1087 2847 1232 2877 videatur:

525 2896 674 2917 conemur
691 2896 790 2917 tamen
803 2908 812 2921 ,
831 2887 851 2918 si
870 2898 926 2928 qua
941 2890 1054 2918 ratione
1064 2887 1232 2929 poss'umus,

531 2928 651 2958 medere
673 2928 897 2970 nobismetipsis
908 2949 916 2964 ‚
936 2930 969 2960 &
978 2929 1150 2960 domesticae
1165 2930 1232 2960 sub·
1251 2933 1252 2971 l
1270 2940 1395 2971 corpore
1405 2932 1500 2962 valeas
1511 2951 1519 2963 ,
1532 2941 1633 2961 curare
1643 2940 1676 2960 ut
1688 2932 1777 2960 etiarn
1789 2930 1894 2958 animo
1905 2927 2003 2957 valere
2014 2924 2105 2966 possis
2117 2929 2127 2951 ἓ
2138 2923 2230 2965 siqui-

1251 2974 1253 2984 ¹
1270 2973 1341 3003 dem
1352 2983 1459 3013 corpus
1478 2970 1783 3014 animigubetnaculo
1796 2989 1804 3003 ,
1818 2969 1937 2998 animus
1946 2977 2045 2998 autem
2058 2965 2229 2996 ministerio
2258 2992 2260 2995 ,

1269 2858 1322 2888 per
1336 2848 1363 2878 se
1374 2849 1512 2878 miseram
1526 2868 1533 2880 ,
1552 2848 1618 2877 aliis
1637 2849 1728 2877 etiam
1747 2845 1953 2877 incommodis
1961 2843 2076 2874 efficere
2088 2842 2228 2872 miserio-

1273 2900 1352 2921 rem.
1374 2889 1447 2931 quid
1459 2888 1549 2929 porro
1558 2888 1747 2929 praestantius
1760 2908 1769 2922 ,
1781 2887 1852 2928 quid
1863 2887 1966 2916 utilius
1976 2884 2029 2919 est,
2040 2893 2142 2925 quam,
2153 2882 2227 2913 cum

269 3010 374 3039 ceteris
385 3027 394 3042 2
405 3018 527 3038 curnon
537 3010 697 3049 aliquando
709 3013 797 3042 nobis
809 3012 877 3052 ipsis
887 3015 896 3040 ?
906 3013 939 3043 &
951 3012 971 3043 si
986 3013 1063 3044 mala
1074 3033 1083 3047 ,
1101 3023 1167 3054 quae
1178 3024 1233 3044 nec
1251 3025 1253 3053 j
1268 3017 1403 3055 corporis
1415 3014 1537 3054 indiget.
1559 3023 1588 3044 at
1605 3022 1702 3052 neque
1726 3012 1847 3041 animus
1868 3020 1943 3051 aeger
1952 3010 2029 3039 bene
2037 3008 2228 3050 gubernabit,

269 3051 378 3083 vitari,
403 3060 458 3079 nec
477 3051 570 3079 averti
587 3053 729 3082 humanis
747 3054 863 3084 viribus
889 3053 1011 3095 possunt
1024 3075 1032 3088 ‚
1053 3056 1232 3095 pertulimus

271 3092 430 3122 toleranter
440 3110 448 3124 ‚
468 3101 520 3120 cur
530 3100 592 3120 non
605 3102 637 3122 ea
651 3112 658 3125 ‚
679 3092 699 3122 si
710 3094 866 3132 possumus
876 3116 884 3129 ‚
898 3099 1012 3127 ratione
1022 3097 1132 3127 leviora
1142 3097 1233 3127 facia-

271 3135 361 3164 mus?
381 3133 545 3175 praesertim
563 3132 635 3163 cum
646 3134 681 3165 ad
691 3136 897 3175 aegritudines.
924 3138 957 3170 ὃς
966 3138 1120 3170 molestias
1129 3138 1232 3181 depel—

1251 3054 1253 3078 l
1270 3067 1327 3087 nec
1338 3054 1479 3086 affeehm
1489 3065 1597 3095 corpus
1617 3051 1802 3083 animire&e
1819 3052 1932 3092 parebit
1950 3053 2089 3092 imperio.
2111 3052 2229 3089 Qam-

1272 3098 1377 3128 obrem
1388 3097 1552 3138 prudenter
1561 3096 1576 3126 a
1585 3094 1683 3125 doffls
1693 3094 1726 3124 δε
1736 3093 1919 3134 sapientibus
1928 3095 1999 3123 viris
2010 3093 2042 3122 &
2053 3093 2227 3132 cogitatum.

1273 3140 1306 3173 &
1313 3138 1430 3172 faEtum
1440 3137 1494 3174 est,
1508 3139 1560 3181 qui
1571 3137 1608 3169 de
1616 3135 1699 3168 luerit
1712 3135 1884 3168 minuendo
1894 3145 1963 3166 ante
1972 3144 2030 3166 nos
2039 3133 2230 3202 ΓειΊρίέι-υηηῖ

1668 3186 1671 3189 ·
2099 3183 2194 3216 quoru
