2339 3379
455 161 659 207 Erisr.
689 173 763 203 AD
800 158 854 204 C.
881 158 1264 215 Curnonium,
1294 173 1370 205 ΕΤ
1405 163 1630 213 ALios,
1663 165 1879 212 L'113.II.

190 243 251 274 lavi
261 241 432 274 sermonem
455 242 494 270 T.
505 240 629 278 Ampii:
651 236 752 268 vidisti
767 258 775 271 ‚
798 237 888 278 quam
903 239 1094 270 abhorrerem
1113 240 1150 270 ab

189 285 265 316 urbe
274 281 489 324 relinquenda?
512 284 522 300 ¹
535 282 613 311 Ci'im
628 278 769 309 audifl'em
784 300 793 312 ,
808 290 912 311 nonne
925 281 980 311 tibi
991 279 1149 315 affirmavi,

189 326 310 368 quidvis
321 335 371 355 me
379 325 479 364 potius
486 320 688 362 perpessurum
701 341 709 355 ‚
729 322 819 362 quam
832 332 869 352 ex
882 323 966 353 Italia
976 323 1011 353 ad
1031 322 1148 352 bellum

187 369 279 399 civile
299 367 474 398 exiturum?
496 363 657 404 Qidergo
674 365 797 397 accidit,
818 363 1038 395 curconsilium
1050 372 1150 394 muta-

188 420 253 440 rem
267 413 278 439 ?
300 417 404 439 nonne
422 407 527 436 omnia
536 407 654 445 potius,
676 407 750 435 utiii
760 406 905 436 sententia
921 407 1151 446 permanerem?

188 451 296 482 Credas
306 451 364 480 hoc
384 449 462 478 milii
471 447 563 478 velim
575 467 582 481 ‚
607 446 687 488 quod
697 456 770 487 puto
780 457 807 477 te
817 447 986 478 existimare
997 467 1005 481 ‚
1027 450 1041 466 ²
1052 456 1090 477 ex
1102 448 1149 476 his

187 493 319 523 miseriis
329 490 406 521 nihil
415 489 496 520 aliud
508 499 636 530 quaerere
648 509 655 522 ‚
668 487 722 519 nisi
733 499 765 519 ut
776 490 918 519 homines
927 488 1088 530 aliquando
1098 490 1149 518 in-

187 535 340 576 telligant,
361 542 411 562 me
431 532 507 561 nihil
523 529 676 564 maluisse,
697 530 786 572 quam
799 541 901 572 pacem
917 542 923 560 τ
947 541 980 562 ea
990 530 1148 571 desperata,

187 577 266 606 nihil
278 584 337 605 tam
348 572 465 614 fugisse,
477 573 567 614 quam
580 583 660 603 arma
668 574 782 603 civilia.
810 575 909 610 Hujus
921 583 971 603 me
979 572 1152 603 coiistantiae

185 626 260 658 puto
268 616 344 650 fore,
361 625 566 656 utnumquam
578 617 728 655 poeniteat.
752 617 873 645 Etenim
887 616 1037 647 memini,
1050 616 1082 644 in
1094 615 1152 644 hoc

186 669 294 701 genere
304 659 424 698 gloriari
444 658 566 688 solitum
578 656 634 687 ess'e
647 656 825 687 familiarem
839 656 975 686 nostrum
990 675 998 689 ,
1020 658 1151 695 QHor-

186 699 327 734 tensium,
338 700 419 741 quod
432 709 599 740 numquam
612 699 693 728 bello
703 698 787 729 civili
800 696 989 727 interfuisset.
1015 699 1081 726 Hoc
1093 706 1150 727 no-

188 741 245 774 stra
259 743 321 772 laus
340 744 396 772 erit
406 740 570 774 illustrior,
589 739 728 781 quodilli
745 738 928 770 tribuebatur
945 740 1090 777 ignaviae:
1114 738 1151 768 de

189 784 280 815 nobis
292 783 322 814 id
332 782 498 814 existimari
508 780 589 822 posse
600 792 663 812 non
674 781 808 811 arbitror.
824 782 890 809 Nec
902 789 951 809 me
961 778 1014 809 ista
1028 788 1147 813 terrent,

186 835 256 865 quae
275 827 351 855 mihi
370 825 386 856 a
406 834 434 856 te
457 825 492 855 ad
511 825 653 854 timorem
680 820 820 852 fidiss'ime
839 830 926 861 atque
945 820 1148 851 amantissime

187 877 409 908 proponuntur.
432 866 525 896 Nulla
542 864 586 894 est
603 866 686 893 enim
697 863 836 893 acerbitas
849 883 858 896 ,
876 873 942 903 quae
961 873 1025 892 non
1044 864 1150 893 omni-

192 909 248 940 bus
259 929 268 943 ‚
289 910 342 939 hac
351 908 432 939 orbis
451 915 591 936 terrarum
604 905 823 945 perturbatione
834 924 842 938 ‚
864 904 1038 945 impendere
1048 905 1150 935 videa—

189 959 255 981 tur:
279 960 369 991 quam
382 948 506 990 quidem
523 956 580 992 ego
589 947 605 977 a
616 956 676 986 rep.
688 947 892 986 meisprivatis
903 966 911 980 ‚
931 947 963 977 &
975 946 1149 977 domesticis

187 991 396 1023 incommodis
414 987 625 1021 libentiflime,
645 989 693 1018 vel
705 987 769 1018 istis
784 986 851 1027 ipsis
862 1008 871 1021 ‚
889 998 955 1030 quae
973 996 1003 1018 tu
1016 998 1064 1018 me
1080 999 1148 1018 mo-

188 1044 261 1068 nes,
282 1043 315 1063 ut
324 1041 456 1064 caveam,
467 1028 668 1060 redemissem.
693 1030 772 1059 Filio
783 1040 866 1062 meo,
876 1039 968 1070 quem
982 1030 1036 1060 tibi
1046 1040 1146 1060 carum

187 1074 247 1106 efl'e
255 1074 371 1117 gaudeo
382 1093 391 1106 ,
411 1071 431 1102 si
441 1074 496 1102 erit
506 1072 566 1101 ulla
577 1072 650 1111 resp.
670 1075 683 1098 3
695 1072 762 1102 satis
772 1072 909 1111 amplum
929 1074 1147 1111 patrimonium

186 1118 357 1157 relinquam
369 1117 401 1144 in
412 1115 560 1144 memoria
570 1115 707 1143 nominis
718 1114 789 1142 mei.
813 1112 855 1142 sin
864 1122 965 1143 autem
978 1114 1061 1144 nulla
1070 1116 1125 1144 erit
1136 1134 1146 1147 ,

182 1158 264 1189 nihil
274 1157 385 1188 accidet
394 1158 421 1186 ei
433 1156 585 1195 separatim
597 1156 612 1184 ii
622 1155 745 1196 reliquis
753 1155 882 1184 civibus.
907 1157 987 1185 Nam
1000 1155 1081 1196 qubd
1094 1166 1146 1186 10-

182 1209 243 1242 gas,
258 1208 289 1229 ut
299 1199 453 1239 respiciam
464 1207 608 1238 generum
621 1206 737 1230 meum,
748 1196 966 1226 adolescentem
979 1200 1144 1237 optimum,

181 1243 322 1282 mihique
335 1238 536 1270 carissimum:
557 1248 594 1268 an
604 1238 720 1268 dubitas
731 1258 740 1272 ,
759 1237 830 1268 cum
843 1239 913 1268 scias
924 1258 933 1272 ,
949 1241 1053 1280 quanti
1072 1241 1144 1270 cum

178 1284 269 1314 illum
281 1303 289 1317 ‚
308 1292 372 1312 tum
384 1280 456 1311 vero
467 1281 604 1311 Tulliam
616 1290 715 1310 meam
729 1280 834 1310 faciam
848 1300 856 1313 ‚
874 1282 949 1321 quin
969 1291 1002 1311 ea
1017 1292 1066 1311 me
1076 1291 1144 1312 cura

176 1321 442 1355 vehementissime
455 1322 614 1352 sollicitet?
637 1322 669 1351 &
683 1320 720 1351 eb
732 1323 824 1362 magis
836 1342 844 1354 ,
858 1321 941 1362 quod
952 1324 983 1352 in
1000 1333 1142 1353 commu-

176 1365 269 1396 nibus
291 1365 418 1394 miseriis
441 1365 494 1394 hac
512 1372 613 1394 tamen
627 1362 796 1393 obleetabar
806 1363 922 1403 specula
934 1375 938 1392 ;
951 1365 1142 1395 Dolabellam

178 1417 296 1440 meum,
307 1412 324 1433 4
333 1406 380 1436 vel
390 1407 490 1445 potius
501 1403 651 1437 nostrum,
670 1403 736 1434 fore
746 1404 782 1434 ab
796 1406 833 1434 iis
843 1404 992 1435 molestiis
1003 1426 1011 1440 ‚
1024 1416 1094 1446 quas
1106 1408 1143 1436 li-

179 1449 330 1480 beralitate
341 1447 390 1477 sua
399 1454 585 1476 contraxerat
595 1465 604 1479 ‚
623 1446 763 1475 liberum.
795 1447 898 1476 Velim
909 1457 1020 1487 quaeras
1032 1468 1041 1481 ,
1064 1458 1140 1488 quos

179 1491 233 1521 ille
242 1489 307 1520 dics
318 1487 488 1519 sustinuerit
499 1507 508 1521 ‚
519 1488 552 1517 in
563 1487 635 1517 urbe
645 1487 718 1516 dum
734 1486 793 1517 fuit
804 1498 809 1516 2
832 1488 923 1529 quarn
933 1489 1054 1519 acerbos
1072 1489 1138 1524 sibi,

176 1531 268 1573 quam
290 1531 368 1560 mihi
390 1527 442 1569 ipsi
462 1530 563 1559 socero
583 1538 647 1559 non
667 1528 821 1559 honestos.
850 1533 949 1571 itaque
968 1541 1066 1572 neque
1085 1541 1142 1573 ego

175 1575 259 1604 hunc
270 1571 503 1612 Hispaniensem
512 1571 612 1601 casum
623 1569 765 1611 exsped‘m
775 1591 784 1604 ,
793 1571 830 1601 de
841 1581 901 1611 quo
914 1574 991 1602 mihi
1003 1573 1140 1613 explora·

176 1615 244 1645 turn
254 1614 297 1644 est
310 1616 350 1643 ita
360 1610 418 1642 esse
429 1631 437 1646 ‚
449 1621 482 1642 ut
491 1621 523 1642 tu
535 1612 638 1642 scribis
651 1623 656 1641 :
679 1622 736 1642 nec
745 1613 909 1654 quidquam
921 1613 1014 1644 astute
1026 1617 1136 1656 cogito.

173 1655 329 1698 Siquando
339 1656 396 1685 erit
405 1656 511 1684 civitas
523 1675 532 1688 ,
552 1655 608 1684 erit
617 1663 670 1694 pro
677 1653 758 1684 leffl)
768 1655 855 1685 nobis
867 1656 962 1685 locus.
986 1654 1028 1686 sin
1039 1667 1138 1687 autem

175 1708 242 1729 non
262 1699 335 1728 erit:
359 1698 391 1726 in
401 1696 519 1726 easdem
537 1696 718 1726 solitudines
736 1704 767 1727 tu
787 1697 849 1737 ipse
869 1697 914 1736 (ut
929 1697 1067 1740 arbitror)
1086 1709 1137 1728 ve—

174 1742 252 1774 nies,
262 1740 296 1769 in
307 1738 417 1779 quibus
427 1747 482 1768 nos
491 1736 657 1768 consedisse
669 1737 780 1768 audies.
804 1738 860 1769 Sed
871 1749 925 1780 ego
935 1739 1053 1770 fortasse
1064 1743 1140 1771 vati-

173 1783 279 1812 cinor:
303 1781 336 1811 &
346 1781 410 1809 haec
419 1780 526 1809 omnia
537 1780 678 1810 meliores
689 1780 840 1810 habebunt
851 1791 958 1810 exitus.
983 1783 1140 1812 Recordor

173 1825 261 1853 enirn
276 1821 496 1862 desperationes
513 1830 619 1851 eorum
632 1840 641 1855 ,
658 1823 712 1862 qui
730 1822 815 1852 senes
831 1831 912 1852 erant
923 1826 940 1855 ,“
951 1822 1139 1854 adolescente

175 1874 237 1894 me.
262 1867 321 1895 Eos
331 1872 386 1904 ego
396 1861 513 1893 fortasse
524 1872 604 1892 nunc
615 1865 730 1897 imitor,
749 1864 781 1893 δε
791 1871 859 1893 utor
868 1865 959 1893 aetatis
970 1866 1056 1894 vitio.
1077 1868 1138 1894 Ve—

171 1906 281 1936 limita
291 1904 335 1935 fit.
360 1904 416 1935 Sed
430 1913 529 1934 tamen
548 1913 647 1945 togam
658 1913 832 1944 praetextam
843 1906 905 1934 texi
920 1907 1019 1945 Oppio
1029 1926 1038 1940 ‚
1062 1916 1138 1946 puto

172 1956 201 1978 te
212 1945 336 1977 audisse.
360 1955 431 1976 nam
442 1947 562 1975 Curtius
574 1945 673 1975 noster
686 1946 850 1985 dibaphum
861 1956 972 1988 cogitat
986 1959 991 1976 ;
1006 1947 1054 1977 sed
1065 1958 1137 1978 eum

173 1988 308 2019 infeffior
318 1997 459 2018 moratur.
483 1990 551 2017 Hoc
561 1985 696 2027 adspensi,
709 1996 741 2017 ut
751 1988 850 2021 scires,
861 1998 910 2018 me
920 1998 1021 2019 tamen
1033 1991 1065 2019 in
1077 1989 1139 2020 sto-

171 2031 283 2061 macho
295 2030 388 2060 solere
397 2029 493 2059 ridere
505 2039 510 2058 :
533 2031 547 2055 5
557 2029 735 2063 Dolabellae,
747 2029 829 2070 quod
845 2029 940 2070 scripsi
952 2050 960 2064 ‚
974 2031 1082 2062 suadeo
1091 2034 1138 2061 vi-

171 2072 253 2105 deas,
269 2081 420 2112 tamquam
435 2069 455 2100 fi
467 2079 515 2101 tua
525 2081 570 2100 res
581 2079 690 2111 agatur.
714 2073 894 2102 Extremum
904 2072 980 2102 illud
989 2075 1060 2103 erit:
1079 2083 1136 2103 nos

169 2114 252 2144 :nihil
263 2113 465 2146 turbulenter,
487 2113 565 2142 nihil
580 2113 693 2142 temere
714 2111 869 2143 faciemus.
896 2116 942 2143 Te
959 2123 1060 2145 tamen
1071 2125 1137 2146 ora—

169 2165 240 2185 mus
253 2174 262 2188 ,
281 2155 521 2195 quibuscumque
533 2156 645 2184 erimus
657 2156 689 2183 in
700 2156 782 2184 terris
794 2175 802 2188 ,
824 2165 855 2185 ut
872 2165 928 2185 nos
939 2175 948 2190 ,
969 2156 1135 2198 liberosque

165 2196 286 2227 nostros
297 2199 335 2227 ita
343 2205 441 2226 tueare
453 2216 461 2230 ‚
482 2205 514 2227 ut
523 2197 655 2227 amicitia
664 2195 763 2227 nostra
772 2216 780 2231 ‚
807 2196 840 2227 δε
852 2206 901 2228 tua
912 2196 985 2228 fides
1001 2198 1133 2239 postula-

169 2238 224 2269 bit.
246 2238 332 2268 Vale.

214 2281 362 2310 M.T.c.
392 2282 494 2310 IMP.
517 2278 772 2310 ⁶CAN1N10
801 2282 1091 2313 SALLUSTIO

389 2324 448 2351 PR
461 2323 805 2361 OQJAESTORL
833 2326 861 2352 s.
874 2326 916 2353 D.

255 2365 398 2394 henniis
414 2363 430 2392 a
447 2371 476 2392 te
493 2364 572 2392 mihi
591 2362 678 2393 stator
690 2373 758 2393 tuus
767 2364 899 2394 reddidit
908 2364 989 2394 Taffi
1003 2365 1038 2396 ad
1050 2376 1125 2396 κνι.

257 2406 365 2436 Kalen.
376 2405 527 2436 sextiieis.
551 2406 611 2435 His
623 2414 678 2446 ego
687 2404 805 2438 ordine,
816 2415 848 2435 ut
857 2406 968 2436 videris
979 2407 1068 2441 velle,
1082 2417 1130 2438 re-

2065 169 2125 229 65·
2134 185 2160 230 ς

1201 240 1355 283 spondebo
1375 243 1423 272 De
1437 241 1601 273 successore
1613 253 1682 274 meo
1694 245 1771 275 nihil
1781 245 1894 280 audivi,
1906 255 1963 276 nec
1970 256 2157 288 quemquam

1195 284 1259 310 sore
1273 282 1408 313 arbitror.
1434 286 1519 325 Qin
1532 285 1567 316 ad
1582 285 1664 315 diem
1675 286 1814 317 decedam
1828 289 1912 318 nulla
1922 289 2005 319 causa
2014 287 2068 321 est,
2081 298 2156 328 prae-

1199 323 1300 353 sertim
1320 324 1436 355 sublato
1456 336 1539 356 metu
1560 329 1706 358 Parthico.
1734 331 2000 360 Commoraturum
2018 340 2066 361 me
2083 331 2156 361 nus-

1195 373 1285 403 quam
1306 366 1373 396 Eine
1397 368 1531 398 arbitror.
1555 369 1700 399 Rhodum
1713 390 1721 404 ‚
1742 371 1925 402 Ciceronum
1944 373 2028 402 causa
2044 382 2155 412 puero·

1197 415 1275 439 rum,
1286 406 1467 438 accessurum
1477 419 1551 448 puto
1564 421 1569 426 ·
1582 421 1678 451 neque
1690 412 1718 442 id
1728 421 1830 442 tamen
1838 423 1964 443 certum.
1987 414 2034 444 Ad
2045 414 2152 444 urbem

1196 447 1268 476 volo
1279 449 1369 487 quam
1386 452 1519 489 primum
1540 454 1656 481 venire:
1682 453 1728 483 sed
1749 463 1849 484 tamen
1868 457 1923 485 iter
1934 466 2037 486 meum
2051 476 2059 489 ‚
2077 457 2150 496 reip.

1197 487 1229 517 δε
1240 498 1340 517 rerum
1360 492 1538 522 urbanarum
1552 495 1626 523 ratio
1636 494 1821 535 gubernabit.
1843 496 1994 527 Succeffoi·
2007 507 2073 528 tuus
2086 507 2151 528 non

1195 529 1293 568 potest
1302 531 1342 560 ita
1350 541 1496 562 maturare
1507 534 1570 563 ullo
1581 538 1676 565 modo
1685 556 1693 569 ,
1713 546 1745 566 ut
1758 546 1788 567 tu
1799 539 1891 569 mein
1905 538 1970 569 Asia
1979 537 2065 579 poffis
2075 549 2151 570 con-

1195 573 1308 601 venire.
1332 576 1347 600 7
1365 575 1411 602 De
1429 575 1595 605 rationibus
1615 577 1776 608 referendis
1788 599 1796 612 ,
1816 590 1880 610 non
1900 590 1960 611 erat
1976 583 2152 611 incommo-

1195 611 1280 646 dum,
1292 621 1320 642 te
1331 615 1445 644 nullam
1459 615 1564 646 referre
1580 627 1585 645 z
1600 627 1689 657 quam
1700 620 1755 649 tibi
1766 621 1866 651 scribis
1875 623 1890 652 a
1899 623 2008 652 Bibulo
2021 621 2084 652 fieri
2094 632 2151 662 po·

1194 653 1339 700 testatem.
1363 656 1418 685 Sed
1429 657 1460 686 id
1473 659 1526 687 vix
1541 660 1618 688 mihi
1634 660 1741 690 videris
1751 664 1906 703 pei-legem
1923 665 2038 705 Juliam
2054 663 2149 694 facere

1191 694 1291 735 poste:
1314 706 1403 736 quam
1415 697 1538 728 Bibulus
1549 709 1624 730 certa
1635 701 1760 740 quadam
1773 707 1885 735 ratione
1896 716 1959 735 nori
1970 706 2061 736 servat
2074 716 2080 735 :
2092 706 2149 736 tibi

1195 746 1376 777 magnopere
1389 739 1559 770 servandam
1572 743 1689 771 censeo.
1712 743 1802 785 Qibd
1814 747 1925 780 scribis,
1938 751 2068 787 Apamea
2078 758 2152 788 prae-

1196 777 1304 808 sidium
1315 779 1422 810 deduci
1440 791 1503 811 non
1516 782 1678 822 oportuisse
1688 803 1696 816 ,
1709 786 1848 816 Videbam
1860 788 1940 817 idem
1954 798 2067 819 ceteros
2085 791 2153 819 exi-

1196 819 1314 851 stimare
1328 832 1333 851 :
1356 822 1541 864 molesteque
1550 823 1681 854 ferebam
1694 845 1703 859 ,
1717 826 1753 856 de
1764 837 1796 856 ea
1807 838 1836 857 re
1847 829 1950 859 minus
1963 831 2146 862 commodos

1195 862 1348 893 sermones
1368 865 1585 896 malivolorum
1603 865 1691 896 fuiss'e
1724 870 1820 898 Parthi
1836 870 2000 902 transierint
2009 892 2017 905 ,
2041 883 2146 906 necne,

1193 913 1298 943 pra-:ter
1316 914 1344 935 te
1356 926 1364 939 ,
1383 906 1474 936 video
1488 907 1622 938 dubitare
1641 911 1808 939 neminem.
1833 913 1930 952 itaque
1940 916 2044 943 omnia
2053 914 2151 953 praesi-

1194 946 1251 980 dia,
1265 957 1330 987 quae
1342 958 1446 989 magna
1455 969 1463 982 ,
1477 949 1509 979 δε
1520 947 1605 979 firma
1614 960 1792 990 paraveram,
1803 962 1976 984 commotus
1987 955 2150 986 hominum

1193 998 1258 1018 non
1272 989 1366 1019 dubio
1376 991 1526 1024 sermone,
1540 990 1651 1022 dimisi.
1675 995 1820 1024 Rationes
1830 995 1891 1024 mei
1901 995 2056 1036 quaestoris
2068 1017 2075 1029 ‚
2095 1007 2150 1027 nec

1192 1039 1298 1060 verum
1306 1030 1365 1061 fuit
1375 1041 1424 1061 me
1435 1032 1490 1062 tibi
1500 1035 1618 1063 mittere
1631 1054 1639 1067 ‚
1661 1044 1716 1064 nec
1728 1045 1830 1066 tamen
1841 1037 2088 1067 erantconsesz.
2103 1048 2150 1069 eas

1192 1081 1249 1101 nos
1261 1075 1401 1112 Apameae
1411 1073 1560 1114 deponere
1570 1076 1783 1118 cogitabamus.
1796 1080 1843 1107 De
1854 1078 1950 1118 praeda
1960 1089 2036 1112 mea,
2049 1074 2150 1119 ssprae-

1192 1122 1235 1143 ter
1246 1114 1405 1154 quaestores
1417 1117 1557 1150 urbanos,
1569 1118 1599 1146 id
1611 1117 1662 1150 cst,
1674 1119 1821 1158 populum
1833 1122 1965 1150 Roman.
1978 1123 2148 1152 teruncium

1194 1165 1249 1185 nec
1258 1159 1372 1197 attigit,
1392 1167 1447 1187 nec
1457 1157 1586 1189 ta&uius
1598 1159 1640 1189 est
1659 1160 1824 1201 quisquam.
1851 1162 2006 1193 Laodiceae
2017 1172 2065 1192 me
2076 1172 2149 1203 prae-

1191 1196 1242 1226 des
1257 1207 1444 1238 accepturum
1468 1200 1593 1230 arbitror
1614 1204 1717 1231 omnis
1733 1204 1869 1242 pecunia:
1890 1203 2018 1244 publica:
2028 1224 2037 1238 ,
2063 1214 2096 1235 ut
2115 1206 2148 1235 δε

1192 1240 1269 1269 mihi
1281 1259 1290 1273 ,
1316 1241 1472 1281 &populo
1480 1251 1600 1272 cautum
1615 1241 1648 1272 sit
1662 1241 1723 1273 sine
1738 1244 1866 1275 πέλω-κ
1885 1246 2031 1286 periculo.
2055 1246 2146 1288 Qod

1189 1281 1292 1311 scribis
1304 1281 1339 1312 ad
1352 1292 1400 1312 me
1414 1283 1450 1312 de
1461 1283 1611 1314 drachmis
1624 1294 1772 1316 CCCLIH.
1795 1287 1874 1316 nihil
1885 1286 1937 1320 est,
1950 1287 2032 1328 quod
2043 1288 2076 1317 in
2087 1287 2146 1318 isto

1186 1332 1294 1364 genere
1311 1326 1451 1365 cuiquam
1470 1324 1577 1366 possim
1596 1328 1800 1358 commodare.
1826 1330 1937 1359 Omnis
1951 1331 2036 1359 euim
2053 1339 2147 1369 pecu-

1188 1367 1238 1394 nia
1257 1367 1297 1395 ita
1307 1365 1444 1397 tractatur
1455 1387 1462 1401 ‚
1478 1376 1511 1397 ut
1529 1368 1624 1408 praeda
1638 1388 1646 1402 ‚
1665 1369 1852 1408 apraefetstis:
1875 1380 1940 1411 quae
1951 1380 2050 1400 autem
2065 1372 2145 1402 mihi

1187 1407 1324 1437 attributa
1338 1407 1380 1438 est
1391 1428 1399 1442 ,
1420 1410 1435 1439 a
1444 1409 1588 1449 quaestore
1601 1419 1728 1440 curetur.
1753 1411 1843 1453 Qod
1855 1414 1961 1453 quaeris
1973 1432 1981 1445 ,
1992 1412 2065 1453 quid
2080 1414 2147 1442 exi-

1186 1447 1306 1479 stimem
1318 1449 1354 1479 de
1364 1451 1554 1492 legionibus,
1573 1462 1637 1493 quae
1649 1451 1773 1483 decretae
1784 1454 1850 1484 sunt
1863 1464 1895 1483 in
1911 1455 2043 1493 Syriam:
2061 1454 2147 1484 antea

1184 1489 1370 1526 dubitabam,
1383 1501 1554 1522 venturaene
1568 1493 1678 1524 efl'ent:
1699 1505 1780 1525 nunc
1790 1496 1868 1525 mihi
1877 1505 1941 1525 non
1952 1494 1995 1525 est
2004 1494 2144 1528 dubium,

1184 1534 1258 1572 quin
1270 1552 1277 1565 ‚
1300 1531 1318 1562 fi
1328 1533 1413 1563 antea
1424 1534 1559 1564 auditum
1572 1537 1627 1565 erit
1637 1555 1646 1569 ,
1671 1538 1769 1566 otium
1782 1535 1839 1566 effe
1852 1539 1886 1566 in
1895 1538 1993 1576 Syria,
2013 1542 2146 1567 venturae

1184 1583 1248 1603 iion
1258 1572 1326 1604 sint.
1341 1578 1356 1601 9
1368 1577 1499 1605 Marium
1510 1576 1633 1616 quidem
1645 1577 1838 1607 succefl'orcm
1848 1578 1972 1608 tandem
1982 1577 2072 1608 video
2086 1577 2144 1608 esse

1184 1624 1357 1650 venturum,
1369 1625 1523 1656 propterea
1536 1618 1617 1658 quod
1630 1619 1744 1648 senatus
1755 1621 1794 1649 ita
1804 1619 1937 1649 decrevit
1948 1639 1956 1652 ,
1977 1628 2010 1649 ut
2018 1629 2088 1650 cum
2100 1620 2145 1650 le·-

1182 1657 1326 1698 gionibus
1343 1668 1406 1687 iret.
1431 1660 1494 1688 Uni
1513 1659 1645 1699 epistolae
1663 1660 1822 1700 respondi:
1842 1663 1934 1690 venio
1954 1660 1990 1691 ad
2007 1662 2142 1692 alteram.

1184 1701 1260 1729 Petis
1272 1719 1280 1733 ‚
1300 1700 1451 1730 utBibulo
1462 1710 1488 1731 te
1499 1703 1590 1741 quam
1606 1701 1833 1743 diligentissime
1853 1703 2088 1733 commendem:
2108 1705 2142 1733 in

1183 1750 1244 1781 quo
1256 1743 1333 1771 mihi
1343 1742 1481 1773 voluntas
1490 1753 1554 1772 non
1568 1743 1665 1774 deest:
1685 1744 1733 1775 sed
1744 1744 1828 1774 locus
1840 1743 1896 1774 ess'e
1907 1745 2027 1775 videtur
2042 1753 2142 1775 tecum

1182 1783 1405 1823 expostulandi.
1429 1785 1517 1815 Solus
1527 1787 1611 1815 enim
1624 1795 1656 1816 tu
1667 1796 1705 1816 ex
1714 1786 1875 1820 omnibus,
1888 1788 2019 1826 quicum
2032 1786 2144 1817 Bibulo

1181 1824 1250 1855 sunt
1260 1845 1268 1858 ‚
1283 1835 1441 1856 certiorem
1456 1837 1682 1868 menumquam
1697 1827 1792 1858 fecisti
1805 1848 1814 1860 ‚
1837 1827 1928 1868 quam
1943 1826 2029 1858 valde
2041 1827 2143 1858 Bibuli

1184 1867 1322 1896 voluntas
1332 1869 1346 1896 a
1359 1877 1410 1897 me
1424 1867 1484 1898 sine
1497 1869 1581 1899 causa
1590 1871 1768 1900 abhorreret.
1791 1869 1937 1898 Permulti
1950 1872 2035 1899 enim
2045 1870 2079 1900 ad
2092 1879 2143 1900 me

1182 1907 1364 1941 detulerunt,
1376 1908 1449 1938 cum
1464 1920 1591 1951 magnus
1601 1912 1770 1941 Antiochiae
1782 1919 1880 1940 metus
1890 1908 1978 1944 efl'et,
1991 1911 2024 1941 &
2034 1921 2142 1952 magna

1182 1949 1245 1988 spes
1259 1951 1292 1979 in
1304 1959 1365 1983 me,
1376 1959 1462 1990 atque
1475 1952 1509 1980 in
1519 1954 1650 1982 exercitu
1662 1962 1745 1985 meo,
1757 1952 1878 1982 solitum
1890 1951 1988 1982 dicere
1998 1973 2007 1986 ,
2019 1954 2141 1994 quidvis

1181 1991 1210 2020 se
1223 1993 1335 2031 perpeti
1348 1993 1438 2021 malie
1449 2012 1457 2025 ‚
1478 1992 1568 2033 quam
1579 1993 1673 2023 videri
1692 1992 1802 2035 eguisse
1816 1994 1932 2024 auxilio
1950 2003 2033 2024 meo.
2055 1994 2139 2036 quod

1181 2043 1236 2073 ego
1247 2032 1351 2064 officio
1361 2033 1522 2074 quaestorio
1536 2043 1563 2064 te
1574 2035 1750 2069 addudhim,
1759 2037 1880 2066 reticere
1889 2035 1925 2065 de
1937 2045 2061 2076 praetore
2072 2046 2139 2069 tuo,

1180 2085 1244 2105 non
1264 2075 1394 2106 moleste
1405 2075 1536 2106 ferebam
1551 2087 1557 2105 :
1578 2087 1763 2119 quamquam
1775 2097 1783 2111 ‚
1806 2077 2066 2118 quemadmodum
2083 2087 2140 2108 tra-

1180 2115 1302 2150 &art-re,
1315 2117 1483 2149 audiebam.
1507 2119 1563 2148 Ille
1573 2129 1674 2149 autem
1686 2140 1694 2154 ,
1714 2129 1785 2150 cum
1796 2121 1830 2149 ad
1842 2120 2013 2150 Thermum
2025 2120 2061 2149 de
2072 2122 2139 2150 Par-

1181 2159 1263 2188 thico
1275 2159 1355 2188 bello
1366 2159 1524 2193 scriberet,
1545 2161 1580 2190 ad
1592 2171 1639 2191 me
1651 2161 1779 2191 litteram
1795 2171 1964 2202 numquam
1984 2160 2080 2191 misit;
2099 2160 2136 2191 ad

1177 2210 1268 2240 quern
1280 2201 1474 2243 intelligebat,
1485 2203 1549 2241 ejus
1560 2203 1631 2232 belli
1645 2204 1811 2243 periculum
1823 2206 1979 2244 pertinere.
2000 2205 2137 2233 Tantum

1181 2244 1216 2271 de
1231 2252 1371 2283 auguratu
1385 2242 1440 2272 filii
1451 2243 1495 2273 sui
1506 2243 1614 2285 scripsit
1623 2245 1658 2276 ad
1671 2255 1736 2275 me:
1758 2247 1790 2275 iri
1801 2255 1860 2286 quo
1871 2255 1926 2286 ego
1934 2245 2139 2275 misericordia

1177 2293 1351 2315 commotus
1362 2305 1370 2318 ,
1392 2285 1425 2314 δε
1437 2285 1517 2326 quod
1528 2284 1642 2328 sen'spkr
1655 2286 1850 2318 amicissimus
1861 2287 1970 2316 Bibulo
1983 2287 2027 2316 fui
2039 2306 2047 2320 ‚
2067 2286 2137 2316 dedi

1177 2335 1296 2365 operam
1310 2346 1318 2359 ‚
1331 2336 1363 2356 ut
1374 2329 1400 2356 ei
1411 2330 1502 2367 quam
1512 2327 1726 2359 humanissime
1739 2329 1908 2359 scriberem.
1931 2328 1987 2358 Ille
1998 2326 2018 2357 si
2033 2330 2137 2358 omni-

1175 2366 1231 2396 bus
1241 2367 1283 2397 est
1296 2369 1460 2398 malivolus
1480 2368 1572 2408 (quod
1587 2380 1756 2411 numquam
1770 2371 1958 2410 existimavi)
1976 2371 2078 2399 minus
2089 2368 2136 2399 of—

1171 2407 1281 2439 fendor
1291 2411 1325 2439 in
1334 2419 1394 2439 me.
1417 2409 1460 2440 fin
1470 2420 1569 2441 autem
1581 2411 1596 2453 a
1610 2422 1659 2442 me
1671 2412 1714 2442 est
1727 2413 1857 2443 alienior
1871 2423 1876 2441 ε
1900 2413 1978 2442 nihil
1991 2411 2047 2482 tibli
2058 2421 2134 2441 meae

2043 2462 2134 2483 itterae

207 2523 232 2540 ι.
250 2516 309 2540 Cum
320 2514 429 2547 audiffim
447 2522 522 2540 nonne
531 2514 679 2548 affirmavi]
700 2515 828 2552 Expunxi
837 2519 899 2552 quod
913 2517 985 2545 suasu
1006 2518 1127 2546 omnium

163 2548 236 2576 Pan.
246 2551 329 2576 Grut.
344 2557 457 2585 quatuor
467 2549 723 2577 Gulielmiaiiorum.

202 2594 230 2612 2.
251 2589 290 2612 Ex
299 2586 333 2612 hia
344 2586 441 2619 miseriis
449 2586 512 2611 nihil
526 2586 597 2611 aliud
612 2587 739 2621 quarere]
759 2587 867 2624 Vulgo:
889 2590 957 2615 aliud
973 2599 1007 2615 me
1017 2599 1128 2624 qum-ere.

164 2620 208 2648 sed
228 2621 433 2658 provocabulum
451 2627 612 2657 praetereunt
621 2623 739 2657 quinque
759 2623 828 2650 Pau.
847 2625 929 2651 Grut.
949 2625 1032 2652 editio
1052 2627 1129 2662 priu-

139 2685 149 2691 Χ
165 2666 237 2693 ceps,
247 2657 382 2684 ViElorius
393 2676 402 2688 ,
414 2656 477 2683 sicut
493 2656 528 2684 est
538 2657 565 2683 iii
576 2659 702 2685 Vaticano
714 2677 722 2690 ,
733 2658 818 2686 edidit
831 2678 840 2692 ,
850 2663 983 2693 existimare
994 2681 1003 2694 ,
1013 2671 1046 2688 me
1057 2672 1085 2688 ex
1093 2663 1129 2689 hie

162 2694 261 2728 nifire'i's
270 2695 334 2719 nihil
339 2693 408 2719 aliud
413 2701 524 2727 querere.

202 2737 230 2765 3.
247 2729 311 2756 Satis
327 2730 430 2762 amplum
442 2729 613 2761 patrimonium
630 2730 762 2764 reIInqueim
779 2732 807 2757 in
816 2734 926 2758 memoria
944 2732 1042 2759 nominis
1055 2734 1124 2768 mei]

166 2763 232 2791 Nou
250 2764 327 2791 debui
345 2764 484 2791 attendere
512 2763 616 2791 fastidio
634 2765 730 2791 Lainb.
749 2767 816 2793 hauc
842 2767 986 2794 lethonem
1017 2770 1032 2795 a
1052 2768 1124 2796 vict.

167 2797 266 2835 editam
285 2801 427 2835 rejicientis
440 2820 449 2833 ‚
467 2809 526 2826 cum
545 2810 602 2827 eam
620 2801 735 2837 praestari
757 2802 859 2830 videam
879 2806 895 2830 ii
915 2805 984 2831 Pali.
1020 2814 1041 2831 r.
1062 2812 1126 2832 tert.

171 2834 348 2869 quanecrut.
365 2836 425 2864 iiam
436 2836 532 2872 reliqui
543 2835 596 2863 duo
607 2856 615 2868 ‚
634 2840 660 2862 In
670 2841 805 2865 memoriam
818 2859 825 2871 ,
846 2839 911 2867 sicut
930 2841 957 2866 δε
978 2849 991 2866 e
1012 2841 1126 2868 itionum

169 2869 255 2911 Prima
266 2889 274 2904 ‚
283 2871 438 2908 praeferiint.
459 2873 541 2908 vulgo
551 2883 557 2899 ι
575 2873 640 2907 satis
649 2875 752 2908 amplum
765 2882 895 2909 patronum
905 2879 1036 2912 relinquam
1045 2886 1127 2904 memo-

172 2913 246 2933 run.

206 2947 235 2973 4.
253 2944 374 2977 stlpm‘flt
380 2945 546 2979 nostrum,sore
555 2946 585 2971 ab
593 2945 623 2971 iia
633 2946 687 2971 mole
707 2946 765 2982 Hom]
777 2948 881 2985 Vulgo,
892 2951 1006 2982 nestrum,
1017 2950 1128 2975 virebam

169 2976 264 3003 abina
274 2977 344 3013 quod
357 2980 427 3007 verbi
436 2981 463 3007 in
475 2980 549 3007 nullo
559 2989 734 3017 praeterquam
749 2991 812 3011 tert.
825 2985 984 3021 deprehendi
997 2997 1002 3012 :
1016 2986 1043 3012 S<
1055 2985 1128 3012 reeh.-

173 3010 320 3048 relegatur‚
329 3022 441 3052 vereque
451 3023 555 3043 arcetur
565 3020 580 3043 a
596 3017 671 3044 iiiiib.
684 3019 830 3048 Tullianis,

211 3056 237 3080 5.
256 3050 382 3090 Dolabella,
391 3051 534 3086 qnodfirripfi
545 3071 553 3084 ,
556 3053 644 3085 suadeo
653 3054 764 3091 videm]
788 3060 845 3084 Cur
856 3057 910 3084 haec
925 3057 1050 3094 scriptura
1061 3067 1128 3084 exu-

168 3081 209 3124 let
219 3093 271 3110 non
294 3084 371 3112 video
388 3085 529 3123 approbata
545 3088 573 3114 δε
594 3089 724 3118 custodita
744 3100 785 3120 tot
796 3094 904 3130 optimis
925 3095 1070 3121 codicibus.
1093 3094 1126 3120 sic

170 3128 240 3145 enim
252 3119 326 3146 Med.
339 3120 371 3147 fic
381 3121 508 3149 Parrscc.
518 3129 581 3150 tert.
591 3132 679 3160 quart.
691 3127 773 3155 Grut.
786 3131 910 3157 Politiani
922 3131 978 3158 cod.
993 3131 1126 3157 stewech.

168 3154 257 3195 Vulgo
271 3165 278 3185 ἱ
298 3159 331 3181 ⁰²
339 3159 456 3184 Dolabella
465 3166 506 3193 ΡΙ·-
522 3167 627 3196 quoque
637 3162 668 3188 Τδ
680 3164 868 3195 Deinficiarur.
877 3168 932 3196 duo
943 3167 1074 3197 Gulielrii.
1093 3167 1128 3195 li-

163 3188 206 3218 lm
215 3194 248 3219 De
262 3193 388 3220 Dolabelte.

1207 2520 1235 2546 6.
1256 2521 1400 2547 CANlNio
1421 2522 1598 2548 SALLUSTIO
1614 2523 1883 2556 PnoQffisrom.]
1913 2523 1976 2549 Non
1997 2530 2055 2549 erat
2074 2524 2134 2549 Ma-

1149 2559 1230 2582 'nut.
1250 2565 1298 2592 pro
1326 2557 1454 2583 arbitratu
1484 2557 1529 2583 suo
1550 2559 1693 2584 immutare
1722 2558 1896 2594 Epistularum
1928 2557 2132 2594 inscriptiones:

1170 2601 1261 2618 omues
1276 2593 1371 2629 quippe
1383 2593 1442 2618 libri
1455 2593 1512 2619 mss'.
1522 2595 1626 2626 Salbastio
1643 2603 1693 2620 non
1707 2596 1845 2625 Sallustiana
1863 2593 2020 2621 inscribunt.
2039 2594 2135 2621 deinde

1170 2627 1240 2663 quod
1250 2631 1406 2663 proconsulem
1417 2638 1520 2664 quoque
1531 2628 1626 2656 salutat
1638 2648 1646 2661 ‚
1657 2629 1772 2663 ejusdem
1785 2630 1851 2656 ratio
1863 2630 1888 2655 8<
1901 2629 1998 2657 frivola
2010 2650 2017 2662 ,
2029 2631 2055 2656 ὅ(
2074 2640 2133 2657 cre-

1168 2663 1266 2690 dulitas
1278 2665 1355 2691 stulta
1375 2665 1420 2691 est.
1444 2664 1476 2690 lic
1486 2674 1592 2700 quoque
1603 2674 1662 2690 euin
1674 2666 1810 2701 appellant
1829 2666 1946 2701 quinque
1966 2666 2034 2692 Pali.
2047 2668 2129 2694 Grut.

1168 2706 1221 2725 tres
1233 2700 1391 2726 Gulielmii:
1419 2700 1505 2727 valuit
1517 2707 1603 2726 tamen
1617 2701 1704 2736 pluris
1715 2700 1781 2737 apud
1794 2710 1835 2728 me
1846 2702 1922 2729 unius
1934 2702 2031 2728 codicis
2043 2702 2133 2730 Medi-

1168 2736 1211 2761 cari
1225 2734 1358 2763 sinceritas
1371 2755 1380 2768 ‚
1402 2736 1429 2762 iii
1442 2745 1494 2771 quo
1507 2736 1539 2762 sic
1551 2736 1627 2763 fuisse
1649 2746 1739 2763 mouet
1751 2737 1878 2772 Egnatius
1890 2747 1898 2768 ;
1919 2739 1946 2764 δε
1959 2737 2071 2764 Vid'torii
2082 2749 2133 2766 au-

1170 2770 1383 2808 ctoritas,fiqi10
1395 2771 1427 2798 sic
1437 2771 1569 2798 excudere
1580 2771 1658 2802 iussus
1679 2773 1713 2799 est
1726 2773 1799 2800 Rob.
1814 2774 1969 2809 Stephanus.
1990 2774 2031 2800 scd
2045 2775 2133 2801 uede-

1171 2808 1338 2834 meniiiierini
1352 2819 1357 2835 ι
1381 2808 1437 2834 l‘al.
1458 2818 1498 2844 pr.
1518 2811 1545 2834 C.
1557 2810 1664 2842 salustio.
1683 2808 1732 2835 sec.
1743 2812 1825 2835 Canio.
1846 2817 1910 2836 tert.
1929 2811 2010 2836 Grut.
2033 2814 2133 2837 Canini.

1171 2852 1263 2880 quart.
1274 2848 1370 2870 Camino
1380 2846 1483 2878 Substio-
1505 2843 1574 2872 solus
1586 2845 1673 2881 quint.
1684 2847 1791 2872 Caninio.
1805 2846 1832 2872 in
1842 2845 1929 2872 ναῦς.
1939 2846 2015 2873 laetoi-
2026 2857 2132 2884 quoque

1167 2879 1218 2906 esse
1228 2881 1283 2907 riost
1289 2889 1340 2906 rain
1353 2880 1507 2906 lechonem.

1204 2924 1233 2949 7.
1252 2920 1284 2942 Dc
1296 2918 1429 2942 rationibus
1443 2915 1594 2951 referentib]
1616 2916 1674 2943 Pal.
1685 2917 1887 2953 pr.fi'Hi0ni‘bm.

1206 2950 1233 2977 8.
1255 2955 1344 2978 'Praeter
1353 2954 1468 2987 questore:
1481 2954 1597 2984 urbanos,
1607 2954 1634 2978 id
1641 2956 1676 2980 ef?
1686 2973 1694 2985 ‚
1702 2956 1809 2987 populum
1820 2957 1961 2986 Romanum,
1970 2955 2129 2989 teruncium]

1170 2987 1227 3012 Pal.
1241 2986 1290 3014 stc.
1303 2990 1385 3014 (ji-ut>
1397 2988 1530 3015 stewech.
1541 2988 1711 3025 exigtiiitilla
1723 2989 1800 3017 rerba
1810 2989 1937 3017 radicitus
1950 3011 1957 3024 ,
1970 2991 2128 3025 idefmopu-

1167 3024 1215 3048 lum
1225 3026 1353 3049 Romanum
1361 3044 1366 3049 .

1205 3066 1233 3094 9.
1254 3063 1382 3087 &lsai-ium
1408 3059 1483 3084 uidem
1494 3060 1642 3093 fitccrffiirem
1652 3062 1746 3087 tandem
1754 3063 1822 3088 ‘video
1839 3063 1879 3096 effe
1888 3063 2043 3097 venafrum]
2065 3063 2128 3089 Ele-

1169 3095 1344 3130 gantilliinam
1358 3096 1398 3121 lec
1414 3096 1501 3121 'ionem
1514 3096 1589 3122 unica
1601 3097 1647 3123 ista
1657 3099 1752 3124 vocula
1763 3097 1867 3125 reddidi
1879 3109 1911 3126 ex
1925 3099 1990 3125 l’all.
2003 3099 2051 3125 sec,
2063 3106 2116 3125 tert

1169 3132 1202 3156 Ui
1212 3139 1251 3157 ut.
1263 3132 1397 3158 Stewccli.
1411 3132 1490 3167 vulgo
1505 3132 1740 3168 interpretamento
1756 3136 1875 3161 contenti
1886 3135 1944 3161 siuit
1957 3155 1964 3167 ,
1976 3136 2043 3161 tarde
2051 3135 2130 3160 vida.

1171 3167 1233 3192 silut
1246 3168 1271 3193 ξ’(
1284 3168 1362 3203 paulo
1373 3167 1446 3203 post:
1464 3170 1524 3201 peris
1536 3168 1550 3194 λ
1562 3179 1595 3194 mc
1608 3189 1614 3197 ,
1633 3177 1662 3194 ut
1672 3172 1764 3198 Ribu'o.
1783 3180 1842 3199 tum
1853 3171 1922 3200 illud
1932 3171 1947 3198 [1
1958 3181 1992 3198 me
2001 3169 2129 3207 projeth-

1172 3204 1238 3231 tium
1252 3204 1283 3233 iit
1292 3204 1362 3234 Pali.
1374 3204 1425 3232 sec.
1437 3211 1501 3232 tert.
1512 3205 1594 3233 Grut.
1605 3207 1738 3235 stewech.
2083 3242 2107 3267 ς,

2048 3249 2072 3268 1.
2099 3247 2137 3268 15ss
