<?xml version="1.0" encoding="UTF-8"?>
<!DOCTYPE html PUBLIC "-//W3C//DTD XHTML 1.0 Transitional//EN"
    "http://www.w3.org/TR/xhtml1/DTD/xhtml1-transitional.dtd">
<html xmlns="http://www.w3.org/1999/xhtml" xml:lang="en" lang="en">
 <head>
  <title>
</title>
<meta http-equiv="Content-Type" content="text/html;charset=utf-8" />
  <meta name='ocr-system' content='tesseract 3.04.00' />
  <meta name='ocr-capabilities' content='ocr_page ocr_carea ocr_par ocr_line ocrx_word'/>
</head>
<body>
  <div class='ocr_page' id='page_1' title='image "./mtuliiciceroniso00cice/mtuliiciceroniso00cice_0800.png"; bbox 0 0 2337 3400; ppageno 0'>
   <div class='ocr_carea' id='block_1_1' title="bbox 174 78 1951 162">
    <p class='ocr_par' dir='ltr' id='par_1_1' title="bbox 174 78 1951 162">
     <span class='ocr_line' id='line_1_1' title="bbox 174 78 1951 162; baseline -0.015 -17"><span class='ocrx_word' id='word_1_1' title='bbox 174 112 274 162; x_wconf 80' lang='lat'>7¹4</span> <span class='ocrx_word' id='word_1_2' title='bbox 582 78 1702 140; x_wconf 54' lang='lat' dir='ltr'>NLTULL11C1CER0N13</span> <span class='ocrx_word' id='word_1_3' title='bbox 1938 101 1951 114; x_wconf 87' lang='lat'>-.</span> 
     </span>
    </p>
   </div>
   <div class='ocr_carea' id='block_1_2' title="bbox 132 161 2296 1552">
    <p class='ocr_par' dir='ltr' id='par_1_2' title="bbox 132 161 2296 1552">
     <span class='ocr_line' id='line_1_2' title="bbox 180 161 2135 219; baseline -0.004 -12"><span class='ocrx_word' id='word_1_4' title='bbox 180 178 263 219; x_wconf 86' lang='lat' dir='ltr'>spero</span> <span class='ocrx_word' id='word_1_5' title='bbox 282 176 362 207; x_wconf 83' lang='lat' dir='ltr'>idem</span> <span class='ocrx_word' id='word_1_6' title='bbox 382 173 456 205; x_wconf 76' lang='lat' dir='ltr'>istuc</span> <span class='ocrx_word' id='word_1_7' title='bbox 475 172 650 204; x_wconf 75' lang='lat' dir='ltr'>familiareis</span> <span class='ocrx_word' id='word_1_8' title='bbox 668 179 745 201; x_wconf 85' lang='lat' dir='ltr'>tuos.</span> <span class='ocrx_word' id='word_1_9' title='bbox 770 167 882 201; x_wconf 67' lang='grc' dir='ltr'>Αξὶιιηπ</span> <span class='ocrx_word' id='word_1_10' title='bbox 894 168 984 209; x_wconf 87' lang='lat' dir='ltr'>igitur</span> <span class='ocrx_word' id='word_1_11' title='bbox 994 165 1030 195; x_wconf 93' lang='lat' dir='ltr'>de</span> <span class='ocrx_word' id='word_1_12' title='bbox 1041 173 1069 195; x_wconf 88' lang='lat' dir='ltr'>te</span> <span class='ocrx_word' id='word_1_13' title='bbox 1080 161 1132 198; x_wconf 76' lang='lat' dir='ltr'>est,</span> <span class='ocrx_word' id='word_1_14' title='bbox 1180 173 1263 196; x_wconf 76' lang='lat' dir='ltr'>avere</span> <span class='ocrx_word' id='word_1_15' title='bbox 1282 168 1405 196; x_wconf 81' lang='lat' dir='ltr'>tecum?</span> <span class='ocrx_word' id='word_1_16' title='bbox 1424 169 1570 198; x_wconf 85' lang='lat' dir='ltr'>necenim</span> <span class='ocrx_word' id='word_1_17' title='bbox 1583 166 1928 209; x_wconf 73' lang='lat' dir='ltr'>sempereodemmodo.</span> <span class='ocrx_word' id='word_1_18' title='bbox 1952 169 2032 212; x_wconf 85' lang='lat' dir='ltr'>Qid</span> <span class='ocrx_word' id='word_1_19' title='bbox 2051 171 2135 203; x_wconf 78' lang='lat' dir='ltr'>enim</span> 
     </span>
     <span class='ocr_line' id='line_1_3' title="bbox 182 206 2138 259; baseline -0.004 -10"><span class='ocrx_word' id='word_1_20' title='bbox 182 218 235 250; x_wconf 84' lang='lat' dir='ltr'>nisi</span> <span class='ocrx_word' id='word_1_21' title='bbox 252 217 399 259; x_wconf 72' lang='lat' dir='ltr'>provides-</span> <span class='ocrx_word' id='word_1_22' title='bbox 424 219 510 246; x_wconf 84' lang='lat' dir='ltr'>Potes</span> <span class='ocrx_word' id='word_1_23' title='bbox 530 214 614 244; x_wconf 88' lang='lat' dir='ltr'>mulo</span> <span class='ocrx_word' id='word_1_24' title='bbox 634 213 710 246; x_wconf 80' lang='lat' dir='ltr'>isto,</span> <span class='ocrx_word' id='word_1_25' title='bbox 729 221 822 252; x_wconf 88' lang='lat' dir='ltr'>quem</span> <span class='ocrx_word' id='word_1_26' title='bbox 833 211 888 241; x_wconf 80' lang='lat' dir='ltr'>tibi</span> <span class='ocrx_word' id='word_1_27' title='bbox 900 210 1049 250; x_wconf 83' lang='lat' dir='ltr'>reliquum</span> <span class='ocrx_word' id='word_1_28' title='bbox 1063 206 1138 237; x_wconf 90' lang='lat' dir='ltr'>dicis</span> <span class='ocrx_word' id='word_1_29' title='bbox 1197 208 1282 238; x_wconf 83' lang='lat' dir='ltr'>imile</span> <span class='ocrx_word' id='word_1_30' title='bbox 1299 207 1385 238; x_wconf 85' lang='lat' dir='ltr'>habet</span> <span class='ocrx_word' id='word_1_31' title='bbox 1398 208 1522 248; x_wconf 86' lang='lat' dir='ltr'>epistola</span> <span class='ocrx_word' id='word_1_32' title='bbox 1534 219 1582 240; x_wconf 86' lang='lat' dir='ltr'>aut</span> <span class='ocrx_word' id='word_1_33' title='bbox 1595 211 1728 249; x_wconf 84' lang='lat' dir='ltr'>judicio,</span> <span class='ocrx_word' id='word_1_34' title='bbox 1749 214 1972 243; x_wconf 86' lang='lat' dir='ltr'>autconcioni?</span> <span class='ocrx_word' id='word_1_35' title='bbox 1991 214 2065 253; x_wconf 88' lang='lat' dir='ltr'>quin</span> <span class='ocrx_word' id='word_1_36' title='bbox 2076 213 2138 253; x_wconf 80' lang='lat' dir='ltr'>ipsa</span> 
     </span>
     <span class='ocr_line' id='line_1_4' title="bbox 184 248 2138 300; baseline -0.003 -11"><span class='ocrx_word' id='word_1_37' title='bbox 184 259 240 291; x_wconf 82' lang='lat' dir='ltr'>css&#39;e</span> <span class='ocrx_word' id='word_1_38' title='bbox 253 280 261 294; x_wconf 95' lang='lat'><em>‚</em></span> <span class='ocrx_word' id='word_1_39' title='bbox 274 268 367 300; x_wconf 90' lang='lat' dir='ltr'>quum</span> <span class='ocrx_word' id='word_1_40' title='bbox 378 258 565 287; x_wconf 78' lang='lat' dir='ltr'>cantherium</span> <span class='ocrx_word' id='word_1_41' title='bbox 576 253 747 286; x_wconf 83' lang='lat' dir='ltr'>comedisti,</span> <span class='ocrx_word' id='word_1_42' title='bbox 760 256 893 283; x_wconf 83' lang='lat' dir='ltr'>Romam</span> <span class='ocrx_word' id='word_1_43' title='bbox 906 251 1040 291; x_wconf 76' lang='lat' dir='ltr'>pervehi.</span> <span class='ocrx_word' id='word_1_44' title='bbox 1063 248 1140 279; x_wconf 85' lang='lat' dir='ltr'>Sella</span> <span class='ocrx_word' id='word_1_45' title='bbox 1185 250 1295 288; x_wconf 88' lang='lat' dir='ltr'>judicia</span> <span class='ocrx_word' id='word_1_46' title='bbox 1314 260 1379 280; x_wconf 91' lang='lat' dir='ltr'>non</span> <span class='ocrx_word' id='word_1_47' title='bbox 1398 250 1530 280; x_wconf 81' lang='lat' dir='ltr'>solemus</span> <span class='ocrx_word' id='word_1_48' title='bbox 1545 253 1649 282; x_wconf 90' lang='lat' dir='ltr'>omnia</span> <span class='ocrx_word' id='word_1_49' title='bbox 1664 253 1784 283; x_wconf 66' lang='lat' dir='ltr'>traEtare</span> <span class='ocrx_word' id='word_1_50' title='bbox 1801 264 1862 284; x_wconf 91' lang='lat' dir='ltr'>uno</span> <span class='ocrx_word' id='word_1_51' title='bbox 1882 254 1984 285; x_wconf 85' lang='lat' dir='ltr'>modo.</span> <span class='ocrx_word' id='word_1_52' title='bbox 2009 256 2138 285; x_wconf 85' lang='lat' dir='ltr'>Privatas</span> 
     </span>
     <span class='ocr_line' id='line_1_5' title="bbox 186 292 2137 338; baseline -0.002 -8"><span class='ocrx_word' id='word_1_53' title='bbox 186 302 240 331; x_wconf 88' lang='lat' dir='ltr'>tibi</span> <span class='ocrx_word' id='word_1_54' title='bbox 258 310 312 330; x_wconf 83' lang='lat' dir='ltr'>erit</span> <span class='ocrx_word' id='word_1_55' title='bbox 323 301 355 329; x_wconf 84' lang='lat' dir='ltr'>in</span> <span class='ocrx_word' id='word_1_56' title='bbox 370 299 460 329; x_wconf 92' lang='lat' dir='ltr'>Ludo</span> <span class='ocrx_word' id='word_1_57' title='bbox 471 318 479 332; x_wconf 87' lang='lat'>,</span> <span class='ocrx_word' id='word_1_58' title='bbox 495 307 648 338; x_wconf 79' lang='lat' dir='ltr'>tamquam</span> <span class='ocrx_word' id='word_1_59' title='bbox 665 294 900 337; x_wconf 86' lang='lat' dir='ltr'>hypodidasculo</span> <span class='ocrx_word' id='word_1_60' title='bbox 911 294 1061 334; x_wconf 79' lang='lat' dir='ltr'>proxima·</span> <span class='ocrx_word' id='word_1_61' title='bbox 1073 300 1139 321; x_wconf 88' lang='lat' dir='ltr'>eam</span> <span class='ocrx_word' id='word_1_62' title='bbox 1187 292 1283 322; x_wconf 73' lang='lat' dir='ltr'>causas</span> <span class='ocrx_word' id='word_1_63' title='bbox 1293 312 1301 325; x_wconf 88' lang='lat'>‚</span> <span class='ocrx_word' id='word_1_64' title='bbox 1314 292 1346 322; x_wconf 66' lang='grc' dir='ltr'>ὃς</span> <span class='ocrx_word' id='word_1_65' title='bbox 1356 301 1402 322; x_wconf 84' lang='lat' dir='ltr'>eas</span> <span class='ocrx_word' id='word_1_66' title='bbox 1413 294 1529 322; x_wconf 86' lang='lat' dir='ltr'>tenueis</span> <span class='ocrx_word' id='word_1_67' title='bbox 1538 311 1546 326; x_wconf 86' lang='lat'>‚</span> <span class='ocrx_word' id='word_1_68' title='bbox 1557 295 1672 334; x_wconf 83' lang='lat' dir='ltr'><strong>agimus</strong></span> <span class='ocrx_word' id='word_1_69' title='bbox 1683 295 1836 326; x_wconf 78' lang='lat' dir='ltr'>subtilius:</span> <span class='ocrx_word' id='word_1_70' title='bbox 1849 298 1951 336; x_wconf 86' lang='lat' dir='ltr'>capitis</span> <span class='ocrx_word' id='word_1_71' title='bbox 1961 317 1969 329; x_wconf 87' lang='lat'>‚</span> <span class='ocrx_word' id='word_1_72' title='bbox 1981 305 2028 326; x_wconf 81' lang='lat' dir='ltr'>aut</span> <span class='ocrx_word' id='word_1_73' title='bbox 2038 295 2137 330; x_wconf 84' lang='lat' dir='ltr'>famae,</span> 
     </span>
     <span class='ocr_line' id='line_1_6' title="bbox 186 333 2141 383; baseline -0.001 -14"><span class='ocrx_word' id='word_1_74' title='bbox 186 343 328 383; x_wconf 76' lang='lat' dir='ltr'>pulvinus</span> <span class='ocrx_word' id='word_1_75' title='bbox 339 341 484 381; x_wconf 78' lang='lat' dir='ltr'>sequetur.</span> <span class='ocrx_word' id='word_1_76' title='bbox 1189 334 1296 364; x_wconf 84' lang='lat' dir='ltr'>scilicet</span> <span class='ocrx_word' id='word_1_77' title='bbox 1311 333 1455 364; x_wconf 77' lang='lat' dir='ltr'>ornatius.</span> <span class='ocrx_word' id='word_1_78' title='bbox 1479 333 1617 374; x_wconf 86' lang='lat' dir='ltr'>epistolas</span> <span class='ocrx_word' id='word_1_79' title='bbox 1630 335 1701 367; x_wconf 67' lang='lat' dir='ltr'>verb</span> <span class='ocrx_word' id='word_1_80' title='bbox 1713 356 1721 370; x_wconf 88' lang='lat'><strong>,</strong></span> <span class='ocrx_word' id='word_1_81' title='bbox 1740 338 1923 377; x_wconf 75' lang='lat' dir='ltr'>quotidianis</span> <span class='ocrx_word' id='word_1_82' title='bbox 1934 338 2141 374; x_wconf 65' lang='lat' dir='ltr'>verbistcxere</span> 
     </span>
     <span class='ocr_line' id='line_1_7' title="bbox 132 375 2142 425; baseline -0.002 -11"><span class='ocrx_word' id='word_1_83' title='bbox 132 401 172 425; x_wconf 63' lang='lat' dir='ltr'>tf&gt;</span> <span class='ocrx_word' id='word_1_84' title='bbox 292 385 480 413; x_wconf 78' lang='lat' dir='ltr'>CICERO</span> <span class='ocrx_word' id='word_1_85' title='bbox 501 384 580 412; x_wconf 87' lang='lat' dir='ltr'>s.D.</span> <span class='ocrx_word' id='word_1_86' title='bbox 605 380 862 411; x_wconf 79' lang='lat' dir='ltr'>LPAPIRIO</span> <span class='ocrx_word' id='word_1_87' title='bbox 884 378 1039 408; x_wconf 83' lang='lat' dir='ltr'>PAETO-</span> <span class='ocrx_word' id='word_1_88' title='bbox 1188 375 1327 405; x_wconf 83' lang='lat' dir='ltr'>solemus.</span> <span class='ocrx_word' id='word_1_89' title='bbox 1351 375 1407 406; x_wconf 85' lang='lat' dir='ltr'>Sed</span> <span class='ocrx_word' id='word_1_90' title='bbox 1427 384 1549 410; x_wconf 83' lang='lat' dir='ltr'>tamen,</span> <span class='ocrx_word' id='word_1_91' title='bbox 1569 378 1701 408; x_wconf 78' lang='lat' dir='ltr'>miPaete</span> <span class='ocrx_word' id='word_1_92' title='bbox 1715 399 1723 412; x_wconf 88' lang='lat'><em>‚</em></span> <span class='ocrx_word' id='word_1_93' title='bbox 1742 377 1793 419; x_wconf 81' lang='lat' dir='ltr'>qui</span> <span class='ocrx_word' id='word_1_94' title='bbox 1804 380 1991 410; x_wconf 85' lang='lat' dir='ltr'>tibivenitiu</span> <span class='ocrx_word' id='word_1_95' title='bbox 2006 389 2142 410; x_wconf 82' lang='lat' dir='ltr'><strong>mentem</strong></span> 
     </span>
     <span class='ocr_line' id='line_1_8' title="bbox 151 419 2143 462; baseline -0.005 -6"><span class='ocrx_word' id='word_1_96' title='bbox 151 427 160 434; x_wconf 72' lang='lat'><em>&#39;</em></span> <span class='ocrx_word' id='word_1_97' title='bbox 293 429 318 455; x_wconf 85' lang='grc' dir='ltr'><strong>Λ</strong></span> <span class='ocrx_word' id='word_1_98' title='bbox 332 435 356 454; x_wconf 76' lang='grc' dir='ltr'><strong><em>Μ</em></strong></span> <span class='ocrx_word' id='word_1_99' title='bbox 371 434 389 453; x_wconf 64' lang='grc' dir='ltr'><strong><em>ε</em></strong></span> <span class='ocrx_word' id='word_1_100' title='bbox 400 424 445 454; x_wconf 60' lang='lat' dir='ltr'>Na</span> <span class='ocrx_word' id='word_1_101' title='bbox 468 425 582 454; x_wconf 76' lang='lat' dir='ltr'>malitia</span> <span class='ocrx_word' id='word_1_102' title='bbox 601 433 662 453; x_wconf 84' lang='lat' dir='ltr'>non</span> <span class='ocrx_word' id='word_1_103' title='bbox 682 421 819 452; x_wconf 79' lang='lat' dir='ltr'><strong>discedis.</strong></span> <span class='ocrx_word' id='word_1_104' title='bbox 843 419 999 450; x_wconf 87' lang='lat' dir='ltr'>tenuiculo</span> <span class='ocrx_word' id='word_1_105' title='bbox 1008 425 1142 458; x_wconf 78' lang='lat' dir='ltr'>apparatu</span> <span class='ocrx_word' id='word_1_106' title='bbox 1189 428 1304 459; x_wconf 68' lang='lat' dir='ltr'>negare,</span> <span class='ocrx_word' id='word_1_107' title='bbox 1318 419 1466 457; x_wconf 87' lang='lat' dir='ltr'>Papirium</span> <span class='ocrx_word' id='word_1_108' title='bbox 1476 427 1659 459; x_wconf 86' lang='lat' dir='ltr'>quemquam</span> <span class='ocrx_word' id='word_1_109' title='bbox 1671 429 1827 459; x_wconf 81' lang='lat' dir='ltr'>umquam,</span> <span class='ocrx_word' id='word_1_110' title='bbox 1839 421 1894 452; x_wconf 83' lang='lat' dir='ltr'>nisi</span> <span class='ocrx_word' id='word_1_111' title='bbox 1906 421 2056 462; x_wconf 73' lang='lat' dir='ltr'>plebeium</span> <span class='ocrx_word' id='word_1_112' title='bbox 2068 421 2143 451; x_wconf 74' lang='lat' dir='ltr'>fuis.</span> 
     </span>
     <span class='ocr_line' id='line_1_9' title="bbox 286 459 2143 507; baseline -0.002 -11"><span class='ocrx_word' id='word_1_113' title='bbox 286 465 429 507; x_wconf 65' lang='lat' dir='ltr'>significas</span> <span class='ocrx_word' id='word_1_114' title='bbox 440 466 566 496; x_wconf 78' lang='lat' dir='ltr'>Balbum</span> <span class='ocrx_word' id='word_1_115' title='bbox 577 463 662 495; x_wconf 70' lang='lat' dir='ltr'>fuisle</span> <span class='ocrx_word' id='word_1_116' title='bbox 674 472 862 495; x_wconf 83' lang='lat' dir='ltr'>contentum.</span> <span class='ocrx_word' id='word_1_117' title='bbox 874 463 931 492; x_wconf 87' lang='lat' dir='ltr'>hoc</span> <span class='ocrx_word' id='word_1_118' title='bbox 940 460 1051 491; x_wconf 88' lang='lat' dir='ltr'>videris</span> <span class='ocrx_word' id='word_1_119' title='bbox 1064 459 1143 489; x_wconf 78' lang='lat' dir='ltr'>dice·</span> <span class='ocrx_word' id='word_1_120' title='bbox 1190 460 1216 489; x_wconf 81' lang='lat' dir='ltr'>se</span> <span class='ocrx_word' id='word_1_121' title='bbox 1237 463 1247 488; x_wconf 90' lang='lat'>?</span> <span class='ocrx_word' id='word_1_122' title='bbox 1272 459 1395 490; x_wconf 83' lang='lat' dir='ltr'>fuerunt</span> <span class='ocrx_word' id='word_1_123' title='bbox 1412 462 1496 489; x_wconf 90' lang='lat' dir='ltr'>enim</span> <span class='ocrx_word' id='word_1_124' title='bbox 1516 462 1631 500; x_wconf 87' lang='lat' dir='ltr'>patricii</span> <span class='ocrx_word' id='word_1_125' title='bbox 1651 462 1807 491; x_wconf 86' lang='lat' dir='ltr'>minorum</span> <span class='ocrx_word' id='word_1_126' title='bbox 1828 468 1963 503; x_wconf 84' lang='lat' dir='ltr'>gentium</span> <span class='ocrx_word' id='word_1_127' title='bbox 1980 483 1987 498; x_wconf 84' lang='lat'>,</span> <span class='ocrx_word' id='word_1_128' title='bbox 2011 472 2143 504; x_wconf 72' lang='lat' dir='ltr'>quorum</span> 
     </span>
     <span class='ocr_line' id='line_1_10' title="bbox 189 501 2145 548; baseline -0.001 -11"><span class='ocrx_word' id='word_1_129' title='bbox 189 520 219 539; x_wconf 78' lang='lat' dir='ltr'>re</span> <span class='ocrx_word' id='word_1_130' title='bbox 231 529 238 542; x_wconf 87' lang='lat'>‚</span> <span class='ocrx_word' id='word_1_131' title='bbox 259 508 329 538; x_wconf 74' lang='lat' dir='ltr'>cum</span> <span class='ocrx_word' id='word_1_132' title='bbox 339 518 420 548; x_wconf 65' lang='lat' dir='ltr'>reges</span> <span class='ocrx_word' id='word_1_133' title='bbox 431 517 491 538; x_wconf 81' lang='lat' dir='ltr'>tam</span> <span class='ocrx_word' id='word_1_134' title='bbox 503 507 557 538; x_wconf 90' lang='lat' dir='ltr'>sint</span> <span class='ocrx_word' id='word_1_135' title='bbox 567 508 774 540; x_wconf 75' lang='lat' dir='ltr'>continentes,</span> <span class='ocrx_word' id='word_1_136' title='bbox 794 503 892 535; x_wconf 73' lang='lat' dir='ltr'>multo</span> <span class='ocrx_word' id='word_1_137' title='bbox 905 504 997 544; x_wconf 80' lang='lat' dir='ltr'>magis</span> <span class='ocrx_word' id='word_1_138' title='bbox 1007 501 1144 531; x_wconf 86' lang='lat' dir='ltr'>consula·</span> <span class='ocrx_word' id='word_1_139' title='bbox 1188 503 1325 542; x_wconf 79' lang='lat' dir='ltr'>prinecps</span> <span class='ocrx_word' id='word_1_140' title='bbox 1338 504 1371 531; x_wconf 92' lang='lat' dir='ltr'>L.</span> <span class='ocrx_word' id='word_1_141' title='bbox 1385 503 1515 541; x_wconf 79' lang='lat' dir='ltr'>Papirius</span> <span class='ocrx_word' id='word_1_142' title='bbox 1526 502 1712 542; x_wconf 85' lang='lat' dir='ltr'>Mugillanus</span> <span class='ocrx_word' id='word_1_143' title='bbox 1722 522 1731 536; x_wconf 88' lang='lat'>,</span> <span class='ocrx_word' id='word_1_144' title='bbox 1750 506 1802 543; x_wconf 91' lang='lat' dir='ltr'>qui</span> <span class='ocrx_word' id='word_1_145' title='bbox 1815 505 1919 534; x_wconf 84' lang='lat' dir='ltr'>consul</span> <span class='ocrx_word' id='word_1_146' title='bbox 1932 515 2000 535; x_wconf 87' lang='lat' dir='ltr'>cum</span> <span class='ocrx_word' id='word_1_147' title='bbox 2014 508 2047 535; x_wconf 87' lang='lat' dir='ltr'>L.</span> <span class='ocrx_word' id='word_1_148' title='bbox 2058 509 2145 535; x_wconf 78' lang='lat' dir='ltr'>Sem-</span> 
     </span>
     <span class='ocr_line' id='line_1_11' title="bbox 187 542 2143 590; baseline -0.002 -9"><span class='ocrx_word' id='word_1_149' title='bbox 187 553 246 582; x_wconf 65' lang='lat' dir='ltr'>reis</span> <span class='ocrx_word' id='word_1_150' title='bbox 269 549 326 580; x_wconf 77' lang='lat' dir='ltr'>ess&#39;e</span> <span class='ocrx_word' id='word_1_151' title='bbox 343 560 489 590; x_wconf 79' lang='lat' dir='ltr'>oportere.</span> <span class='ocrx_word' id='word_1_152' title='bbox 511 551 605 580; x_wconf 82' lang='lat' dir='ltr'>nescis</span> <span class='ocrx_word' id='word_1_153' title='bbox 624 559 673 579; x_wconf 87' lang='lat' dir='ltr'>me</span> <span class='ocrx_word' id='word_1_154' title='bbox 690 548 727 579; x_wconf 85' lang='lat' dir='ltr'>ab</span> <span class='ocrx_word' id='word_1_155' title='bbox 749 548 805 577; x_wconf 86' lang='lat' dir='ltr'>illo</span> <span class='ocrx_word' id='word_1_156' title='bbox 825 555 931 576; x_wconf 88' lang='lat' dir='ltr'>omnia</span> <span class='ocrx_word' id='word_1_157' title='bbox 947 544 1143 584; x_wconf 76' lang='lat' dir='ltr'>expiscatum,</span> <span class='ocrx_word' id='word_1_158' title='bbox 1189 547 1296 584; x_wconf 84' lang='lat' dir='ltr'>prouio</span> <span class='ocrx_word' id='word_1_159' title='bbox 1309 545 1446 574; x_wconf 77' lang='lat' dir='ltr'>Atratino</span> <span class='ocrx_word' id='word_1_160' title='bbox 1455 542 1611 578; x_wconf 56' lang='lat' dir='ltr'>fumeum</span> <span class='ocrx_word' id='word_1_161' title='bbox 1621 544 1704 574; x_wconf 70' lang='lat' dir='ltr'>antea</span> <span class='ocrx_word' id='word_1_162' title='bbox 1713 545 1817 575; x_wconf 86' lang='lat' dir='ltr'>censor</span> <span class='ocrx_word' id='word_1_163' title='bbox 1826 556 1896 576; x_wconf 86' lang='lat' dir='ltr'>curn</span> <span class='ocrx_word' id='word_1_164' title='bbox 1907 547 2019 577; x_wconf 87' lang='lat' dir='ltr'>eodem</span> <span class='ocrx_word' id='word_1_165' title='bbox 2031 545 2143 581; x_wconf 78' lang='lat' dir='ltr'>suisi&#39;et,</span> 
     </span>
     <span class='ocr_line' id='line_1_12' title="bbox 188 584 2143 632; baseline -0.002 -10"><span class='ocrx_word' id='word_1_166' title='bbox 188 592 268 623; x_wconf 57' lang='lat' dir='ltr'>reem</span> <span class='ocrx_word' id='word_1_167' title='bbox 287 594 369 622; x_wconf 71' lang='lat' dir='ltr'>enim</span> <span class='ocrx_word' id='word_1_168' title='bbox 391 593 406 622; x_wconf 73' lang='lat' dir='ltr'>a</span> <span class='ocrx_word' id='word_1_169' title='bbox 425 601 508 632; x_wconf 75' lang='lat' dir='ltr'>porta</span> <span class='ocrx_word' id='word_1_170' title='bbox 518 591 647 621; x_wconf 89' lang='lat' dir='ltr'>domum</span> <span class='ocrx_word' id='word_1_171' title='bbox 659 600 758 621; x_wconf 83' lang='lat' dir='ltr'>meam</span> <span class='ocrx_word' id='word_1_172' title='bbox 769 587 890 619; x_wconf 70' lang='lat' dir='ltr'>venisse·</span> <span class='ocrx_word' id='word_1_173' title='bbox 911 596 1007 626; x_wconf 74' lang='lat' dir='ltr'>neque</span> <span class='ocrx_word' id='word_1_174' title='bbox 1026 586 1084 615; x_wconf 86' lang='lat' dir='ltr'>hoc</span> <span class='ocrx_word' id='word_1_175' title='bbox 1094 584 1145 614; x_wconf 83' lang='lat' dir='ltr'>ad·</span> <span class='ocrx_word' id='word_1_176' title='bbox 1191 588 1276 617; x_wconf 86' lang='lat' dir='ltr'>annis</span> <span class='ocrx_word' id='word_1_177' title='bbox 1285 585 1352 626; x_wconf 79' lang='lat' dir='ltr'>post</span> <span class='ocrx_word' id='word_1_178' title='bbox 1361 588 1494 616; x_wconf 84' lang='lat' dir='ltr'>Romam</span> <span class='ocrx_word' id='word_1_179' title='bbox 1505 586 1658 616; x_wconf 87' lang='lat' dir='ltr'>conditam</span> <span class='ocrx_word' id='word_1_180' title='bbox 1672 596 1804 616; x_wconf 82' lang='lat' dir='ltr'>cocxu.</span> <span class='ocrx_word' id='word_1_181' title='bbox 1828 587 1884 617; x_wconf 90' lang='lat' dir='ltr'>Sed</span> <span class='ocrx_word' id='word_1_182' title='bbox 1898 596 1963 617; x_wconf 86' lang='lat' dir='ltr'>tum</span> <span class='ocrx_word' id='word_1_183' title='bbox 1974 587 2076 629; x_wconf 87' lang='lat' dir='ltr'>Papisii</span> <span class='ocrx_word' id='word_1_184' title='bbox 2095 588 2143 618; x_wconf 85' lang='lat' dir='ltr'>di-</span> 
     </span>
     <span class='ocr_line' id='line_1_13' title="bbox 194 625 2144 675; baseline -0.005 -6"><span class='ocrx_word' id='word_1_185' title='bbox 194 637 309 668; x_wconf 73' lang='lat' dir='ltr'>miror,</span> <span class='ocrx_word' id='word_1_186' title='bbox 328 634 410 675; x_wconf 65' lang='lat' dir='ltr'>quod</span> <span class='ocrx_word' id='word_1_187' title='bbox 423 644 486 664; x_wconf 78' lang='lat' dir='ltr'>non</span> <span class='ocrx_word' id='word_1_188' title='bbox 498 634 531 664; x_wconf 62' lang='lat' dir='ltr'>:ed</span> <span class='ocrx_word' id='word_1_189' title='bbox 544 643 624 664; x_wconf 76' lang='lat' dir='ltr'>tuam</span> <span class='ocrx_word' id='word_1_190' title='bbox 636 632 736 672; x_wconf 79' lang='lat' dir='ltr'>potius</span> <span class='ocrx_word' id='word_1_191' title='bbox 751 643 756 660; x_wconf 93' lang='lat'>:</span> <span class='ocrx_word' id='word_1_192' title='bbox 770 630 818 661; x_wconf 85' lang='lat' dir='ltr'>sed</span> <span class='ocrx_word' id='word_1_193' title='bbox 830 629 901 660; x_wconf 80' lang='lat' dir='ltr'>illud</span> <span class='ocrx_word' id='word_1_194' title='bbox 915 649 922 663; x_wconf 76' lang='lat'>‚</span> <span class='ocrx_word' id='word_1_195' title='bbox 942 627 1024 668; x_wconf 60' lang='lat' dir='ltr'>quod</span> <span class='ocrx_word' id='word_1_196' title='bbox 1037 636 1098 656; x_wconf 89' lang='lat' dir='ltr'>non</span> <span class='ocrx_word' id='word_1_197' title='bbox 1109 625 1143 656; x_wconf 90' lang='lat' dir='ltr'>ad</span> <span class='ocrx_word' id='word_1_198' title='bbox 1191 629 1354 659; x_wconf 75' lang='lat' dir='ltr'>cebamrni.</span> <span class='ocrx_word' id='word_1_199' title='bbox 1379 627 1446 658; x_wconf 85' lang='lat' dir='ltr'>Post</span> <span class='ocrx_word' id='word_1_200' title='bbox 1465 628 1563 662; x_wconf 85' lang='lat' dir='ltr'>hunc,</span> <span class='ocrx_word' id='word_1_201' title='bbox 1586 637 1668 657; x_wconf 86' lang='lat' dir='ltr'>x111.</span> <span class='ocrx_word' id='word_1_202' title='bbox 1686 626 1808 659; x_wconf 78' lang='lat' dir='ltr'>fuerunt</span> <span class='ocrx_word' id='word_1_203' title='bbox 1828 629 1897 659; x_wconf 77' lang='lat' dir='ltr'>sella</span> <span class='ocrx_word' id='word_1_204' title='bbox 1915 630 2010 659; x_wconf 78' lang='lat' dir='ltr'>curuli</span> <span class='ocrx_word' id='word_1_205' title='bbox 2026 639 2092 660; x_wconf 84' lang='lat' dir='ltr'>ante</span> <span class='ocrx_word' id='word_1_206' title='bbox 2105 632 2144 660; x_wconf 88' lang='lat' dir='ltr'>L.</span> 
     </span>
     <span class='ocr_line' id='line_1_14' title="bbox 194 668 2148 717; baseline -0.003 -12"><span class='ocrx_word' id='word_1_207' title='bbox 194 677 287 706; x_wconf 71' lang='lat' dir='ltr'>suzim.</span> <span class='ocrx_word' id='word_1_208' title='bbox 313 679 376 717; x_wconf 75' lang='lat' dir='ltr'>Ego</span> <span class='ocrx_word' id='word_1_209' title='bbox 386 685 483 706; x_wconf 58' lang='lat' dir='ltr'>autem</span> <span class='ocrx_word' id='word_1_210' title='bbox 494 677 600 716; x_wconf 87' lang='lat' dir='ltr'>primis</span> <span class='ocrx_word' id='word_1_211' title='bbox 610 675 703 705; x_wconf 82' lang='lat' dir='ltr'>tribus</span> <span class='ocrx_word' id='word_1_212' title='bbox 714 673 822 706; x_wconf 82' lang='lat' dir='ltr'>verbis,</span> <span class='ocrx_word' id='word_1_213' title='bbox 834 670 915 712; x_wconf 77' lang='lat' dir='ltr'>Qd</span> <span class='ocrx_word' id='word_1_214' title='bbox 926 668 1022 699; x_wconf 86' lang='lat' dir='ltr'>noster</span> <span class='ocrx_word' id='word_1_215' title='bbox 1034 671 1145 699; x_wconf 85' lang='lat' dir='ltr'>Poetus?</span> <span class='ocrx_word' id='word_1_216' title='bbox 1192 673 1341 711; x_wconf 89' lang='lat' dir='ltr'>Papirium</span> <span class='ocrx_word' id='word_1_217' title='bbox 1359 668 1491 700; x_wconf 74' lang='lat' dir='ltr'>Crass&#39;um</span> <span class='ocrx_word' id='word_1_218' title='bbox 1504 689 1512 703; x_wconf 91' lang='lat'>,</span> <span class='ocrx_word' id='word_1_219' title='bbox 1529 671 1582 710; x_wconf 81' lang='lat' dir='ltr'>qui</span> <span class='ocrx_word' id='word_1_220' title='bbox 1599 671 1731 709; x_wconf 80' lang='lat' dir='ltr'>primum</span> <span class='ocrx_word' id='word_1_221' title='bbox 1745 669 1836 700; x_wconf 87' lang='lat' dir='ltr'>Pifius</span> <span class='ocrx_word' id='word_1_222' title='bbox 1854 669 1896 701; x_wconf 88' lang='lat' dir='ltr'>cst</span> <span class='ocrx_word' id='word_1_223' title='bbox 1912 673 2012 701; x_wconf 88' lang='lat' dir='ltr'>vocari</span> <span class='ocrx_word' id='word_1_224' title='bbox 2029 671 2148 702; x_wconf 82' lang='lat' dir='ltr'>desitus.</span> 
     </span>
     <span class='ocr_line' id='line_1_15' title="bbox 190 708 2149 759; baseline -0.006 -11"><span class='ocrx_word' id='word_1_225' title='bbox 190 728 218 748; x_wconf 76' lang='lat' dir='ltr'>at</span> <span class='ocrx_word' id='word_1_226' title='bbox 237 719 289 747; x_wconf 73' lang='lat' dir='ltr'>iile</span> <span class='ocrx_word' id='word_1_227' title='bbox 307 719 461 755; x_wconf 69' lang='lat' dir='ltr'>adjurans,</span> <span class='ocrx_word' id='word_1_228' title='bbox 485 718 640 759; x_wconf 79' lang='lat' dir='ltr'>Nusquam</span> <span class='ocrx_word' id='word_1_229' title='bbox 664 717 692 747; x_wconf 77' lang='lat' dir='ltr'>se</span> <span class='ocrx_word' id='word_1_230' title='bbox 712 724 856 754; x_wconf 79' lang='lat' dir='ltr'>umquam</span> <span class='ocrx_word' id='word_1_231' title='bbox 867 710 1024 743; x_wconf 79' lang='lat' dir='ltr'>libentius.</span> <span class='ocrx_word' id='word_1_232' title='bbox 1048 708 1146 740; x_wconf 87' lang='lat' dir='ltr'>Hocfi</span> <span class='ocrx_word' id='word_1_233' title='bbox 1192 712 1434 744; x_wconf 61' lang='lat' dir='ltr'>1sd1&amp;3102·cum</span> <span class='ocrx_word' id='word_1_234' title='bbox 1449 713 1603 751; x_wconf 63' lang='lat' dir='ltr'>L.Pap&#39;1rio</span> <span class='ocrx_word' id='word_1_235' title='bbox 1614 712 1755 746; x_wconf 74' lang='lat' dir='ltr'>Cursore,</span> <span class='ocrx_word' id='word_1_236' title='bbox 1777 711 1917 752; x_wconf 58' lang='lat' dir='ltr'>magistro</span> <span class='ocrx_word' id='word_1_237' title='bbox 1927 714 2063 753; x_wconf 66' lang='lat' dir='ltr'>equitum</span> <span class='ocrx_word' id='word_1_238' title='bbox 2076 732 2084 747; x_wconf 82' lang='lat'>,</span> <span class='ocrx_word' id='word_1_239' title='bbox 2105 712 2149 744; x_wconf 68' lang='lat' dir='ltr'>fa-</span> 
     </span>
     <span class='ocr_line' id='line_1_16' title="bbox 192 752 2151 793; baseline -0.005 -4"><span class='ocrx_word' id='word_1_240' title='bbox 192 759 446 790; x_wconf 69' lang='lat' dir='ltr'>verbisafl&#39;eeutus</span> <span class='ocrx_word' id='word_1_241' title='bbox 457 769 487 790; x_wconf 89' lang='lat' dir='ltr'>es</span> <span class='ocrx_word' id='word_1_242' title='bbox 498 780 506 792; x_wconf 86' lang='lat'>,</span> <span class='ocrx_word' id='word_1_243' title='bbox 523 761 617 790; x_wconf 82' lang='lat' dir='ltr'>aureis</span> <span class='ocrx_word' id='word_1_244' title='bbox 628 758 661 789; x_wconf 82' lang='lat' dir='ltr'>ad</span> <span class='ocrx_word' id='word_1_245' title='bbox 674 767 700 788; x_wconf 84' lang='lat' dir='ltr'>te</span> <span class='ocrx_word' id='word_1_246' title='bbox 711 756 831 788; x_wconf 59' lang='lat' dir='ltr'>afferam</span> <span class='ocrx_word' id='word_1_247' title='bbox 844 764 907 784; x_wconf 91' lang='lat' dir='ltr'>non</span> <span class='ocrx_word' id='word_1_248' title='bbox 918 752 1021 783; x_wconf 79' lang='lat' dir='ltr'>minus</span> <span class='ocrx_word' id='word_1_249' title='bbox 1029 752 1147 792; x_wconf 83' lang='lat' dir='ltr'>elegan-</span> <span class='ocrx_word' id='word_1_250' title='bbox 1194 755 1259 786; x_wconf 66' lang='lat' dir='ltr'>&amp;us</span> <span class='ocrx_word' id='word_1_251' title='bbox 1279 754 1320 784; x_wconf 82' lang='lat' dir='ltr'>est</span> <span class='ocrx_word' id='word_1_252' title='bbox 1331 774 1338 788; x_wconf 90' lang='lat'>‚</span> <span class='ocrx_word' id='word_1_253' title='bbox 1358 755 1444 784; x_wconf 84' lang='lat' dir='ltr'>annis</span> <span class='ocrx_word' id='word_1_254' title='bbox 1460 752 1527 793; x_wconf 83' lang='lat' dir='ltr'>post</span> <span class='ocrx_word' id='word_1_255' title='bbox 1537 755 1670 783; x_wconf 85' lang='lat' dir='ltr'>Romam</span> <span class='ocrx_word' id='word_1_256' title='bbox 1689 754 1843 784; x_wconf 70' lang='lat' dir='ltr'>conditam</span> <span class='ocrx_word' id='word_1_257' title='bbox 1865 763 2007 784; x_wconf 75' lang='lat' dir='ltr'>ccccxv.</span> <span class='ocrx_word' id='word_1_258' title='bbox 2035 755 2067 784; x_wconf 87' lang='lat'>&amp;</span> <span class='ocrx_word' id='word_1_259' title='bbox 2098 764 2151 786; x_wconf 75' lang='lat' dir='ltr'>ua-</span> 
     </span>
     <span class='ocr_line' id='line_1_17' title="bbox 191 792 2151 841; baseline -0.005 -10"><span class='ocrx_word' id='word_1_260' title='bbox 191 804 260 831; x_wconf 80' lang='lat' dir='ltr'>teis.</span> <span class='ocrx_word' id='word_1_261' title='bbox 284 801 326 832; x_wconf 83' lang='lat' dir='ltr'>sin</span> <span class='ocrx_word' id='word_1_262' title='bbox 343 811 444 832; x_wconf 76' lang='lat' dir='ltr'>autem</span> <span class='ocrx_word' id='word_1_263' title='bbox 466 801 612 832; x_wconf 85' lang='lat' dir='ltr'>obsonio:</span> <span class='ocrx_word' id='word_1_264' title='bbox 629 809 699 841; x_wconf 76' lang='lat' dir='ltr'>peto</span> <span class='ocrx_word' id='word_1_265' title='bbox 714 800 729 829; x_wconf 69' lang='lat' dir='ltr'>a</span> <span class='ocrx_word' id='word_1_266' title='bbox 740 807 767 828; x_wconf 88' lang='lat' dir='ltr'>te</span> <span class='ocrx_word' id='word_1_267' title='bbox 779 818 788 831; x_wconf 84' lang='lat'>‚</span> <span class='ocrx_word' id='word_1_268' title='bbox 810 807 847 827; x_wconf 88' lang='lat' dir='ltr'>ne</span> <span class='ocrx_word' id='word_1_269' title='bbox 860 797 953 836; x_wconf 82' lang='lat' dir='ltr'>pluris</span> <span class='ocrx_word' id='word_1_270' title='bbox 964 792 1022 824; x_wconf 73' lang='lat' dir='ltr'>effe</span> <span class='ocrx_word' id='word_1_271' title='bbox 1032 794 1148 825; x_wconf 81' lang='lat' dir='ltr'>balbos,</span> <span class='ocrx_word' id='word_1_272' title='bbox 1195 798 1337 828; x_wconf 69' lang='lat' dir='ltr'>driennio</span> <span class='ocrx_word' id='word_1_273' title='bbox 1346 795 1413 836; x_wconf 78' lang='lat' dir='ltr'>post</span> <span class='ocrx_word' id='word_1_274' title='bbox 1423 795 1528 825; x_wconf 86' lang='lat' dir='ltr'>consul</span> <span class='ocrx_word' id='word_1_275' title='bbox 1538 805 1608 826; x_wconf 87' lang='lat' dir='ltr'>cum</span> <span class='ocrx_word' id='word_1_276' title='bbox 1620 796 1773 826; x_wconf 92' lang='lat' dir='ltr'>C.Duillo.</span> <span class='ocrx_word' id='word_1_277' title='bbox 1798 798 1890 826; x_wconf 85' lang='lat' dir='ltr'>Hunc</span> <span class='ocrx_word' id='word_1_278' title='bbox 1898 796 2012 826; x_wconf 73' lang='lat' dir='ltr'>secutus</span> <span class='ocrx_word' id='word_1_279' title='bbox 2023 795 2064 826; x_wconf 83' lang='lat' dir='ltr'>est</span> <span class='ocrx_word' id='word_1_280' title='bbox 2102 806 2151 827; x_wconf 78' lang='lat' dir='ltr'>ur.</span> 
     </span>
     <span class='ocr_line' id='line_1_18' title="bbox 195 835 2150 884; baseline -0.003 -10"><span class='ocrx_word' id='word_1_281' title='bbox 195 854 286 884; x_wconf 75' lang='lat' dir='ltr'>quam</span> <span class='ocrx_word' id='word_1_282' title='bbox 306 844 430 874; x_wconf 78' lang='lat' dir='ltr'>disertos</span> <span class='ocrx_word' id='word_1_283' title='bbox 445 853 539 884; x_wconf 77' lang='lat' dir='ltr'>putes.</span> <span class='ocrx_word' id='word_1_284' title='bbox 565 845 616 872; x_wconf 89' lang='lat' dir='ltr'>Me</span> <span class='ocrx_word' id='word_1_285' title='bbox 634 840 770 883; x_wconf 85' lang='lat' dir='ltr'>quotidie</span> <span class='ocrx_word' id='word_1_286' title='bbox 787 840 868 869; x_wconf 85' lang='lat' dir='ltr'>aliud</span> <span class='ocrx_word' id='word_1_287' title='bbox 887 847 926 867; x_wconf 87' lang='lat' dir='ltr'>ex</span> <span class='ocrx_word' id='word_1_288' title='bbox 936 835 1142 876; x_wconf 84' lang='lat' dir='ltr'>alioimpedit·</span> <span class='ocrx_word' id='word_1_289' title='bbox 1197 841 1264 873; x_wconf 85' lang='lat' dir='ltr'>sor,</span> <span class='ocrx_word' id='word_1_290' title='bbox 1285 840 1380 868; x_wconf 86' lang='lat' dir='ltr'>homo</span> <span class='ocrx_word' id='word_1_291' title='bbox 1392 837 1477 867; x_wconf 85' lang='lat' dir='ltr'>valde</span> <span class='ocrx_word' id='word_1_292' title='bbox 1488 838 1668 868; x_wconf 86' lang='lat' dir='ltr'>honoratus:</span> <span class='ocrx_word' id='word_1_293' title='bbox 1687 837 1797 867; x_wconf 82' lang='lat' dir='ltr'>deinde</span> <span class='ocrx_word' id='word_1_294' title='bbox 1809 840 1846 868; x_wconf 88' lang='lat' dir='ltr'>L.</span> <span class='ocrx_word' id='word_1_295' title='bbox 1858 836 1954 867; x_wconf 71' lang='lat' dir='ltr'>Masso</span> <span class='ocrx_word' id='word_1_296' title='bbox 1966 858 1974 872; x_wconf 88' lang='lat'>,</span> <span class='ocrx_word' id='word_1_297' title='bbox 1993 838 2150 868; x_wconf 81' lang='lat' dir='ltr'>aedilitius:</span> 
     </span>
     <span class='ocr_line' id='line_1_19' title="bbox 195 876 2154 926; baseline -0.005 -7"><span class='ocrx_word' id='word_1_298' title='bbox 195 886 250 915; x_wconf 63' lang='lat' dir='ltr'>bed</span> <span class='ocrx_word' id='word_1_299' title='bbox 263 906 271 919; x_wconf 73' lang='grc'>,</span> <span class='ocrx_word' id='word_1_300' title='bbox 291 883 312 916; x_wconf 74' lang='lat' dir='ltr'>sl</span> <span class='ocrx_word' id='word_1_301' title='bbox 333 895 382 916; x_wconf 80' lang='lat' dir='ltr'>me</span> <span class='ocrx_word' id='word_1_302' title='bbox 391 886 572 926; x_wconf 65' lang='lat' dir='ltr'>expediero,</span> <span class='ocrx_word' id='word_1_303' title='bbox 600 893 672 914; x_wconf 83' lang='lat' dir='ltr'>utin</span> <span class='ocrx_word' id='word_1_304' title='bbox 686 876 1044 919; x_wconf 64' lang='lat' dir='ltr'>istalocavenirt&#39;poffim</span> <span class='ocrx_word' id='word_1_305' title='bbox 1057 898 1065 912; x_wconf 82' lang='lat'><em>›</em></span> <span class='ocrx_word' id='word_1_306' title='bbox 1085 887 1149 907; x_wconf 78' lang='lat' dir='ltr'>non</span> <span class='ocrx_word' id='word_1_307' title='bbox 1198 881 1269 912; x_wconf 86' lang='lat' dir='ltr'>inde</span> <span class='ocrx_word' id='word_1_308' title='bbox 1280 878 1548 911; x_wconf 80' lang='lat' dir='ltr'>multiMaffones:</span> <span class='ocrx_word' id='word_1_309' title='bbox 1566 890 1694 920; x_wconf 87' lang='lat' dir='ltr'>quorum</span> <span class='ocrx_word' id='word_1_310' title='bbox 1714 880 1836 920; x_wconf 88' lang='lat' dir='ltr'>quidem</span> <span class='ocrx_word' id='word_1_311' title='bbox 1853 889 1884 910; x_wconf 88' lang='lat' dir='ltr'>tu</span> <span class='ocrx_word' id='word_1_312' title='bbox 1902 881 2045 910; x_wconf 88' lang='lat' dir='ltr'>omnium</span> <span class='ocrx_word' id='word_1_313' title='bbox 2063 881 2154 920; x_wconf 86' lang='lat' dir='ltr'>patri-</span> 
     </span>
     <span class='ocr_line' id='line_1_20' title="bbox 197 921 2156 963; baseline -0.006 1"><span class='ocrx_word' id='word_1_314' title='bbox 197 929 401 963; x_wconf 60' lang='lat' dir='ltr'>COmmitOEm&gt;</span> <span class='ocrx_word' id='word_1_315' title='bbox 414 938 444 958; x_wconf 91' lang='lat' dir='ltr'>ut</span> <span class='ocrx_word' id='word_1_316' title='bbox 454 937 480 957; x_wconf 80' lang='lat' dir='ltr'>te</span> <span class='ocrx_word' id='word_1_317' title='bbox 493 927 554 956; x_wconf 52' lang='lat' dir='ltr'>sels&gt;</span> <span class='ocrx_word' id='word_1_318' title='bbox 568 926 582 955; x_wconf 62' lang='grc' dir='ltr'>ῙΊ</span> <span class='ocrx_word' id='word_1_319' title='bbox 596 935 644 955; x_wconf 70' lang='lat' dir='ltr'>mc</span> <span class='ocrx_word' id='word_1_320' title='bbox 658 927 817 955; x_wconf 57' lang='lat' dir='ltr'>certlol&#39;k‘m</span> <span class='ocrx_word' id='word_1_321' title='bbox 828 921 940 953; x_wconf 63' lang='lat' dir='ltr'>fa‘ffflm</span> <span class='ocrx_word' id='word_1_322' title='bbox 953 930 1046 962; x_wconf 86' lang='lat' dir='ltr'>putes.</span> <span class='ocrx_word' id='word_1_323' title='bbox 1196 926 1314 954; x_wconf 90' lang='lat' dir='ltr'>ciorum</span> <span class='ocrx_word' id='word_1_324' title='bbox 1325 923 1470 962; x_wconf 81' lang='lat' dir='ltr'>imagines</span> <span class='ocrx_word' id='word_1_325' title='bbox 1480 921 1596 955; x_wconf 80' lang='lat' dir='ltr'>habeas,</span> <span class='ocrx_word' id='word_1_326' title='bbox 1608 922 1691 952; x_wconf 89' lang='lat' dir='ltr'>volo.</span> <span class='ocrx_word' id='word_1_327' title='bbox 1716 922 1838 952; x_wconf 81' lang='lat' dir='ltr'>Deinde</span> <span class='ocrx_word' id='word_1_328' title='bbox 1847 921 1996 952; x_wconf 81' lang='lat' dir='ltr'>Carbones</span> <span class='ocrx_word' id='word_1_329' title='bbox 2008 942 2016 956; x_wconf 82' lang='grc'><strong>,</strong></span> <span class='ocrx_word' id='word_1_330' title='bbox 2030 922 2062 952; x_wconf 91' lang='lat'>&amp;</span> <span class='ocrx_word' id='word_1_331' title='bbox 2073 925 2156 952; x_wconf 80' lang='lat' dir='ltr'>Tur-</span> 
     </span>
     <span class='ocr_line' id='line_1_21' title="bbox 134 963 2155 1012; baseline -0.003 -12"><span class='ocrx_word' id='word_1_332' title='bbox 134 987 149 1011; x_wconf 60' lang='lat'>:</span> <span class='ocrx_word' id='word_1_333' title='bbox 159 989 179 1012; x_wconf 65' lang='lat' dir='ltr'>D</span> <span class='ocrx_word' id='word_1_334' title='bbox 487 972 510 999; x_wconf 77' lang='lat' dir='ltr'>C</span> <span class='ocrx_word' id='word_1_335' title='bbox 521 971 534 997; x_wconf 90' lang='lat'>1</span> <span class='ocrx_word' id='word_1_336' title='bbox 547 970 570 998; x_wconf 91' lang='lat' dir='ltr'>C</span> <span class='ocrx_word' id='word_1_337' title='bbox 580 970 604 998; x_wconf 82' lang='grc' dir='ltr'>Ε</span> <span class='ocrx_word' id='word_1_338' title='bbox 617 970 644 997; x_wconf 83' lang='lat' dir='ltr'>R</span> <span class='ocrx_word' id='word_1_339' title='bbox 656 969 682 996; x_wconf 93' lang='lat' dir='ltr'>O</span> <span class='ocrx_word' id='word_1_340' title='bbox 704 969 724 996; x_wconf 91' lang='lat' dir='ltr'>P</span> <span class='ocrx_word' id='word_1_341' title='bbox 735 968 774 996; x_wconf 85' lang='lat' dir='ltr'>AE</span> <span class='ocrx_word' id='word_1_342' title='bbox 784 968 813 995; x_wconf 91' lang='lat' dir='ltr'>T</span> <span class='ocrx_word' id='word_1_343' title='bbox 823 967 858 994; x_wconf 90' lang='lat' dir='ltr'>O.</span> <span class='ocrx_word' id='word_1_344' title='bbox 1198 967 1227 996; x_wconf 92' lang='lat' dir='ltr'>di</span> <span class='ocrx_word' id='word_1_345' title='bbox 1239 965 1442 1004; x_wconf 86' lang='lat' dir='ltr'>insequuntur.</span> <span class='ocrx_word' id='word_1_346' title='bbox 1470 964 1512 993; x_wconf 86' lang='lat' dir='ltr'>Hi</span> <span class='ocrx_word' id='word_1_347' title='bbox 1522 964 1632 1003; x_wconf 84' lang='lat' dir='ltr'>plebeii</span> <span class='ocrx_word' id='word_1_348' title='bbox 1643 963 1765 993; x_wconf 87' lang='lat' dir='ltr'>fuerunt</span> <span class='ocrx_word' id='word_1_349' title='bbox 1776 974 1781 993; x_wconf 79' lang='lat' dir='ltr'>t</span> <span class='ocrx_word' id='word_1_350' title='bbox 1791 974 1866 1004; x_wconf 91' lang='lat' dir='ltr'>quos</span> <span class='ocrx_word' id='word_1_351' title='bbox 1878 973 2056 994; x_wconf 80' lang='lat' dir='ltr'>contemnas</span> <span class='ocrx_word' id='word_1_352' title='bbox 2065 984 2072 997; x_wconf 89' lang='lat'>‚</span> <span class='ocrx_word' id='word_1_353' title='bbox 2082 973 2155 994; x_wconf 88' lang='lat' dir='ltr'>cen-</span> 
     </span>
     <span class='ocr_line' id='line_1_22' title="bbox 290 1001 2157 1046; baseline -0.004 -4"><span class='ocrx_word' id='word_1_354' title='bbox 290 1015 488 1042; x_wconf 67' lang='lat' dir='ltr'>Umcwm</span> <span class='ocrx_word' id='word_1_355' title='bbox 504 1009 666 1040; x_wconf 57' lang='lat' dir='ltr'>deleamus</span> <span class='ocrx_word' id='word_1_356' title='bbox 677 1007 946 1040; x_wconf 83' lang='lat' dir='ltr'>sumtuislitteris‚</span> <span class='ocrx_word' id='word_1_357' title='bbox 964 1003 1089 1045; x_wconf 75' lang='lat' dir='ltr'>&amp;quod</span> <span class='ocrx_word' id='word_1_358' title='bbox 1102 1001 1152 1043; x_wconf 85' lang='lat' dir='ltr'>ipsi</span> <span class='ocrx_word' id='word_1_359' title='bbox 1195 1009 1254 1039; x_wconf 69' lang='lat' dir='ltr'>seo.</span> <span class='ocrx_word' id='word_1_360' title='bbox 1279 1009 1360 1036; x_wconf 87' lang='lat' dir='ltr'>Nam</span> <span class='ocrx_word' id='word_1_361' title='bbox 1378 1014 1481 1045; x_wconf 86' lang='lat' dir='ltr'>praeter</span> <span class='ocrx_word' id='word_1_362' title='bbox 1500 1006 1580 1036; x_wconf 87' lang='lat' dir='ltr'>hunc</span> <span class='ocrx_word' id='word_1_363' title='bbox 1597 1006 1809 1036; x_wconf 85' lang='lat' dir='ltr'>C.Carbonem</span> <span class='ocrx_word' id='word_1_364' title='bbox 1825 1026 1834 1039; x_wconf 89' lang='lat'><strong>,</strong></span> <span class='ocrx_word' id='word_1_365' title='bbox 1856 1015 1947 1046; x_wconf 89' lang='lat' dir='ltr'>quem</span> <span class='ocrx_word' id='word_1_366' title='bbox 1960 1004 2157 1046; x_wconf 76' lang='lat' dir='ltr'>Damasippus</span> 
     </span>
     <span class='ocr_line' id='line_1_23' title="bbox 291 1046 2157 1093; baseline -0.005 -7"><span class='ocrx_word' id='word_1_367' title='bbox 291 1053 337 1084; x_wconf 80' lang='lat' dir='ltr'>rifi</span> <span class='ocrx_word' id='word_1_368' title='bbox 350 1074 357 1086; x_wconf 78' lang='lat'><strong><em>‚</em></strong></span> <span class='ocrx_word' id='word_1_369' title='bbox 375 1053 406 1083; x_wconf 85' lang='lat'>&amp;</span> <span class='ocrx_word' id='word_1_370' title='bbox 417 1052 498 1093; x_wconf 78' lang='lat' dir='ltr'>quod</span> <span class='ocrx_word' id='word_1_371' title='bbox 510 1062 537 1081; x_wconf 75' lang='lat' dir='ltr'>te</span> <span class='ocrx_word' id='word_1_372' title='bbox 550 1051 757 1089; x_wconf 82' lang='lat' dir='ltr'>intellexijam</span> <span class='ocrx_word' id='word_1_373' title='bbox 770 1047 851 1090; x_wconf 77' lang='lat' dir='ltr'>Posse</span> <span class='ocrx_word' id='word_1_374' title='bbox 863 1048 967 1078; x_wconf 66' lang='lat' dir='ltr'>ridere·</span> <span class='ocrx_word' id='word_1_375' title='bbox 992 1049 1043 1076; x_wconf 73' lang='lat' dir='ltr'>Me</span> <span class='ocrx_word' id='word_1_376' title='bbox 1053 1055 1151 1076; x_wconf 64' lang='lat' dir='ltr'>assffm</span> <span class='ocrx_word' id='word_1_377' title='bbox 1196 1047 1323 1081; x_wconf 78' lang='lat' dir='ltr'>occidit,</span> <span class='ocrx_word' id='word_1_378' title='bbox 1340 1049 1416 1077; x_wconf 85' lang='lat' dir='ltr'>civis</span> <span class='ocrx_word' id='word_1_379' title='bbox 1433 1047 1449 1076; x_wconf 79' lang='grc' dir='ltr'>ὲ</span> <span class='ocrx_word' id='word_1_380' title='bbox 1469 1057 1530 1086; x_wconf 83' lang='lat' dir='ltr'>rep.</span> <span class='ocrx_word' id='word_1_381' title='bbox 1543 1048 1712 1078; x_wconf 85' lang='lat' dir='ltr'>Carbonum</span> <span class='ocrx_word' id='word_1_382' title='bbox 1732 1058 1825 1077; x_wconf 85' lang='lat' dir='ltr'>nemo</span> <span class='ocrx_word' id='word_1_383' title='bbox 1842 1046 1911 1078; x_wconf 88' lang='lat' dir='ltr'>fuit.</span> <span class='ocrx_word' id='word_1_384' title='bbox 1945 1051 2157 1087; x_wconf 70' lang='lat' dir='ltr'>Cognovimus</span> 
     </span>
     <span class='ocr_line' id='line_1_24' title="bbox 194 1086 2156 1130; baseline -0.008 -4"><span class='ocrx_word' id='word_1_385' title='bbox 194 1095 210 1126; x_wconf 58' lang='lat' dir='ltr'>ix</span> <span class='ocrx_word' id='word_1_386' title='bbox 222 1106 265 1130; x_wconf 82' lang='lat' dir='ltr'>te,</span> <span class='ocrx_word' id='word_1_387' title='bbox 281 1105 312 1125; x_wconf 81' lang='lat' dir='ltr'>ut</span> <span class='ocrx_word' id='word_1_388' title='bbox 321 1096 449 1125; x_wconf 79' lang='lat' dir='ltr'>scurram</span> <span class='ocrx_word' id='word_1_389' title='bbox 461 1094 597 1126; x_wconf 74' lang='lat' dir='ltr'>velitem,</span> <span class='ocrx_word' id='word_1_390' title='bbox 611 1093 698 1123; x_wconf 88' lang='lat' dir='ltr'>malis</span> <span class='ocrx_word' id='word_1_391' title='bbox 707 1099 863 1122; x_wconf 83' lang='lat' dir='ltr'>oneratum</span> <span class='ocrx_word' id='word_1_392' title='bbox 875 1088 945 1123; x_wconf 82' lang='lat' dir='ltr'>effe,</span> <span class='ocrx_word' id='word_1_393' title='bbox 955 1098 1018 1119; x_wconf 90' lang='lat' dir='ltr'>non</span> <span class='ocrx_word' id='word_1_394' title='bbox 1029 1086 1155 1118; x_wconf 69' lang='lat' dir='ltr'>moleste</span> <span class='ocrx_word' id='word_1_395' title='bbox 1199 1094 1253 1121; x_wconf 83' lang='lat' dir='ltr'>Cn.</span> <span class='ocrx_word' id='word_1_396' title='bbox 1265 1089 1432 1119; x_wconf 79' lang='lat' dir='ltr'>Carbonem</span> <span class='ocrx_word' id='word_1_397' title='bbox 1445 1107 1454 1121; x_wconf 91' lang='lat'><strong><em>‚</em></strong></span> <span class='ocrx_word' id='word_1_398' title='bbox 1476 1088 1508 1117; x_wconf 73' lang='lat' dir='ltr'>Sc</span> <span class='ocrx_word' id='word_1_399' title='bbox 1520 1091 1584 1126; x_wconf 81' lang='lat' dir='ltr'>ejus</span> <span class='ocrx_word' id='word_1_400' title='bbox 1599 1089 1720 1120; x_wconf 83' lang='lat' dir='ltr'>fratrem</span> <span class='ocrx_word' id='word_1_401' title='bbox 1739 1090 1875 1119; x_wconf 86' lang='lat' dir='ltr'>scurram.</span> <span class='ocrx_word' id='word_1_402' title='bbox 1899 1089 1972 1129; x_wconf 92' lang='lat' dir='ltr'>quid</span> <span class='ocrx_word' id='word_1_403' title='bbox 1983 1091 2029 1119; x_wconf 91' lang='lat' dir='ltr'>his</span> <span class='ocrx_word' id='word_1_404' title='bbox 2040 1091 2156 1128; x_wconf 74' lang='lat' dir='ltr'>impro-</span> 
     </span>
     <span class='ocr_line' id='line_1_25' title="bbox 198 1130 2155 1169; baseline -0.004 -2"><span class='ocrx_word' id='word_1_405' title='bbox 198 1139 262 1168; x_wconf 61' lang='grc' dir='ltr'>ἰὼ.</span> <span class='ocrx_word' id='word_1_406' title='bbox 289 1138 366 1166; x_wconf 75' lang='lat' dir='ltr'>tliud</span> <span class='ocrx_word' id='word_1_407' title='bbox 380 1136 470 1167; x_wconf 84' lang='lat' dir='ltr'>doleo</span> <span class='ocrx_word' id='word_1_408' title='bbox 483 1156 491 1169; x_wconf 77' lang='lat'>,</span> <span class='ocrx_word' id='word_1_409' title='bbox 511 1137 543 1165; x_wconf 86' lang='lat' dir='ltr'>in</span> <span class='ocrx_word' id='word_1_410' title='bbox 554 1135 608 1165; x_wconf 71' lang='lat' dir='ltr'>ista</span> <span class='ocrx_word' id='word_1_411' title='bbox 619 1136 682 1165; x_wconf 76' lang='lat' dir='ltr'>loca</span> <span class='ocrx_word' id='word_1_412' title='bbox 691 1135 794 1164; x_wconf 64' lang='lat' dir='ltr'>venire</span> <span class='ocrx_word' id='word_1_413' title='bbox 807 1143 855 1163; x_wconf 83' lang='lat' dir='ltr'>me</span> <span class='ocrx_word' id='word_1_414' title='bbox 866 1153 874 1166; x_wconf 76' lang='grc'>,</span> <span class='ocrx_word' id='word_1_415' title='bbox 886 1141 918 1162; x_wconf 87' lang='lat' dir='ltr'>ut</span> <span class='ocrx_word' id='word_1_416' title='bbox 928 1130 1155 1161; x_wconf 86' lang='lat' dir='ltr'>constitueram,</span> <span class='ocrx_word' id='word_1_417' title='bbox 1200 1133 1288 1162; x_wconf 88' lang='lat' dir='ltr'>bius?</span> <span class='ocrx_word' id='word_1_418' title='bbox 1307 1130 1344 1161; x_wconf 90' lang='lat' dir='ltr'>de</span> <span class='ocrx_word' id='word_1_419' title='bbox 1355 1131 1413 1160; x_wconf 91' lang='lat' dir='ltr'>hoc</span> <span class='ocrx_word' id='word_1_420' title='bbox 1421 1131 1520 1159; x_wconf 89' lang='lat' dir='ltr'>amico</span> <span class='ocrx_word' id='word_1_421' title='bbox 1531 1140 1601 1160; x_wconf 82' lang='lat' dir='ltr'>meo</span> <span class='ocrx_word' id='word_1_422' title='bbox 1612 1151 1620 1164; x_wconf 88' lang='lat'>,</span> <span class='ocrx_word' id='word_1_423' title='bbox 1641 1130 1764 1160; x_wconf 85' lang='lat' dir='ltr'>Rubriae</span> <span class='ocrx_word' id='word_1_424' title='bbox 1779 1130 1844 1161; x_wconf 87' lang='lat' dir='ltr'>filio</span> <span class='ocrx_word' id='word_1_425' title='bbox 1857 1151 1864 1163; x_wconf 90' lang='lat'><strong><em>‚</em></strong></span> <span class='ocrx_word' id='word_1_426' title='bbox 1889 1132 1965 1160; x_wconf 86' lang='lat' dir='ltr'>nihil</span> <span class='ocrx_word' id='word_1_427' title='bbox 1976 1131 2055 1161; x_wconf 90' lang='lat' dir='ltr'>dico.</span> <span class='ocrx_word' id='word_1_428' title='bbox 2079 1134 2155 1161; x_wconf 87' lang='lat' dir='ltr'>Tres</span> 
     </span>
     <span class='ocr_line' id='line_1_26' title="bbox 196 1171 2155 1220; baseline -0.006 -10"><span class='ocrx_word' id='word_1_429' title='bbox 196 1190 259 1210; x_wconf 71' lang='lat' dir='ltr'>nou</span> <span class='ocrx_word' id='word_1_430' title='bbox 271 1177 409 1220; x_wconf 59' lang='lat' dir='ltr'>putuisse.</span> <span class='ocrx_word' id='word_1_431' title='bbox 433 1176 580 1209; x_wconf 73' lang='lat' dir='ltr'>habuisses</span> <span class='ocrx_word' id='word_1_432' title='bbox 590 1179 674 1208; x_wconf 86' lang='lat' dir='ltr'>enirn</span> <span class='ocrx_word' id='word_1_433' title='bbox 685 1186 748 1207; x_wconf 91' lang='lat' dir='ltr'>non</span> <span class='ocrx_word' id='word_1_434' title='bbox 759 1176 907 1215; x_wconf 81' lang='lat' dir='ltr'>hospitem</span> <span class='ocrx_word' id='word_1_435' title='bbox 918 1193 925 1207; x_wconf 84' lang='lat'>,</span> <span class='ocrx_word' id='word_1_436' title='bbox 937 1173 985 1203; x_wconf 86' lang='lat' dir='ltr'>sed</span> <span class='ocrx_word' id='word_1_437' title='bbox 995 1171 1155 1202; x_wconf 82' lang='lat' dir='ltr'>contuber-</span> <span class='ocrx_word' id='word_1_438' title='bbox 1195 1175 1243 1204; x_wconf 74' lang='lat' dir='ltr'>illi</span> <span class='ocrx_word' id='word_1_439' title='bbox 1260 1172 1360 1203; x_wconf 83' lang='lat' dir='ltr'>fratres</span> <span class='ocrx_word' id='word_1_440' title='bbox 1377 1171 1460 1201; x_wconf 81' lang='lat' dir='ltr'>fuere</span> <span class='ocrx_word' id='word_1_441' title='bbox 1471 1191 1479 1204; x_wconf 89' lang='lat'>‚</span> <span class='ocrx_word' id='word_1_442' title='bbox 1500 1174 1532 1201; x_wconf 90' lang='lat' dir='ltr'>C.</span> <span class='ocrx_word' id='word_1_443' title='bbox 1545 1174 1599 1201; x_wconf 87' lang='lat' dir='ltr'>Cn.</span> <span class='ocrx_word' id='word_1_444' title='bbox 1611 1174 1654 1201; x_wconf 88' lang='lat' dir='ltr'>M.</span> <span class='ocrx_word' id='word_1_445' title='bbox 1666 1172 1829 1202; x_wconf 64' lang='lat' dir='ltr'>Carbones.</span> <span class='ocrx_word' id='word_1_446' title='bbox 1851 1176 1868 1199; x_wconf 87' lang='lat'>4</span> <span class='ocrx_word' id='word_1_447' title='bbox 1880 1175 1996 1202; x_wconf 58' lang='lat' dir='ltr'>Marcus</span> <span class='ocrx_word' id='word_1_448' title='bbox 2007 1175 2036 1203; x_wconf 86' lang='lat' dir='ltr'>P.</span> <span class='ocrx_word' id='word_1_449' title='bbox 2049 1173 2155 1203; x_wconf 77' lang='lat' dir='ltr'>Flacco</span> 
     </span>
     <span class='ocr_line' id='line_1_27' title="bbox 195 1212 2157 1262; baseline -0.005 -10"><span class='ocrx_word' id='word_1_450' title='bbox 195 1224 306 1252; x_wconf 65' lang='lat' dir='ltr'>nalem.</span> <span class='ocrx_word' id='word_1_451' title='bbox 331 1224 370 1251; x_wconf 89' lang='lat' dir='ltr'>At</span> <span class='ocrx_word' id='word_1_452' title='bbox 379 1231 469 1262; x_wconf 85' lang='lat' dir='ltr'>quem</span> <span class='ocrx_word' id='word_1_453' title='bbox 482 1222 603 1251; x_wconf 86' lang='lat' dir='ltr'>virum?</span> <span class='ocrx_word' id='word_1_454' title='bbox 618 1229 682 1249; x_wconf 84' lang='lat' dir='ltr'>non</span> <span class='ocrx_word' id='word_1_455' title='bbox 692 1228 776 1251; x_wconf 85' lang='lat' dir='ltr'>eum,</span> <span class='ocrx_word' id='word_1_456' title='bbox 788 1227 881 1258; x_wconf 86' lang='lat' dir='ltr'>quem</span> <span class='ocrx_word' id='word_1_457' title='bbox 894 1225 923 1245; x_wconf 88' lang='lat' dir='ltr'>tu</span> <span class='ocrx_word' id='word_1_458' title='bbox 936 1226 964 1245; x_wconf 91' lang='lat' dir='ltr'>es</span> <span class='ocrx_word' id='word_1_459' title='bbox 977 1214 1078 1244; x_wconf 84' lang='lat' dir='ltr'>solitus</span> <span class='ocrx_word' id='word_1_460' title='bbox 1088 1222 1158 1253; x_wconf 88' lang='lat' dir='ltr'>pro-</span> <span class='ocrx_word' id='word_1_461' title='bbox 1198 1215 1366 1248; x_wconf 77' lang='lat' dir='ltr'>accusante,</span> <span class='ocrx_word' id='word_1_462' title='bbox 1377 1214 1598 1244; x_wconf 84' lang='lat' dir='ltr'>condemnatus</span> <span class='ocrx_word' id='word_1_463' title='bbox 1608 1234 1616 1248; x_wconf 94' lang='lat'>,</span> <span class='ocrx_word' id='word_1_464' title='bbox 1627 1212 1676 1244; x_wconf 86' lang='lat' dir='ltr'>sur</span> <span class='ocrx_word' id='word_1_465' title='bbox 1686 1224 1810 1255; x_wconf 84' lang='lat' dir='ltr'>magnus</span> <span class='ocrx_word' id='word_1_466' title='bbox 1819 1224 1857 1243; x_wconf 87' lang='lat' dir='ltr'>ex</span> <span class='ocrx_word' id='word_1_467' title='bbox 1868 1215 1984 1244; x_wconf 86' lang='lat' dir='ltr'>Sicilia:</span> <span class='ocrx_word' id='word_1_468' title='bbox 1998 1214 2097 1250; x_wconf 78' lang='lat' dir='ltr'>Caius,</span> <span class='ocrx_word' id='word_1_469' title='bbox 2108 1224 2157 1243; x_wconf 84' lang='lat' dir='ltr'>ac-</span> 
     </span>
     <span class='ocr_line' id='line_1_28' title="bbox 197 1253 2160 1303; baseline -0.005 -10"><span class='ocrx_word' id='word_1_470' title='bbox 197 1263 325 1294; x_wconf 76' lang='lat' dir='ltr'>inulside</span> <span class='ocrx_word' id='word_1_471' title='bbox 339 1262 498 1293; x_wconf 83' lang='lat' dir='ltr'>conficere.</span> <span class='ocrx_word' id='word_1_472' title='bbox 523 1265 673 1303; x_wconf 78' lang='lat' dir='ltr'>Integram</span> <span class='ocrx_word' id='word_1_473' title='bbox 686 1260 802 1291; x_wconf 77' lang='lat' dir='ltr'>famem</span> <span class='ocrx_word' id='word_1_474' title='bbox 816 1258 851 1289; x_wconf 81' lang='lat' dir='ltr'>ad</span> <span class='ocrx_word' id='word_1_475' title='bbox 866 1267 959 1288; x_wconf 76' lang='lat' dir='ltr'>ovum</span> <span class='ocrx_word' id='word_1_476' title='bbox 974 1255 1076 1286; x_wconf 66' lang='lat' dir='ltr'>affero·</span> <span class='ocrx_word' id='word_1_477' title='bbox 1100 1257 1158 1284; x_wconf 72' lang='lat'>11³-</span> <span class='ocrx_word' id='word_1_478' title='bbox 1199 1258 1314 1289; x_wconf 74' lang='lat' dir='ltr'>eufimie</span> <span class='ocrx_word' id='word_1_479' title='bbox 1327 1259 1362 1287; x_wconf 91' lang='lat' dir='ltr'>L.</span> <span class='ocrx_word' id='word_1_480' title='bbox 1375 1253 1473 1286; x_wconf 77' lang='lat' dir='ltr'>Crass&#39;o</span> <span class='ocrx_word' id='word_1_481' title='bbox 1483 1275 1491 1289; x_wconf 66' lang='lat'><em>2</em></span> <span class='ocrx_word' id='word_1_482' title='bbox 1507 1257 1690 1286; x_wconf 78' lang='lat' dir='ltr'>cantharidas</span> <span class='ocrx_word' id='word_1_483' title='bbox 1702 1254 1830 1286; x_wconf 75' lang='lat' dir='ltr'>sumsisse</span> <span class='ocrx_word' id='word_1_484' title='bbox 1841 1256 1962 1285; x_wconf 90' lang='lat' dir='ltr'>dicitur.</span> <span class='ocrx_word' id='word_1_485' title='bbox 1985 1257 2011 1285; x_wconf 89' lang='lat' dir='ltr'>is</span> <span class='ocrx_word' id='word_1_486' title='bbox 2023 1256 2054 1285; x_wconf 87' lang='lat'>&amp;</span> <span class='ocrx_word' id='word_1_487' title='bbox 2064 1255 2160 1285; x_wconf 87' lang='lat' dir='ltr'>tribu-</span> 
     </span>
     <span class='ocr_line' id='line_1_29' title="bbox 196 1296 2161 1347; baseline -0.005 -11"><span class='ocrx_word' id='word_1_488' title='bbox 196 1317 256 1347; x_wconf 79' lang='lat' dir='ltr'>que</span> <span class='ocrx_word' id='word_1_489' title='bbox 267 1306 358 1345; x_wconf 77' lang='lat' dir='ltr'>usque</span> <span class='ocrx_word' id='word_1_490' title='bbox 368 1306 403 1335; x_wconf 86' lang='lat' dir='ltr'>ad</span> <span class='ocrx_word' id='word_1_491' title='bbox 414 1303 507 1335; x_wconf 72' lang='lat' dir='ltr'>assum</span> <span class='ocrx_word' id='word_1_492' title='bbox 520 1305 687 1334; x_wconf 82' lang='lat' dir='ltr'>vitulinum</span> <span class='ocrx_word' id='word_1_493' title='bbox 702 1311 789 1342; x_wconf 76' lang='lat' dir='ltr'>opera</span> <span class='ocrx_word' id='word_1_494' title='bbox 804 1300 985 1341; x_wconf 80' lang='lat' dir='ltr'>perducitur.</span> <span class='ocrx_word' id='word_1_495' title='bbox 1008 1298 1063 1328; x_wconf 89' lang='lat' dir='ltr'>Illa</span> <span class='ocrx_word' id='word_1_496' title='bbox 1079 1306 1157 1330; x_wconf 87' lang='lat' dir='ltr'>mea,</span> <span class='ocrx_word' id='word_1_497' title='bbox 1202 1310 1258 1330; x_wconf 79' lang='lat' dir='ltr'>nus</span> <span class='ocrx_word' id='word_1_498' title='bbox 1267 1298 1345 1339; x_wconf 87' lang='lat' dir='ltr'>pleb.</span> <span class='ocrx_word' id='word_1_499' title='bbox 1358 1298 1515 1328; x_wconf 82' lang='lat' dir='ltr'>seditiosus</span> <span class='ocrx_word' id='word_1_500' title='bbox 1525 1318 1533 1332; x_wconf 92' lang='lat'><strong><em>,</em></strong></span> <span class='ocrx_word' id='word_1_501' title='bbox 1553 1298 1584 1327; x_wconf 91' lang='lat'>&amp;</span> <span class='ocrx_word' id='word_1_502' title='bbox 1596 1301 1627 1328; x_wconf 92' lang='lat' dir='ltr'>P.</span> <span class='ocrx_word' id='word_1_503' title='bbox 1640 1297 1780 1328; x_wconf 80' lang='lat' dir='ltr'>Africano</span> <span class='ocrx_word' id='word_1_504' title='bbox 1791 1300 1854 1328; x_wconf 87' lang='lat' dir='ltr'>vim</span> <span class='ocrx_word' id='word_1_505' title='bbox 1867 1296 1995 1327; x_wconf 80' lang='lat' dir='ltr'>attulisse</span> <span class='ocrx_word' id='word_1_506' title='bbox 2005 1296 2161 1327; x_wconf 84' lang='lat' dir='ltr'>existima-</span> 
     </span>
     <span class='ocr_line' id='line_1_30' title="bbox 197 1338 2160 1390; baseline -0.006 -11"><span class='ocrx_word' id='word_1_507' title='bbox 197 1358 263 1390; x_wconf 75' lang='lat' dir='ltr'>quae</span> <span class='ocrx_word' id='word_1_508' title='bbox 274 1348 387 1378; x_wconf 81' lang='lat' dir='ltr'>solebas</span> <span class='ocrx_word' id='word_1_509' title='bbox 396 1347 482 1377; x_wconf 73' lang='lat' dir='ltr'>antea</span> <span class='ocrx_word' id='word_1_510' title='bbox 493 1345 611 1376; x_wconf 83' lang='lat' dir='ltr'>laudare</span> <span class='ocrx_word' id='word_1_511' title='bbox 621 1366 630 1379; x_wconf 90' lang='lat'>‚</span> <span class='ocrx_word' id='word_1_512' title='bbox 651 1344 670 1375; x_wconf 84' lang='grc' dir='ltr'>ὃ</span> <span class='ocrx_word' id='word_1_513' title='bbox 688 1346 849 1374; x_wconf 88' lang='lat' dir='ltr'>hominem</span> <span class='ocrx_word' id='word_1_514' title='bbox 866 1341 987 1372; x_wconf 78' lang='lat' dir='ltr'>facilem</span> <span class='ocrx_word' id='word_1_515' title='bbox 1001 1342 1007 1369; x_wconf 68' lang='grc' dir='ltr'>ἶ</span> <span class='ocrx_word' id='word_1_516' title='bbox 1029 1338 1047 1369; x_wconf 83' lang='grc' dir='ltr'>ὃ</span> <span class='ocrx_word' id='word_1_517' title='bbox 1058 1338 1158 1379; x_wconf 83' lang='lat' dir='ltr'>hospi·</span> <span class='ocrx_word' id='word_1_518' title='bbox 1201 1352 1248 1373; x_wconf 72' lang='lat' dir='ltr'>tus</span> <span class='ocrx_word' id='word_1_519' title='bbox 1262 1340 1312 1371; x_wconf 85' lang='lat' dir='ltr'>est.</span> <span class='ocrx_word' id='word_1_520' title='bbox 1338 1343 1406 1370; x_wconf 90' lang='lat' dir='ltr'>Hoc</span> <span class='ocrx_word' id='word_1_521' title='bbox 1417 1339 1488 1369; x_wconf 75' lang='lat' dir='ltr'>vero</span> <span class='ocrx_word' id='word_1_522' title='bbox 1499 1360 1507 1374; x_wconf 87' lang='lat'>‚</span> <span class='ocrx_word' id='word_1_523' title='bbox 1529 1351 1580 1381; x_wconf 88' lang='lat' dir='ltr'>qui</span> <span class='ocrx_word' id='word_1_524' title='bbox 1592 1340 1738 1380; x_wconf 72' lang='lat' dir='ltr'>Lilybeia</span> <span class='ocrx_word' id='word_1_525' title='bbox 1748 1341 1894 1380; x_wconf 84' lang='lat' dir='ltr'>Pompejo</span> <span class='ocrx_word' id='word_1_526' title='bbox 1902 1338 2004 1369; x_wconf 91' lang='lat' dir='ltr'>nostro</span> <span class='ocrx_word' id='word_1_527' title='bbox 2014 1338 2056 1369; x_wconf 90' lang='lat' dir='ltr'>est</span> <span class='ocrx_word' id='word_1_528' title='bbox 2067 1341 2160 1369; x_wconf 89' lang='lat' dir='ltr'>inter-</span> 
     </span>
     <span class='ocr_line' id='line_1_31' title="bbox 197 1380 2296 1431; baseline -0.006 -10"><span class='ocrx_word' id='word_1_529' title='bbox 197 1400 261 1421; x_wconf 80' lang='lat' dir='ltr'>tem</span> <span class='ocrx_word' id='word_1_530' title='bbox 272 1399 335 1420; x_wconf 90' lang='lat' dir='ltr'>non</span> <span class='ocrx_word' id='word_1_531' title='bbox 345 1399 465 1431; x_wconf 84' lang='lat' dir='ltr'>gravem</span> <span class='ocrx_word' id='word_1_532' title='bbox 480 1391 484 1418; x_wconf 89' lang='lat'>!</span> <span class='ocrx_word' id='word_1_533' title='bbox 506 1388 651 1418; x_wconf 85' lang='lat' dir='ltr'>abierunt.</span> <span class='ocrx_word' id='word_1_534' title='bbox 676 1389 756 1417; x_wconf 88' lang='lat' dir='ltr'>Nam</span> <span class='ocrx_word' id='word_1_535' title='bbox 768 1394 894 1415; x_wconf 90' lang='lat' dir='ltr'>omnem</span> <span class='ocrx_word' id='word_1_536' title='bbox 907 1382 1037 1414; x_wconf 89' lang='lat' dir='ltr'>nostram</span> <span class='ocrx_word' id='word_1_537' title='bbox 1049 1381 1085 1412; x_wconf 88' lang='lat' dir='ltr'>de</span> <span class='ocrx_word' id='word_1_538' title='bbox 1095 1390 1156 1421; x_wconf 84' lang='lat' dir='ltr'>rep.</span> <span class='ocrx_word' id='word_1_539' title='bbox 1200 1384 1298 1415; x_wconf 69' lang='grc' dir='ltr'>ξςᾶυε</span> <span class='ocrx_word' id='word_1_540' title='bbox 1311 1403 1319 1417; x_wconf 86' lang='grc'><strong>,</strong></span> <span class='ocrx_word' id='word_1_541' title='bbox 1341 1381 1510 1422; x_wconf 84' lang='lat' dir='ltr'>improbior</span> <span class='ocrx_word' id='word_1_542' title='bbox 1529 1392 1622 1412; x_wconf 77' lang='lat' dir='ltr'>nenio</span> <span class='ocrx_word' id='word_1_543' title='bbox 1633 1403 1641 1416; x_wconf 87' lang='lat'>‚</span> <span class='ocrx_word' id='word_1_544' title='bbox 1663 1393 1734 1412; x_wconf 86' lang='lat' dir='ltr'>meo</span> <span class='ocrx_word' id='word_1_545' title='bbox 1754 1381 1867 1418; x_wconf 82' lang='lat' dir='ltr'>judicio</span> <span class='ocrx_word' id='word_1_546' title='bbox 1878 1401 1886 1416; x_wconf 91' lang='lat'><strong><em>,</em></strong></span> <span class='ocrx_word' id='word_1_547' title='bbox 1906 1380 1972 1411; x_wconf 88' lang='lat' dir='ltr'>fuit.</span> <span class='ocrx_word' id='word_1_548' title='bbox 1993 1382 2062 1422; x_wconf 89' lang='lat' dir='ltr'>Jam</span> <span class='ocrx_word' id='word_1_549' title='bbox 2081 1389 2162 1420; x_wconf 84' lang='lat' dir='ltr'>pater</span> <span class='ocrx_word' id='word_1_550' title='bbox 2273 1388 2296 1413; x_wconf 57' lang='grc' dir='ltr'>κ,</span> 
     </span>
     <span class='ocr_line' id='line_1_32' title="bbox 197 1423 2163 1472; baseline -0.006 -9"><span class='ocrx_word' id='word_1_551' title='bbox 197 1441 298 1463; x_wconf 78' lang='lat' dir='ltr'>curam</span> <span class='ocrx_word' id='word_1_552' title='bbox 311 1451 319 1465; x_wconf 68' lang='lat'><strong><em>⁷</em></strong></span> <span class='ocrx_word' id='word_1_553' title='bbox 330 1433 547 1472; x_wconf 77' lang='lat' dir='ltr'>cogitationem</span> <span class='ocrx_word' id='word_1_554' title='bbox 558 1430 594 1460; x_wconf 86' lang='lat' dir='ltr'>de</span> <span class='ocrx_word' id='word_1_555' title='bbox 603 1429 730 1460; x_wconf 86' lang='lat' dir='ltr'>dicenda</span> <span class='ocrx_word' id='word_1_556' title='bbox 739 1430 771 1458; x_wconf 92' lang='lat' dir='ltr'>in</span> <span class='ocrx_word' id='word_1_557' title='bbox 783 1428 884 1458; x_wconf 85' lang='lat' dir='ltr'>senatu</span> <span class='ocrx_word' id='word_1_558' title='bbox 895 1426 1040 1457; x_wconf 87' lang='lat' dir='ltr'>sententia</span> <span class='ocrx_word' id='word_1_559' title='bbox 1051 1444 1059 1457; x_wconf 72' lang='lat'>‚</span> <span class='ocrx_word' id='word_1_560' title='bbox 1072 1433 1158 1454; x_wconf 89' lang='lat' dir='ltr'>com-</span> <span class='ocrx_word' id='word_1_561' title='bbox 1202 1427 1266 1465; x_wconf 85' lang='lat' dir='ltr'>ejus</span> <span class='ocrx_word' id='word_1_562' title='bbox 1284 1425 1432 1455; x_wconf 77' lang='lat' dir='ltr'>accusatus</span> <span class='ocrx_word' id='word_1_563' title='bbox 1446 1423 1461 1453; x_wconf 70' lang='lat' dir='ltr'>a</span> <span class='ocrx_word' id='word_1_564' title='bbox 1473 1426 1516 1453; x_wconf 87' lang='lat' dir='ltr'>M.</span> <span class='ocrx_word' id='word_1_565' title='bbox 1528 1427 1664 1454; x_wconf 68' lang='lat' dir='ltr'>Antonio</span> <span class='ocrx_word' id='word_1_566' title='bbox 1676 1444 1684 1458; x_wconf 88' lang='lat'>‚</span> <span class='ocrx_word' id='word_1_567' title='bbox 1707 1425 1820 1454; x_wconf 88' lang='lat' dir='ltr'>sutorio</span> <span class='ocrx_word' id='word_1_568' title='bbox 1834 1433 1999 1454; x_wconf 82' lang='lat' dir='ltr'>atramento</span> <span class='ocrx_word' id='word_1_569' title='bbox 2009 1423 2163 1453; x_wconf 83' lang='lat' dir='ltr'>absolutus</span> 
     </span>
     <span class='ocr_line' id='line_1_33' title="bbox 200 1464 2164 1511; baseline -0.005 -7"><span class='ocrx_word' id='word_1_570' title='bbox 200 1475 420 1505; x_wconf 79' lang='lat' dir='ltr'>mentationem</span> <span class='ocrx_word' id='word_1_571' title='bbox 429 1474 594 1505; x_wconf 66' lang='lat' dir='ltr'>causarum,</span> <span class='ocrx_word' id='word_1_572' title='bbox 605 1472 782 1511; x_wconf 79' lang='lat' dir='ltr'>abjecimus.</span> <span class='ocrx_word' id='word_1_573' title='bbox 803 1472 840 1499; x_wconf 88' lang='lat' dir='ltr'>In</span> <span class='ocrx_word' id='word_1_574' title='bbox 852 1469 972 1508; x_wconf 88' lang='lat' dir='ltr'>Epicuri</span> <span class='ocrx_word' id='word_1_575' title='bbox 984 1476 1041 1496; x_wconf 87' lang='lat' dir='ltr'>nos</span> <span class='ocrx_word' id='word_1_576' title='bbox 1053 1465 1159 1496; x_wconf 85' lang='lat' dir='ltr'>adver·</span> <span class='ocrx_word' id='word_1_577' title='bbox 1203 1477 1332 1509; x_wconf 73' lang='lat' dir='ltr'>putatur.</span> <span class='ocrx_word' id='word_1_578' title='bbox 1365 1469 1462 1507; x_wconf 86' lang='lat' dir='ltr'>Qare</span> <span class='ocrx_word' id='word_1_579' title='bbox 1482 1466 1516 1496; x_wconf 89' lang='lat' dir='ltr'>ad</span> <span class='ocrx_word' id='word_1_580' title='bbox 1536 1476 1630 1506; x_wconf 65' lang='lat' dir='ltr'>patres</span> <span class='ocrx_word' id='word_1_581' title='bbox 1647 1467 1755 1497; x_wconf 87' lang='lat' dir='ltr'>censeo</span> <span class='ocrx_word' id='word_1_582' title='bbox 1772 1475 1926 1497; x_wconf 83' lang='lat' dir='ltr'>revertare.</span> <span class='ocrx_word' id='word_1_583' title='bbox 1950 1465 2060 1506; x_wconf 88' lang='lat' dir='ltr'>plebeii</span> <span class='ocrx_word' id='word_1_584' title='bbox 2071 1464 2164 1505; x_wconf 67' lang='lat' dir='ltr'>quam</span> 
     </span>
     <span class='ocr_line' id='line_1_34' title="bbox 198 1507 1624 1552; baseline -0.009 -6"><span class='ocrx_word' id='word_1_585' title='bbox 198 1517 264 1547; x_wconf 83' lang='lat' dir='ltr'>sarii</span> <span class='ocrx_word' id='word_1_586' title='bbox 278 1515 373 1545; x_wconf 89' lang='lat' dir='ltr'>nostri</span> <span class='ocrx_word' id='word_1_587' title='bbox 387 1514 476 1545; x_wconf 86' lang='lat' dir='ltr'>castra</span> <span class='ocrx_word' id='word_1_588' title='bbox 489 1512 677 1552; x_wconf 77' lang='lat' dir='ltr'>conjecimus</span> <span class='ocrx_word' id='word_1_589' title='bbox 691 1523 696 1542; x_wconf 86' lang='lat'>:</span> <span class='ocrx_word' id='word_1_590' title='bbox 715 1522 771 1542; x_wconf 86' lang='lat' dir='ltr'>nec</span> <span class='ocrx_word' id='word_1_591' title='bbox 782 1520 883 1542; x_wconf 80' lang='lat' dir='ltr'>tamen</span> <span class='ocrx_word' id='word_1_592' title='bbox 893 1510 928 1540; x_wconf 83' lang='lat' dir='ltr'>ad</span> <span class='ocrx_word' id='word_1_593' title='bbox 940 1511 1014 1539; x_wconf 87' lang='lat' dir='ltr'>hanc</span> <span class='ocrx_word' id='word_1_594' title='bbox 1025 1507 1160 1538; x_wconf 89' lang='lat' dir='ltr'>insolen-</span> <span class='ocrx_word' id='word_1_595' title='bbox 1204 1510 1318 1541; x_wconf 59' lang='lat' dir='ltr'>fuerint</span> <span class='ocrx_word' id='word_1_596' title='bbox 1329 1510 1498 1548; x_wconf 67' lang='lat' dir='ltr'>importum</span> <span class='ocrx_word' id='word_1_597' title='bbox 1510 1529 1517 1541; x_wconf 90' lang='lat'>‚</span> <span class='ocrx_word' id='word_1_598' title='bbox 1530 1509 1624 1538; x_wconf 60' lang='lat' dir='ltr'>vides.</span> 
     </span>
    </p>
   </div>
   <div class='ocr_carea' id='block_1_3' title="bbox 1165 335 1174 1070">
    <p class='ocr_par' dir='ltr' id='par_1_3' title="bbox 1165 335 1174 1070">
     <span class='ocr_line' id='line_1_35' title="bbox 1165 335 1174 1070; baseline 0 0"><span class='ocrx_word' id='word_1_599' title='bbox 1165 335 1174 1070; x_wconf 95' lang='lat' dir='ltr'> </span> 
     </span>
    </p>
   </div>
   <div class='ocr_carea' id='block_1_4' title="bbox 198 1550 2229 1681">
    <p class='ocr_par' dir='ltr' id='par_1_4' title="bbox 198 1550 2229 1681">
     <span class='ocr_line' id='line_1_36' title="bbox 198 1550 2229 1596; baseline -0.008 -7"><span class='ocrx_word' id='word_1_600' title='bbox 198 1559 291 1596; x_wconf 80' lang='lat' dir='ltr'>tiam:</span> <span class='ocrx_word' id='word_1_601' title='bbox 311 1557 360 1588; x_wconf 89' lang='lat' dir='ltr'>sed</span> <span class='ocrx_word' id='word_1_602' title='bbox 370 1557 405 1587; x_wconf 83' lang='lat' dir='ltr'>ad</span> <span class='ocrx_word' id='word_1_603' title='bbox 416 1557 500 1586; x_wconf 80' lang='lat' dir='ltr'>illam</span> <span class='ocrx_word' id='word_1_604' title='bbox 511 1565 593 1586; x_wconf 84' lang='lat' dir='ltr'>tuam</span> <span class='ocrx_word' id='word_1_605' title='bbox 602 1555 750 1585; x_wconf 86' lang='lat' dir='ltr'>lautitiam</span> <span class='ocrx_word' id='word_1_606' title='bbox 763 1573 772 1587; x_wconf 92' lang='lat'>‚</span> <span class='ocrx_word' id='word_1_607' title='bbox 792 1561 924 1583; x_wconf 86' lang='lat' dir='ltr'>veterem</span> <span class='ocrx_word' id='word_1_608' title='bbox 937 1551 1006 1581; x_wconf 91' lang='lat' dir='ltr'>dico</span> <span class='ocrx_word' id='word_1_609' title='bbox 1018 1570 1026 1584; x_wconf 84' lang='lat'>‚</span> <span class='ocrx_word' id='word_1_610' title='bbox 1045 1559 1115 1580; x_wconf 89' lang='lat' dir='ltr'>cum</span> <span class='ocrx_word' id='word_1_611' title='bbox 1127 1550 1159 1578; x_wconf 89' lang='lat' dir='ltr'>in</span> <span class='ocrx_word' id='word_1_612' title='bbox 1497 1553 1543 1580; x_wconf 84' lang='lat' dir='ltr'>CI</span> <span class='ocrx_word' id='word_1_613' title='bbox 1555 1553 1578 1580; x_wconf 85' lang='lat' dir='ltr'>C</span> <span class='ocrx_word' id='word_1_614' title='bbox 1589 1553 1612 1580; x_wconf 78' lang='grc' dir='ltr'>Ε</span> <span class='ocrx_word' id='word_1_615' title='bbox 1624 1553 1651 1580; x_wconf 85' lang='lat' dir='ltr'>R</span> <span class='ocrx_word' id='word_1_616' title='bbox 1662 1553 1688 1580; x_wconf 90' lang='lat'>0</span> <span class='ocrx_word' id='word_1_617' title='bbox 1710 1553 1731 1580; x_wconf 86' lang='lat' dir='ltr'>P</span> <span class='ocrx_word' id='word_1_618' title='bbox 1741 1553 1780 1580; x_wconf 81' lang='lat' dir='ltr'>AE</span> <span class='ocrx_word' id='word_1_619' title='bbox 1791 1552 1820 1580; x_wconf 87' lang='lat' dir='ltr'>T</span> <span class='ocrx_word' id='word_1_620' title='bbox 1831 1552 1867 1580; x_wconf 78' lang='grc' dir='ltr'>Ο,</span> <span class='ocrx_word' id='word_1_621' title='bbox 2183 1555 2229 1580; x_wconf 80' lang='lat'>22</span> 
     </span>
     <span class='ocr_line' id='line_1_37' title="bbox 199 1589 2161 1638; baseline -0.005 -8"><span class='ocrx_word' id='word_1_622' title='bbox 199 1601 314 1631; x_wconf 88' lang='lat' dir='ltr'>sumtus</span> <span class='ocrx_word' id='word_1_623' title='bbox 327 1599 463 1629; x_wconf 82' lang='lat' dir='ltr'>habebas.</span> <span class='ocrx_word' id='word_1_624' title='bbox 477 1595 528 1628; x_wconf 76' lang='lat' dir='ltr'>etsi</span> <span class='ocrx_word' id='word_1_625' title='bbox 539 1606 707 1638; x_wconf 78' lang='lat' dir='ltr'>numquam</span> <span class='ocrx_word' id='word_1_626' title='bbox 719 1596 803 1636; x_wconf 83' lang='lat' dir='ltr'>plura</span> <span class='ocrx_word' id='word_1_627' title='bbox 813 1594 920 1634; x_wconf 83' lang='lat' dir='ltr'>praedia</span> <span class='ocrx_word' id='word_1_628' title='bbox 931 1591 1070 1622; x_wconf 87' lang='lat' dir='ltr'>habuisti.</span> <span class='ocrx_word' id='word_1_629' title='bbox 1086 1594 1158 1621; x_wconf 90' lang='lat' dir='ltr'>Pro·</span> <span class='ocrx_word' id='word_1_630' title='bbox 1297 1596 1358 1623; x_wconf 88' lang='lat' dir='ltr'>Mo</span> <span class='ocrx_word' id='word_1_631' title='bbox 1377 1592 1589 1622; x_wconf 84' lang='lat' dir='ltr'>verecundiam</span> <span class='ocrx_word' id='word_1_632' title='bbox 1603 1612 1610 1626; x_wconf 88' lang='lat'>‚</span> <span class='ocrx_word' id='word_1_633' title='bbox 1633 1592 1679 1622; x_wconf 89' lang='lat' dir='ltr'>vel</span> <span class='ocrx_word' id='word_1_634' title='bbox 1698 1591 1800 1631; x_wconf 76' lang='lat' dir='ltr'>potius</span> <span class='ocrx_word' id='word_1_635' title='bbox 1818 1592 1984 1622; x_wconf 87' lang='lat' dir='ltr'>libertatem</span> <span class='ocrx_word' id='word_1_636' title='bbox 2003 1589 2161 1630; x_wconf 82' lang='lat' dir='ltr'>loquendi.</span> 
     </span>
     <span class='ocr_line' id='line_1_38' title="bbox 198 1633 2163 1681; baseline -0.006 -9"><span class='ocrx_word' id='word_1_637' title='bbox 198 1642 271 1673; x_wconf 81' lang='lat' dir='ltr'>inde</span> <span class='ocrx_word' id='word_1_638' title='bbox 282 1651 308 1671; x_wconf 87' lang='lat' dir='ltr'>te</span> <span class='ocrx_word' id='word_1_639' title='bbox 318 1651 384 1681; x_wconf 85' lang='lat' dir='ltr'>para</span> <span class='ocrx_word' id='word_1_640' title='bbox 394 1661 402 1674; x_wconf 87' lang='lat'>,</span> <span class='ocrx_word' id='word_1_641' title='bbox 421 1650 493 1670; x_wconf 89' lang='lat' dir='ltr'>cum</span> <span class='ocrx_word' id='word_1_642' title='bbox 503 1640 630 1670; x_wconf 79' lang='lat' dir='ltr'>homine</span> <span class='ocrx_word' id='word_1_643' title='bbox 648 1638 679 1668; x_wconf 84' lang='lat'>&amp;</span> <span class='ocrx_word' id='word_1_644' title='bbox 695 1638 777 1668; x_wconf 87' lang='lat' dir='ltr'>edaci</span> <span class='ocrx_word' id='word_1_645' title='bbox 789 1637 843 1667; x_wconf 88' lang='lat' dir='ltr'>tibi</span> <span class='ocrx_word' id='word_1_646' title='bbox 854 1646 899 1666; x_wconf 86' lang='lat' dir='ltr'>res</span> <span class='ocrx_word' id='word_1_647' title='bbox 911 1634 952 1666; x_wconf 85' lang='lat' dir='ltr'>est</span> <span class='ocrx_word' id='word_1_648' title='bbox 963 1653 972 1668; x_wconf 84' lang='lat'>‚</span> <span class='ocrx_word' id='word_1_649' title='bbox 993 1634 1025 1664; x_wconf 86' lang='lat'>&amp;</span> <span class='ocrx_word' id='word_1_650' title='bbox 1035 1634 1156 1675; x_wconf 80' lang='lat' dir='ltr'>quijam</span> <span class='ocrx_word' id='word_1_651' title='bbox 1297 1634 1377 1676; x_wconf 89' lang='lat' dir='ltr'>atqui</span> <span class='ocrx_word' id='word_1_652' title='bbox 1390 1635 1446 1663; x_wconf 83' lang='lat' dir='ltr'>hoc</span> <span class='ocrx_word' id='word_1_653' title='bbox 1458 1636 1576 1664; x_wconf 86' lang='lat' dir='ltr'>Zenoni</span> <span class='ocrx_word' id='word_1_654' title='bbox 1587 1634 1696 1673; x_wconf 86' lang='lat' dir='ltr'>placuit</span> <span class='ocrx_word' id='word_1_655' title='bbox 1707 1654 1715 1666; x_wconf 94' lang='lat'>‚</span> <span class='ocrx_word' id='word_1_656' title='bbox 1736 1634 1857 1663; x_wconf 86' lang='lat' dir='ltr'>homini</span> <span class='ocrx_word' id='word_1_657' title='bbox 1872 1633 2043 1663; x_wconf 84' lang='lat' dir='ltr'>mehercule</span> <span class='ocrx_word' id='word_1_658' title='bbox 2056 1641 2143 1662; x_wconf 86' lang='lat' dir='ltr'>acuto</span> <span class='ocrx_word' id='word_1_659' title='bbox 2155 1640 2163 1661; x_wconf 88' lang='lat'>:</span> 
     </span>
    </p>
   </div>
   <div class='ocr_carea' id='block_1_5' title="bbox 146 1673 2176 2646">
    <p class='ocr_par' dir='ltr' id='par_1_5' title="bbox 146 1673 2176 2646">
     <span class='ocr_line' id='line_1_39' title="bbox 199 1673 2165 1725; baseline -0.006 -11"><span class='ocrx_word' id='word_1_660' title='bbox 199 1683 314 1725; x_wconf 83' lang='lat' dir='ltr'>aliquid</span> <span class='ocrx_word' id='word_1_661' title='bbox 332 1683 489 1724; x_wconf 80' lang='lat' dir='ltr'>intelligat.</span> <span class='ocrx_word' id='word_1_662' title='bbox 515 1680 676 1720; x_wconf 61' lang='grc' dir='ltr'>ὀψιμᾳὲῑῖς</span> <span class='ocrx_word' id='word_1_663' title='bbox 698 1689 798 1710; x_wconf 84' lang='lat' dir='ltr'>autem</span> <span class='ocrx_word' id='word_1_664' title='bbox 818 1679 961 1708; x_wconf 90' lang='lat' dir='ltr'>homines</span> <span class='ocrx_word' id='word_1_665' title='bbox 971 1696 980 1710; x_wconf 79' lang='lat'><em>,</em></span> <span class='ocrx_word' id='word_1_666' title='bbox 1002 1676 1055 1707; x_wconf 82' lang='lat' dir='ltr'>scis</span> <span class='ocrx_word' id='word_1_667' title='bbox 1070 1675 1160 1716; x_wconf 66' lang='lat' dir='ltr'>quum</span> <span class='ocrx_word' id='word_1_668' title='bbox 1206 1675 1257 1708; x_wconf 83' lang='lat' dir='ltr'>etsi</span> <span class='ocrx_word' id='word_1_669' title='bbox 1268 1676 1439 1708; x_wconf 85' lang='lat' dir='ltr'>Academiae</span> <span class='ocrx_word' id='word_1_670' title='bbox 1449 1675 1555 1706; x_wconf 83' lang='lat' dir='ltr'>nostra:</span> <span class='ocrx_word' id='word_1_671' title='bbox 1566 1686 1634 1706; x_wconf 90' lang='lat' dir='ltr'>cum</span> <span class='ocrx_word' id='word_1_672' title='bbox 1646 1686 1683 1705; x_wconf 88' lang='lat' dir='ltr'>eo</span> <span class='ocrx_word' id='word_1_673' title='bbox 1695 1685 1800 1716; x_wconf 84' lang='lat' dir='ltr'>magna</span> <span class='ocrx_word' id='word_1_674' title='bbox 1811 1677 1874 1705; x_wconf 80' lang='lat' dir='ltr'>rixa</span> <span class='ocrx_word' id='word_1_675' title='bbox 1884 1674 1937 1705; x_wconf 89' lang='lat' dir='ltr'>est.</span> <span class='ocrx_word' id='word_1_676' title='bbox 1961 1674 2029 1707; x_wconf 90' lang='lat' dir='ltr'>Sed,</span> <span class='ocrx_word' id='word_1_677' title='bbox 2042 1683 2073 1704; x_wconf 89' lang='lat' dir='ltr'>ut</span> <span class='ocrx_word' id='word_1_678' title='bbox 2084 1673 2165 1706; x_wconf 81' lang='lat' dir='ltr'>dico,</span> 
     </span>
     <span class='ocr_line' id='line_1_40' title="bbox 200 1716 2168 1762; baseline -0.007 -5"><span class='ocrx_word' id='word_1_679' title='bbox 200 1728 365 1758; x_wconf 85' lang='lat' dir='ltr'>insolentes</span> <span class='ocrx_word' id='word_1_680' title='bbox 376 1724 441 1755; x_wconf 78' lang='lat' dir='ltr'>sint.</span> <span class='ocrx_word' id='word_1_681' title='bbox 465 1725 651 1756; x_wconf 65' lang='lat' dir='ltr'>dediscenda:</span> <span class='ocrx_word' id='word_1_682' title='bbox 663 1724 717 1755; x_wconf 83' lang='lat' dir='ltr'>tibi</span> <span class='ocrx_word' id='word_1_683' title='bbox 729 1723 796 1753; x_wconf 88' lang='lat' dir='ltr'>sunt</span> <span class='ocrx_word' id='word_1_684' title='bbox 813 1721 978 1762; x_wconf 82' lang='lat' dir='ltr'>sportellae‚</span> <span class='ocrx_word' id='word_1_685' title='bbox 1001 1719 1033 1750; x_wconf 72' lang='grc' dir='ltr'>δε</span> <span class='ocrx_word' id='word_1_686' title='bbox 1055 1719 1162 1749; x_wconf 85' lang='lat' dir='ltr'>artola—</span> <span class='ocrx_word' id='word_1_687' title='bbox 1205 1720 1301 1760; x_wconf 82' lang='lat' dir='ltr'>placet</span> <span class='ocrx_word' id='word_1_688' title='bbox 1318 1720 1426 1749; x_wconf 86' lang='lat' dir='ltr'>Stoicis</span> <span class='ocrx_word' id='word_1_689' title='bbox 1438 1739 1446 1752; x_wconf 85' lang='lat'>‚</span> <span class='ocrx_word' id='word_1_690' title='bbox 1469 1718 1522 1747; x_wconf 86' lang='lat' dir='ltr'>suo</span> <span class='ocrx_word' id='word_1_691' title='bbox 1541 1728 1692 1759; x_wconf 81' lang='lat' dir='ltr'>quamque</span> <span class='ocrx_word' id='word_1_692' title='bbox 1710 1727 1774 1747; x_wconf 87' lang='lat' dir='ltr'>rem</span> <span class='ocrx_word' id='word_1_693' title='bbox 1794 1719 1922 1746; x_wconf 81' lang='lat' dir='ltr'>nomine</span> <span class='ocrx_word' id='word_1_694' title='bbox 1941 1716 2096 1756; x_wconf 85' lang='lat' dir='ltr'>appellare.</span> <span class='ocrx_word' id='word_1_695' title='bbox 2120 1716 2168 1746; x_wconf 88' lang='lat' dir='ltr'>Sic</span> 
     </span>
     <span class='ocr_line' id='line_1_41' title="bbox 198 1755 2167 1812; baseline -0.007 -12"><span class='ocrx_word' id='word_1_696' title='bbox 198 1771 268 1812; x_wconf 85' lang='lat' dir='ltr'>gani</span> <span class='ocrx_word' id='word_1_697' title='bbox 284 1771 338 1798; x_wconf 90' lang='lat' dir='ltr'>tui.</span> <span class='ocrx_word' id='word_1_698' title='bbox 360 1770 375 1787; x_wconf 87' lang='lat'>²</span> <span class='ocrx_word' id='word_1_699' title='bbox 386 1770 453 1797; x_wconf 88' lang='lat' dir='ltr'>Nos</span> <span class='ocrx_word' id='word_1_700' title='bbox 461 1768 523 1806; x_wconf 31' lang='lat' dir='ltr'>,jam</span> <span class='ocrx_word' id='word_1_701' title='bbox 536 1778 573 1798; x_wconf 85' lang='lat' dir='ltr'>ex</span> <span class='ocrx_word' id='word_1_702' title='bbox 583 1770 652 1798; x_wconf 85' lang='lat' dir='ltr'>artis</span> <span class='ocrx_word' id='word_1_703' title='bbox 662 1774 779 1796; x_wconf 85' lang='lat' dir='ltr'>tantum</span> <span class='ocrx_word' id='word_1_704' title='bbox 792 1765 956 1796; x_wconf 85' lang='lat' dir='ltr'>habemus,</span> <span class='ocrx_word' id='word_1_705' title='bbox 978 1771 1010 1792; x_wconf 89' lang='lat' dir='ltr'>ut</span> <span class='ocrx_word' id='word_1_706' title='bbox 1020 1763 1160 1791; x_wconf 88' lang='lat' dir='ltr'>Verrium</span> <span class='ocrx_word' id='word_1_707' title='bbox 1207 1763 1292 1791; x_wconf 88' lang='lat' dir='ltr'>enim</span> <span class='ocrx_word' id='word_1_708' title='bbox 1303 1759 1466 1792; x_wconf 82' lang='lat' dir='ltr'>differunt,</span> <span class='ocrx_word' id='word_1_709' title='bbox 1491 1761 1579 1790; x_wconf 86' lang='lat' dir='ltr'>Nihil</span> <span class='ocrx_word' id='word_1_710' title='bbox 1596 1758 1653 1789; x_wconf 74' lang='lat' dir='ltr'>effe</span> <span class='ocrx_word' id='word_1_711' title='bbox 1671 1759 1834 1789; x_wconf 90' lang='lat' dir='ltr'>obscenum</span> <span class='ocrx_word' id='word_1_712' title='bbox 1846 1779 1854 1792; x_wconf 92' lang='lat'>,</span> <span class='ocrx_word' id='word_1_713' title='bbox 1877 1759 1954 1788; x_wconf 84' lang='lat' dir='ltr'>nihil</span> <span class='ocrx_word' id='word_1_714' title='bbox 1973 1767 2055 1797; x_wconf 85' lang='lat' dir='ltr'>turpe</span> <span class='ocrx_word' id='word_1_715' title='bbox 2071 1755 2167 1787; x_wconf 66' lang='lat' dir='ltr'>dian.</span> 
     </span>
     <span class='ocr_line' id='line_1_42' title="bbox 198 1796 2163 1850; baseline -0.007 -9"><span class='ocrx_word' id='word_1_716' title='bbox 198 1821 287 1842; x_wconf 85' lang='lat' dir='ltr'>tuum</span> <span class='ocrx_word' id='word_1_717' title='bbox 301 1831 310 1844; x_wconf 91' lang='lat'>‚</span> <span class='ocrx_word' id='word_1_718' title='bbox 324 1810 355 1841; x_wconf 91' lang='lat'>&amp;</span> <span class='ocrx_word' id='word_1_719' title='bbox 367 1810 530 1840; x_wconf 86' lang='lat' dir='ltr'>Camillum</span> <span class='ocrx_word' id='word_1_720' title='bbox 545 1830 552 1844; x_wconf 88' lang='lat'>‚</span> <span class='ocrx_word' id='word_1_721' title='bbox 568 1820 625 1850; x_wconf 75' lang='lat' dir='ltr'>qua</span> <span class='ocrx_word' id='word_1_722' title='bbox 636 1807 785 1838; x_wconf 83' lang='lat' dir='ltr'>munditia</span> <span class='ocrx_word' id='word_1_723' title='bbox 794 1807 959 1835; x_wconf 88' lang='lat' dir='ltr'>homines?</span> <span class='ocrx_word' id='word_1_724' title='bbox 977 1814 1034 1844; x_wconf 89' lang='lat' dir='ltr'>qua</span> <span class='ocrx_word' id='word_1_725' title='bbox 1044 1803 1163 1843; x_wconf 85' lang='lat' dir='ltr'>elegan-</span> <span class='ocrx_word' id='word_1_726' title='bbox 1208 1805 1289 1833; x_wconf 88' lang='lat' dir='ltr'>Nam</span> <span class='ocrx_word' id='word_1_727' title='bbox 1298 1823 1306 1836; x_wconf 90' lang='lat'>‚</span> <span class='ocrx_word' id='word_1_728' title='bbox 1321 1802 1341 1831; x_wconf 93' lang='lat' dir='ltr'>s1</span> <span class='ocrx_word' id='word_1_729' title='bbox 1351 1800 1432 1842; x_wconf 88' lang='lat' dir='ltr'>quod</span> <span class='ocrx_word' id='word_1_730' title='bbox 1444 1801 1518 1831; x_wconf 77' lang='lat' dir='ltr'>sitin</span> <span class='ocrx_word' id='word_1_731' title='bbox 1529 1802 1711 1832; x_wconf 82' lang='lat' dir='ltr'>obscenitate</span> <span class='ocrx_word' id='word_1_732' title='bbox 1722 1799 1869 1841; x_wconf 76' lang='lat' dir='ltr'>flagitium</span> <span class='ocrx_word' id='word_1_733' title='bbox 1883 1820 1892 1834; x_wconf 85' lang='lat'><em>,</em></span> <span class='ocrx_word' id='word_1_734' title='bbox 1911 1800 1941 1829; x_wconf 93' lang='lat' dir='ltr'>id</span> <span class='ocrx_word' id='word_1_735' title='bbox 1951 1808 2001 1829; x_wconf 87' lang='lat' dir='ltr'>aut</span> <span class='ocrx_word' id='word_1_736' title='bbox 2011 1801 2044 1829; x_wconf 89' lang='lat' dir='ltr'>in</span> <span class='ocrx_word' id='word_1_737' title='bbox 2054 1809 2084 1828; x_wconf 87' lang='lat' dir='ltr'>re</span> <span class='ocrx_word' id='word_1_738' title='bbox 2093 1796 2163 1831; x_wconf 83' lang='lat' dir='ltr'>effe,</span> 
     </span>
     <span class='ocr_line' id='line_1_43' title="bbox 199 1841 2165 1891; baseline -0.007 -8"><span class='ocrx_word' id='word_1_739' title='bbox 199 1856 261 1884; x_wconf 85' lang='lat' dir='ltr'>tia?</span> <span class='ocrx_word' id='word_1_740' title='bbox 281 1862 383 1882; x_wconf 84' lang='lat' dir='ltr'>vocare</span> <span class='ocrx_word' id='word_1_741' title='bbox 404 1852 509 1891; x_wconf 79' lang='lat' dir='ltr'>saepius</span> <span class='ocrx_word' id='word_1_742' title='bbox 527 1853 698 1881; x_wconf 84' lang='lat' dir='ltr'>audeamus.</span> <span class='ocrx_word' id='word_1_743' title='bbox 721 1848 777 1879; x_wconf 80' lang='lat' dir='ltr'>Sed</span> <span class='ocrx_word' id='word_1_744' title='bbox 794 1847 865 1877; x_wconf 80' lang='lat' dir='ltr'>vide</span> <span class='ocrx_word' id='word_1_745' title='bbox 882 1846 1048 1876; x_wconf 84' lang='lat' dir='ltr'>audaciam.</span> <span class='ocrx_word' id='word_1_746' title='bbox 1071 1847 1162 1873; x_wconf 85' lang='lat' dir='ltr'>etiarn</span> <span class='ocrx_word' id='word_1_747' title='bbox 1207 1854 1257 1875; x_wconf 86' lang='lat' dir='ltr'>aut</span> <span class='ocrx_word' id='word_1_748' title='bbox 1267 1847 1300 1874; x_wconf 90' lang='lat' dir='ltr'>in</span> <span class='ocrx_word' id='word_1_749' title='bbox 1309 1844 1417 1874; x_wconf 87' lang='lat' dir='ltr'>ve1b0:</span> <span class='ocrx_word' id='word_1_750' title='bbox 1434 1842 1580 1873; x_wconf 78' lang='lat' dir='ltr'>nihilesse</span> <span class='ocrx_word' id='word_1_751' title='bbox 1590 1846 1722 1873; x_wconf 86' lang='lat' dir='ltr'>tertium.</span> <span class='ocrx_word' id='word_1_752' title='bbox 1748 1846 1784 1872; x_wconf 87' lang='lat' dir='ltr'>In</span> <span class='ocrx_word' id='word_1_753' title='bbox 1795 1852 1824 1872; x_wconf 92' lang='lat' dir='ltr'>re</span> <span class='ocrx_word' id='word_1_754' title='bbox 1835 1853 1899 1873; x_wconf 89' lang='lat' dir='ltr'>non</span> <span class='ocrx_word' id='word_1_755' title='bbox 1909 1841 1961 1872; x_wconf 86' lang='lat' dir='ltr'>est.</span> <span class='ocrx_word' id='word_1_756' title='bbox 1985 1844 2085 1882; x_wconf 87' lang='lat' dir='ltr'>ltaque</span> <span class='ocrx_word' id='word_1_757' title='bbox 2098 1849 2165 1870; x_wconf 89' lang='lat' dir='ltr'>non</span> 
     </span>
     <span class='ocr_line' id='line_1_44' title="bbox 201 1883 2170 1933; baseline -0.009 -5"><span class='ocrx_word' id='word_1_758' title='bbox 201 1896 307 1925; x_wconf 83' lang='lat' dir='ltr'>Hirtio</span> <span class='ocrx_word' id='word_1_759' title='bbox 326 1903 431 1924; x_wconf 78' lang='lat' dir='ltr'>cenam</span> <span class='ocrx_word' id='word_1_760' title='bbox 450 1893 519 1923; x_wconf 66' lang='lat' dir='ltr'>dedi</span> <span class='ocrx_word' id='word_1_761' title='bbox 539 1891 599 1922; x_wconf 78' lang='lat' dir='ltr'>fine</span> <span class='ocrx_word' id='word_1_762' title='bbox 617 1901 754 1933; x_wconf 63' lang='lat' dir='ltr'>pavone,</span> <span class='ocrx_word' id='word_1_763' title='bbox 773 1898 875 1919; x_wconf 64' lang='lat' dir='ltr'>tamssss</span> <span class='ocrx_word' id='word_1_764' title='bbox 892 1890 924 1918; x_wconf 80' lang='lat' dir='ltr'>in</span> <span class='ocrx_word' id='word_1_765' title='bbox 943 1897 975 1917; x_wconf 76' lang='lat' dir='ltr'>ea</span> <span class='ocrx_word' id='word_1_766' title='bbox 991 1897 1063 1917; x_wconf 71' lang='lat' dir='ltr'>cena</span> <span class='ocrx_word' id='word_1_767' title='bbox 1075 1895 1166 1916; x_wconf 82' lang='lat' dir='ltr'>cocus</span> <span class='ocrx_word' id='word_1_768' title='bbox 1209 1886 1305 1917; x_wconf 62' lang='lat' dir='ltr'>mode)</span> <span class='ocrx_word' id='word_1_769' title='bbox 1323 1888 1356 1915; x_wconf 88' lang='lat' dir='ltr'>in</span> <span class='ocrx_word' id='word_1_770' title='bbox 1370 1885 1531 1915; x_wconf 84' lang='lat' dir='ltr'>comoediis</span> <span class='ocrx_word' id='word_1_771' title='bbox 1544 1895 1589 1916; x_wconf 84' lang='lat' dir='ltr'>res</span> <span class='ocrx_word' id='word_1_772' title='bbox 1607 1885 1667 1924; x_wconf 86' lang='lat' dir='ltr'>ipsa</span> <span class='ocrx_word' id='word_1_773' title='bbox 1683 1894 1832 1915; x_wconf 81' lang='lat' dir='ltr'>narratur:</span> <span class='ocrx_word' id='word_1_774' title='bbox 1853 1884 1945 1914; x_wconf 89' lang='lat' dir='ltr'>utille</span> <span class='ocrx_word' id='word_1_775' title='bbox 1957 1885 1990 1913; x_wconf 90' lang='lat' dir='ltr'>in</span> <span class='ocrx_word' id='word_1_776' title='bbox 2000 1883 2170 1923; x_wconf 86' lang='lat' dir='ltr'>Demiurgo</span> 
     </span>
     <span class='ocr_line' id='line_1_45' title="bbox 201 1925 2173 1977; baseline -0.008 -9"><span class='ocrx_word' id='word_1_777' title='bbox 201 1947 289 1968; x_wconf 86' lang='lat' dir='ltr'>meus</span> <span class='ocrx_word' id='word_1_778' title='bbox 308 1945 412 1977; x_wconf 87' lang='lat' dir='ltr'>praeter</span> <span class='ocrx_word' id='word_1_779' title='bbox 431 1936 476 1973; x_wconf 81' lang='lat' dir='ltr'>jus</span> <span class='ocrx_word' id='word_1_780' title='bbox 494 1934 615 1965; x_wconf 82' lang='lat' dir='ltr'>fervens</span> <span class='ocrx_word' id='word_1_781' title='bbox 632 1933 713 1964; x_wconf 89' lang='lat' dir='ltr'>nihil</span> <span class='ocrx_word' id='word_1_782' title='bbox 731 1933 830 1972; x_wconf 86' lang='lat' dir='ltr'>potuit</span> <span class='ocrx_word' id='word_1_783' title='bbox 846 1931 965 1960; x_wconf 85' lang='lat' dir='ltr'>imitari.</span> <span class='ocrx_word' id='word_1_784' title='bbox 990 1929 1163 1969; x_wconf 78' lang='lat' dir='ltr'>Haecigitur</span> <span class='ocrx_word' id='word_1_785' title='bbox 1209 1927 1305 1959; x_wconf 78' lang='lat' dir='ltr'>modo</span> <span class='ocrx_word' id='word_1_786' title='bbox 1317 1927 1406 1967; x_wconf 73' lang='lat' dir='ltr'>(forte</span> <span class='ocrx_word' id='word_1_787' title='bbox 1421 1926 1661 1957; x_wconf 85' lang='lat' dir='ltr'>nosticanticum</span> <span class='ocrx_word' id='word_1_788' title='bbox 1677 1938 1681 1956; x_wconf 80' lang='lat' dir='ltr'><em>z</em></span> <span class='ocrx_word' id='word_1_789' title='bbox 1703 1925 1871 1957; x_wconf 86' lang='lat' dir='ltr'>meministi</span> <span class='ocrx_word' id='word_1_790' title='bbox 1882 1926 2043 1965; x_wconf 85' lang='lat' dir='ltr'>Roscium)</span> <span class='ocrx_word' id='word_1_791' title='bbox 2062 1925 2101 1954; x_wconf 88' lang='lat' dir='ltr'>ita</span> <span class='ocrx_word' id='word_1_792' title='bbox 2120 1933 2173 1953; x_wconf 90' lang='lat' dir='ltr'>me</span> 
     </span>
     <span class='ocr_line' id='line_1_46' title="bbox 201 1967 2174 2010; baseline -0.01 -1"><span class='ocrx_word' id='word_1_793' title='bbox 201 1979 245 2010; x_wconf 83' lang='lat' dir='ltr'>est</span> <span class='ocrx_word' id='word_1_794' title='bbox 261 1988 344 2009; x_wconf 89' lang='lat' dir='ltr'>nunc</span> <span class='ocrx_word' id='word_1_795' title='bbox 361 1980 422 2008; x_wconf 91' lang='lat' dir='ltr'>vita</span> <span class='ocrx_word' id='word_1_796' title='bbox 440 1976 547 2007; x_wconf 83' lang='lat' dir='ltr'>nostra.</span> <span class='ocrx_word' id='word_1_797' title='bbox 572 1979 662 2007; x_wconf 85' lang='lat' dir='ltr'>Mane</span> <span class='ocrx_word' id='word_1_798' title='bbox 672 1975 741 2006; x_wconf 76' lang='lat' dir='ltr'>sane</span> <span class='ocrx_word' id='word_1_799' title='bbox 751 1975 912 2004; x_wconf 80' lang='lat' dir='ltr'>salutamus</span> <span class='ocrx_word' id='word_1_800' title='bbox 923 1971 1010 2001; x_wconf 83' lang='lat' dir='ltr'>dorni</span> <span class='ocrx_word' id='word_1_801' title='bbox 1022 1971 1055 2000; x_wconf 90' lang='lat'>&amp;</span> <span class='ocrx_word' id='word_1_802' title='bbox 1066 1970 1165 2000; x_wconf 89' lang='lat' dir='ltr'>bonos</span> <span class='ocrx_word' id='word_1_803' title='bbox 1211 1970 1346 2001; x_wconf 88' lang='lat' dir='ltr'>destituit</span> <span class='ocrx_word' id='word_1_804' title='bbox 1362 1969 1492 1999; x_wconf 87' lang='lat' dir='ltr'>nudum.</span> <span class='ocrx_word' id='word_1_805' title='bbox 1517 1972 1614 2000; x_wconf 85' lang='lat' dir='ltr'>Totus</span> <span class='ocrx_word' id='word_1_806' title='bbox 1630 1968 1671 1999; x_wconf 89' lang='lat' dir='ltr'>est</span> <span class='ocrx_word' id='word_1_807' title='bbox 1683 1970 1779 2000; x_wconf 86' lang='lat' dir='ltr'>sermo</span> <span class='ocrx_word' id='word_1_808' title='bbox 1791 1969 1888 1998; x_wconf 88' lang='lat' dir='ltr'>verbis</span> <span class='ocrx_word' id='word_1_809' title='bbox 1898 1967 2011 2000; x_wconf 55' lang='lat' dir='ltr'>tekius,</span> <span class='ocrx_word' id='word_1_810' title='bbox 2030 1969 2174 2006; x_wconf 79' lang='lat' dir='ltr'>reimpu..</span> 
     </span>
     <span class='ocr_line' id='line_1_47' title="bbox 200 2008 2173 2053; baseline -0.008 -1"><span class='ocrx_word' id='word_1_811' title='bbox 200 2024 285 2052; x_wconf 81' lang='lat' dir='ltr'>viros</span> <span class='ocrx_word' id='word_1_812' title='bbox 295 2020 410 2051; x_wconf 87' lang='lat' dir='ltr'>multos</span> <span class='ocrx_word' id='word_1_813' title='bbox 422 2040 430 2053; x_wconf 87' lang='lat'><em>,</em></span> <span class='ocrx_word' id='word_1_814' title='bbox 452 2019 501 2049; x_wconf 91' lang='lat' dir='ltr'>sed</span> <span class='ocrx_word' id='word_1_815' title='bbox 513 2017 637 2049; x_wconf 85' lang='lat' dir='ltr'>tristeis:</span> <span class='ocrx_word' id='word_1_816' title='bbox 660 2018 693 2048; x_wconf 88' lang='lat'>&amp;</span> <span class='ocrx_word' id='word_1_817' title='bbox 712 2018 767 2046; x_wconf 87' lang='lat' dir='ltr'>hos</span> <span class='ocrx_word' id='word_1_818' title='bbox 786 2016 870 2046; x_wconf 86' lang='lat' dir='ltr'>laetos</span> <span class='ocrx_word' id='word_1_819' title='bbox 884 2013 1031 2045; x_wconf 65' lang='lat' dir='ltr'>viEtores:</span> <span class='ocrx_word' id='word_1_820' title='bbox 1050 2013 1102 2053; x_wconf 87' lang='lat' dir='ltr'>qui</span> <span class='ocrx_word' id='word_1_821' title='bbox 1116 2022 1165 2041; x_wconf 87' lang='lat' dir='ltr'>me</span> <span class='ocrx_word' id='word_1_822' title='bbox 1209 2013 1347 2043; x_wconf 85' lang='lat' dir='ltr'>dentior:</span> <span class='ocrx_word' id='word_1_823' title='bbox 1362 2012 1410 2041; x_wconf 81' lang='lat' dir='ltr'>sed</span> <span class='ocrx_word' id='word_1_824' title='bbox 1421 2020 1510 2042; x_wconf 82' lang='lat' dir='ltr'>etiam</span> <span class='ocrx_word' id='word_1_825' title='bbox 1524 2013 1555 2041; x_wconf 89' lang='lat' dir='ltr'>in</span> <span class='ocrx_word' id='word_1_826' title='bbox 1566 2011 1726 2052; x_wconf 79' lang='lat' dir='ltr'>tragoediis.</span> <span class='ocrx_word' id='word_1_827' title='bbox 1750 2010 1822 2052; x_wconf 86' lang='lat' dir='ltr'>quid</span> <span class='ocrx_word' id='word_1_828' title='bbox 1833 2009 1875 2040; x_wconf 86' lang='lat' dir='ltr'>est</span> <span class='ocrx_word' id='word_1_829' title='bbox 1886 2012 1969 2040; x_wconf 89' lang='lat' dir='ltr'>enim</span> <span class='ocrx_word' id='word_1_830' title='bbox 1981 2008 2078 2039; x_wconf 86' lang='lat' dir='ltr'>illud?</span> <span class='ocrx_word' id='word_1_831' title='bbox 2097 2010 2173 2048; x_wconf 84' lang='lat' dir='ltr'>Qae</span> 
     </span>
     <span class='ocr_line' id='line_1_48' title="bbox 200 2049 2173 2105; baseline -0.01 -7"><span class='ocrx_word' id='word_1_832' title='bbox 200 2063 324 2105; x_wconf 84' lang='lat' dir='ltr'>quidem</span> <span class='ocrx_word' id='word_1_833' title='bbox 339 2060 548 2102; x_wconf 71' lang='lat' dir='ltr'>perofficiose,</span> <span class='ocrx_word' id='word_1_834' title='bbox 568 2061 601 2090; x_wconf 91' lang='lat'>&amp;</span> <span class='ocrx_word' id='word_1_835' title='bbox 617 2067 803 2100; x_wconf 80' lang='lat' dir='ltr'>peramanter</span> <span class='ocrx_word' id='word_1_836' title='bbox 822 2056 990 2088; x_wconf 81' lang='lat' dir='ltr'>observant.</span> <span class='ocrx_word' id='word_1_837' title='bbox 1014 2055 1076 2085; x_wconf 85' lang='lat' dir='ltr'>Ubi</span> <span class='ocrx_word' id='word_1_838' title='bbox 1092 2054 1166 2084; x_wconf 74' lang='lat' dir='ltr'>salu·</span> <span class='ocrx_word' id='word_1_839' title='bbox 1212 2055 1324 2085; x_wconf 81' lang='lat' dir='ltr'>mulier</span> <span class='ocrx_word' id='word_1_840' title='bbox 1335 2057 1413 2084; x_wconf 81' lang='lat' dir='ltr'>una?</span> <span class='ocrx_word' id='word_1_841' title='bbox 1431 2054 1522 2094; x_wconf 87' lang='lat' dir='ltr'>quid,</span> <span class='ocrx_word' id='word_1_842' title='bbox 1539 2056 1663 2094; x_wconf 72' lang='lat' dir='ltr'>inquam</span> <span class='ocrx_word' id='word_1_843' title='bbox 1678 2074 1685 2087; x_wconf 90' lang='lat'>,</span> <span class='ocrx_word' id='word_1_844' title='bbox 1700 2052 1763 2083; x_wconf 78' lang='lat' dir='ltr'>est?</span> <span class='ocrx_word' id='word_1_845' title='bbox 1783 2053 1926 2093; x_wconf 77' lang='lat' dir='ltr'>Usurpata</span> <span class='ocrx_word' id='word_1_846' title='bbox 1937 2051 2049 2091; x_wconf 81' lang='lat' dir='ltr'>duplex</span> <span class='ocrx_word' id='word_1_847' title='bbox 2058 2049 2173 2080; x_wconf 76' lang='lat' dir='ltr'>cubile?</span> 
     </span>
     <span class='ocr_line' id='line_1_49' title="bbox 201 2091 2172 2139; baseline -0.01 0"><span class='ocrx_word' id='word_1_848' title='bbox 201 2107 276 2135; x_wconf 85' lang='lat' dir='ltr'>tatio</span> <span class='ocrx_word' id='word_1_849' title='bbox 294 2103 443 2137; x_wconf 82' lang='lat' dir='ltr'>defluxit,</span> <span class='ocrx_word' id='word_1_850' title='bbox 466 2104 572 2134; x_wconf 79' lang='lat' dir='ltr'>litteris</span> <span class='ocrx_word' id='word_1_851' title='bbox 592 2113 642 2132; x_wconf 89' lang='lat' dir='ltr'>me</span> <span class='ocrx_word' id='word_1_852' title='bbox 664 2100 811 2134; x_wconf 77' lang='lat' dir='ltr'>involvo,</span> <span class='ocrx_word' id='word_1_853' title='bbox 832 2108 882 2130; x_wconf 87' lang='lat' dir='ltr'>aut</span> <span class='ocrx_word' id='word_1_854' title='bbox 892 2097 1008 2131; x_wconf 73' lang='lat' dir='ltr'>scribo,</span> <span class='ocrx_word' id='word_1_855' title='bbox 1028 2105 1077 2127; x_wconf 87' lang='lat' dir='ltr'>aut</span> <span class='ocrx_word' id='word_1_856' title='bbox 1087 2097 1164 2136; x_wconf 80' lang='lat' dir='ltr'>lego.</span> <span class='ocrx_word' id='word_1_857' title='bbox 1210 2096 1524 2139; x_wconf 72' lang='lat' dir='ltr'>Qid?hujusPlie1·ej</span> <span class='ocrx_word' id='word_1_858' title='bbox 1537 2096 1778 2126; x_wconf 70' lang='lat' dir='ltr'>hiccubileinue</span> <span class='ocrx_word' id='word_1_859' title='bbox 1788 2093 1830 2124; x_wconf 87' lang='lat' dir='ltr'>est</span> <span class='ocrx_word' id='word_1_860' title='bbox 1840 2092 2025 2134; x_wconf 62' lang='lat' dir='ltr'>aususQid</span> <span class='ocrx_word' id='word_1_861' title='bbox 2034 2091 2172 2124; x_wconf 82' lang='lat' dir='ltr'>est‚Vir-</span> 
     </span>
     <span class='ocr_line' id='line_1_50' title="bbox 202 2133 2170 2187; baseline -0.008 -10"><span class='ocrx_word' id='word_1_862' title='bbox 202 2148 340 2177; x_wconf 88' lang='lat' dir='ltr'>Veniunt</span> <span class='ocrx_word' id='word_1_863' title='bbox 356 2148 445 2176; x_wconf 86' lang='lat' dir='ltr'>etiam</span> <span class='ocrx_word' id='word_1_864' title='bbox 463 2148 516 2187; x_wconf 87' lang='lat' dir='ltr'>qui</span> <span class='ocrx_word' id='word_1_865' title='bbox 535 2155 585 2174; x_wconf 88' lang='lat' dir='ltr'>me</span> <span class='ocrx_word' id='word_1_866' title='bbox 601 2144 746 2177; x_wconf 81' lang='lat' dir='ltr'>audiunt,</span> <span class='ocrx_word' id='word_1_867' title='bbox 765 2140 844 2183; x_wconf 85' lang='lat' dir='ltr'>quasi</span> <span class='ocrx_word' id='word_1_868' title='bbox 854 2139 979 2171; x_wconf 52' lang='lat' dir='ltr'>dolium</span> <span class='ocrx_word' id='word_1_869' title='bbox 990 2140 1163 2171; x_wconf 87' lang='lat' dir='ltr'>hominem,</span> <span class='ocrx_word' id='word_1_870' title='bbox 1209 2149 1312 2181; x_wconf 82' lang='lat' dir='ltr'>ginem</span> <span class='ocrx_word' id='word_1_871' title='bbox 1326 2148 1374 2168; x_wconf 83' lang='lat' dir='ltr'>me</span> <span class='ocrx_word' id='word_1_872' title='bbox 1384 2139 1538 2178; x_wconf 78' lang='lat' dir='ltr'>quondam</span> <span class='ocrx_word' id='word_1_873' title='bbox 1552 2141 1679 2169; x_wconf 84' lang='lat' dir='ltr'>invitam</span> <span class='ocrx_word' id='word_1_874' title='bbox 1688 2147 1740 2178; x_wconf 90' lang='lat' dir='ltr'>per</span> <span class='ocrx_word' id='word_1_875' title='bbox 1751 2137 1815 2167; x_wconf 88' lang='lat' dir='ltr'>vim</span> <span class='ocrx_word' id='word_1_876' title='bbox 1826 2136 1919 2166; x_wconf 84' lang='lat' dir='ltr'>violat</span> <span class='ocrx_word' id='word_1_877' title='bbox 1932 2133 2170 2177; x_wconf 86' lang='lat' dir='ltr'>?Jupiterbone,</span> 
     </span>
     <span class='ocr_line' id='line_1_51' title="bbox 202 2173 2173 2230; baseline -0.009 -11"><span class='ocrx_word' id='word_1_878' title='bbox 202 2190 272 2230; x_wconf 91' lang='lat' dir='ltr'>quia</span> <span class='ocrx_word' id='word_1_879' title='bbox 285 2188 385 2228; x_wconf 83' lang='lat' dir='ltr'>paullo</span> <span class='ocrx_word' id='word_1_880' title='bbox 399 2188 464 2218; x_wconf 91' lang='lat' dir='ltr'>sum</span> <span class='ocrx_word' id='word_1_881' title='bbox 477 2207 485 2221; x_wconf 90' lang='lat'>‚</span> <span class='ocrx_word' id='word_1_882' title='bbox 505 2187 596 2228; x_wconf 76' lang='lat' dir='ltr'>quam</span> <span class='ocrx_word' id='word_1_883' title='bbox 607 2185 660 2226; x_wconf 78' lang='lat' dir='ltr'>ipsi</span> <span class='ocrx_word' id='word_1_884' title='bbox 672 2206 680 2220; x_wconf 88' lang='lat'>‚</span> <span class='ocrx_word' id='word_1_885' title='bbox 702 2184 833 2215; x_wconf 61' lang='lat' dir='ltr'>dodhor.</span> <span class='ocrx_word' id='word_1_886' title='bbox 858 2182 934 2213; x_wconf 87' lang='lat' dir='ltr'>Inde</span> <span class='ocrx_word' id='word_1_887' title='bbox 943 2183 1062 2221; x_wconf 88' lang='lat' dir='ltr'>corpori</span> <span class='ocrx_word' id='word_1_888' title='bbox 1073 2190 1165 2210; x_wconf 88' lang='lat' dir='ltr'>omne</span> <span class='ocrx_word' id='word_1_889' title='bbox 1212 2182 1328 2212; x_wconf 80' lang='lat' dir='ltr'>violat?</span> <span class='ocrx_word' id='word_1_890' title='bbox 1347 2182 1428 2221; x_wconf 77' lang='lat' dir='ltr'>atqui</span> <span class='ocrx_word' id='word_1_891' title='bbox 1446 2180 1527 2210; x_wconf 87' lang='lat' dir='ltr'>idem</span> <span class='ocrx_word' id='word_1_892' title='bbox 1547 2178 1707 2220; x_wconf 78' lang='lat' dir='ltr'>significat·</span> <span class='ocrx_word' id='word_1_893' title='bbox 1728 2179 1777 2210; x_wconf 85' lang='lat' dir='ltr'>sed</span> <span class='ocrx_word' id='word_1_894' title='bbox 1794 2179 1919 2209; x_wconf 85' lang='lat' dir='ltr'>alterum</span> <span class='ocrx_word' id='word_1_895' title='bbox 1938 2186 2032 2207; x_wconf 88' lang='lat' dir='ltr'>nemo</span> <span class='ocrx_word' id='word_1_896' title='bbox 2050 2173 2173 2205; x_wconf 84' lang='lat' dir='ltr'>tuliffet.</span> 
     </span>
     <span class='ocr_line' id='line_1_52' title="bbox 203 2215 2174 2270; baseline -0.008 -11"><span class='ocrx_word' id='word_1_897' title='bbox 203 2240 323 2270; x_wconf 83' lang='lat' dir='ltr'>tempus</span> <span class='ocrx_word' id='word_1_898' title='bbox 344 2229 438 2259; x_wconf 87' lang='lat' dir='ltr'>datur.</span> <span class='ocrx_word' id='word_1_899' title='bbox 470 2231 597 2260; x_wconf 85' lang='lat' dir='ltr'>Patriam</span> <span class='ocrx_word' id='word_1_900' title='bbox 617 2228 700 2258; x_wconf 88' lang='lat' dir='ltr'>eluxi</span> <span class='ocrx_word' id='word_1_901' title='bbox 716 2229 779 2267; x_wconf 85' lang='lat' dir='ltr'>jam</span> <span class='ocrx_word' id='word_1_902' title='bbox 801 2226 833 2256; x_wconf 73' lang='grc' dir='ltr'>δε</span> <span class='ocrx_word' id='word_1_903' title='bbox 851 2226 968 2266; x_wconf 89' lang='lat' dir='ltr'>gravius</span> <span class='ocrx_word' id='word_1_904' title='bbox 987 2224 1020 2253; x_wconf 91' lang='lat'>&amp;</span> <span class='ocrx_word' id='word_1_905' title='bbox 1038 2221 1166 2256; x_wconf 70' lang='lat' dir='ltr'>diutius,</span> <span class='ocrx_word' id='word_1_906' title='bbox 1212 2223 1305 2253; x_wconf 69' lang='lat' dir='ltr'>Vides</span> <span class='ocrx_word' id='word_1_907' title='bbox 1316 2224 1407 2264; x_wconf 77' lang='lat' dir='ltr'>igitur</span> <span class='ocrx_word' id='word_1_908' title='bbox 1418 2243 1426 2256; x_wconf 86' lang='lat'><strong><em>,</em></strong></span> <span class='ocrx_word' id='word_1_909' title='bbox 1442 2222 1512 2252; x_wconf 79' lang='lat' dir='ltr'>cum</span> <span class='ocrx_word' id='word_1_910' title='bbox 1523 2223 1625 2252; x_wconf 77' lang='lat' dir='ltr'>cadem</span> <span class='ocrx_word' id='word_1_911' title='bbox 1637 2232 1682 2252; x_wconf 85' lang='lat' dir='ltr'>res</span> <span class='ocrx_word' id='word_1_912' title='bbox 1691 2220 1742 2255; x_wconf 76' lang='lat' dir='ltr'>sit,</span> <span class='ocrx_word' id='word_1_913' title='bbox 1755 2222 1823 2261; x_wconf 88' lang='lat' dir='ltr'>quia</span> <span class='ocrx_word' id='word_1_914' title='bbox 1833 2220 1921 2250; x_wconf 82' lang='lat' dir='ltr'>verba</span> <span class='ocrx_word' id='word_1_915' title='bbox 1931 2228 1994 2248; x_wconf 87' lang='lat' dir='ltr'>non</span> <span class='ocrx_word' id='word_1_916' title='bbox 2006 2215 2081 2250; x_wconf 87' lang='lat' dir='ltr'>sint,</span> <span class='ocrx_word' id='word_1_917' title='bbox 2095 2215 2174 2245; x_wconf 85' lang='lat' dir='ltr'>nihil</span> 
     </span>
     <span class='ocr_line' id='line_1_53' title="bbox 203 2258 2173 2313; baseline -0.008 -11"><span class='ocrx_word' id='word_1_918' title='bbox 203 2272 295 2313; x_wconf 73' lang='lat' dir='ltr'>quam</span> <span class='ocrx_word' id='word_1_919' title='bbox 308 2271 369 2302; x_wconf 89' lang='lat' dir='ltr'>ulla</span> <span class='ocrx_word' id='word_1_920' title='bbox 379 2279 472 2301; x_wconf 87' lang='lat' dir='ltr'>mater</span> <span class='ocrx_word' id='word_1_921' title='bbox 482 2273 609 2301; x_wconf 90' lang='lat' dir='ltr'>unicum</span> <span class='ocrx_word' id='word_1_922' title='bbox 623 2269 731 2299; x_wconf 88' lang='lat' dir='ltr'>filium.</span> <span class='ocrx_word' id='word_1_923' title='bbox 755 2268 812 2298; x_wconf 89' lang='lat' dir='ltr'>Sed</span> <span class='ocrx_word' id='word_1_924' title='bbox 824 2277 910 2300; x_wconf 80' lang='lat' dir='ltr'>cura,</span> <span class='ocrx_word' id='word_1_925' title='bbox 929 2264 949 2294; x_wconf 88' lang='lat' dir='ltr'>fi</span> <span class='ocrx_word' id='word_1_926' title='bbox 960 2275 1010 2294; x_wconf 88' lang='lat' dir='ltr'>me</span> <span class='ocrx_word' id='word_1_927' title='bbox 1019 2275 1099 2294; x_wconf 89' lang='lat' dir='ltr'>amas</span> <span class='ocrx_word' id='word_1_928' title='bbox 1111 2285 1119 2297; x_wconf 93' lang='lat'><strong>‚</strong></span> <span class='ocrx_word' id='word_1_929' title='bbox 1136 2273 1168 2294; x_wconf 85' lang='lat' dir='ltr'>ut</span> <span class='ocrx_word' id='word_1_930' title='bbox 1210 2266 1412 2304; x_wconf 76' lang='lat' dir='ltr'>videriturpe.</span> <span class='ocrx_word' id='word_1_931' title='bbox 1438 2267 1516 2306; x_wconf 80' lang='lat' dir='ltr'>Ergo</span> <span class='ocrx_word' id='word_1_932' title='bbox 1534 2267 1567 2294; x_wconf 88' lang='lat' dir='ltr'>in</span> <span class='ocrx_word' id='word_1_933' title='bbox 1587 2275 1618 2295; x_wconf 86' lang='lat' dir='ltr'>re</span> <span class='ocrx_word' id='word_1_934' title='bbox 1637 2274 1701 2294; x_wconf 89' lang='lat' dir='ltr'>non</span> <span class='ocrx_word' id='word_1_935' title='bbox 1720 2262 1780 2293; x_wconf 87' lang='lat' dir='ltr'>est:</span> <span class='ocrx_word' id='word_1_936' title='bbox 1798 2262 1897 2292; x_wconf 89' lang='lat' dir='ltr'>multo</span> <span class='ocrx_word' id='word_1_937' title='bbox 1907 2262 2010 2291; x_wconf 89' lang='lat' dir='ltr'>minus</span> <span class='ocrx_word' id='word_1_938' title='bbox 2021 2261 2053 2290; x_wconf 92' lang='lat' dir='ltr'>in</span> <span class='ocrx_word' id='word_1_939' title='bbox 2063 2258 2173 2288; x_wconf 85' lang='lat' dir='ltr'>verbis.</span> 
     </span>
     <span class='ocr_line' id='line_1_54' title="bbox 203 2300 2173 2354; baseline -0.009 -6"><span class='ocrx_word' id='word_1_940' title='bbox 203 2315 301 2345; x_wconf 86' lang='lat' dir='ltr'>valeas</span> <span class='ocrx_word' id='word_1_941' title='bbox 321 2325 326 2343; x_wconf 83' lang='lat' dir='ltr'>z</span> <span class='ocrx_word' id='word_1_942' title='bbox 350 2323 389 2343; x_wconf 88' lang='lat' dir='ltr'>ne</span> <span class='ocrx_word' id='word_1_943' title='bbox 399 2323 454 2354; x_wconf 76' lang='lat' dir='ltr'>ego</span> <span class='ocrx_word' id='word_1_944' title='bbox 465 2331 474 2346; x_wconf 74' lang='lat'><em>2</em></span> <span class='ocrx_word' id='word_1_945' title='bbox 496 2321 524 2342; x_wconf 89' lang='lat' dir='ltr'>te</span> <span class='ocrx_word' id='word_1_946' title='bbox 542 2321 657 2352; x_wconf 72' lang='lat' dir='ltr'>jacente</span> <span class='ocrx_word' id='word_1_947' title='bbox 670 2331 679 2344; x_wconf 84' lang='lat'>‚</span> <span class='ocrx_word' id='word_1_948' title='bbox 699 2314 711 2337; x_wconf 82' lang='lat'><em>³</em></span> <span class='ocrx_word' id='word_1_949' title='bbox 724 2310 804 2340; x_wconf 89' lang='lat' dir='ltr'>bona</span> <span class='ocrx_word' id='word_1_950' title='bbox 823 2318 871 2339; x_wconf 87' lang='lat' dir='ltr'>tua</span> <span class='ocrx_word' id='word_1_951' title='bbox 887 2307 1054 2339; x_wconf 83' lang='lat' dir='ltr'>comedim·</span> <span class='ocrx_word' id='word_1_952' title='bbox 1076 2308 1171 2337; x_wconf 73' lang='lat' dir='ltr'>statui</span> <span class='ocrx_word' id='word_1_953' title='bbox 1210 2309 1336 2338; x_wconf 56' lang='lat' dir='ltr'>Sit-siim</span> <span class='ocrx_word' id='word_1_954' title='bbox 1346 2306 1428 2346; x_wconf 83' lang='lat' dir='ltr'>quod</span> <span class='ocrx_word' id='word_1_955' title='bbox 1437 2307 1532 2336; x_wconf 79' lang='lat' dir='ltr'>vei-bo</span> <span class='ocrx_word' id='word_1_956' title='bbox 1543 2304 1739 2346; x_wconf 70' lang='lat' dir='ltr'>significatur,</span> <span class='ocrx_word' id='word_1_957' title='bbox 1750 2304 1780 2333; x_wconf 80' lang='lat' dir='ltr'>id</span> <span class='ocrx_word' id='word_1_958' title='bbox 1791 2313 1874 2343; x_wconf 83' lang='lat' dir='ltr'>turpe</span> <span class='ocrx_word' id='word_1_959' title='bbox 1884 2312 1949 2333; x_wconf 88' lang='lat' dir='ltr'>non</span> <span class='ocrx_word' id='word_1_960' title='bbox 1961 2300 2020 2335; x_wconf 83' lang='lat' dir='ltr'>est,</span> <span class='ocrx_word' id='word_1_961' title='bbox 2032 2300 2173 2333; x_wconf 82' lang='lat' dir='ltr'>verbum,</span> 
     </span>
     <span class='ocr_line' id='line_1_55' title="bbox 206 2341 2175 2396; baseline -0.008 -9"><span class='ocrx_word' id='word_1_962' title='bbox 206 2359 291 2387; x_wconf 84' lang='lat' dir='ltr'>enirn</span> <span class='ocrx_word' id='word_1_963' title='bbox 301 2356 356 2387; x_wconf 85' lang='lat' dir='ltr'>tibi</span> <span class='ocrx_word' id='word_1_964' title='bbox 366 2365 404 2385; x_wconf 90' lang='lat' dir='ltr'>ne</span> <span class='ocrx_word' id='word_1_965' title='bbox 415 2363 527 2396; x_wconf 84' lang='lat' dir='ltr'>aegroto</span> <span class='ocrx_word' id='word_1_966' title='bbox 536 2353 660 2394; x_wconf 90' lang='lat' dir='ltr'>quidem</span> <span class='ocrx_word' id='word_1_967' title='bbox 672 2361 798 2392; x_wconf 84' lang='lat' dir='ltr'>parcere.</span> <span class='ocrx_word' id='word_1_968' title='bbox 1212 2348 1293 2389; x_wconf 79' lang='lat' dir='ltr'>quod</span> <span class='ocrx_word' id='word_1_969' title='bbox 1313 2346 1455 2388; x_wconf 71' lang='lat' dir='ltr'>fignificat</span> <span class='ocrx_word' id='word_1_970' title='bbox 1469 2367 1477 2380; x_wconf 92' lang='lat'>‚</span> <span class='ocrx_word' id='word_1_971' title='bbox 1503 2355 1585 2386; x_wconf 84' lang='lat' dir='ltr'>turpe</span> <span class='ocrx_word' id='word_1_972' title='bbox 1604 2346 1662 2376; x_wconf 83' lang='lat' dir='ltr'>effe</span> <span class='ocrx_word' id='word_1_973' title='bbox 1681 2356 1744 2376; x_wconf 91' lang='lat' dir='ltr'>non</span> <span class='ocrx_word' id='word_1_974' title='bbox 1762 2344 1867 2385; x_wconf 90' lang='lat' dir='ltr'>potest.</span> <span class='ocrx_word' id='word_1_975' title='bbox 1901 2347 2026 2374; x_wconf 87' lang='lat' dir='ltr'>Annum</span> <span class='ocrx_word' id='word_1_976' title='bbox 2044 2341 2175 2382; x_wconf 86' lang='lat' dir='ltr'>appellas</span> 
     </span>
     <span class='ocr_line' id='line_1_56' title="bbox 147 2385 2172 2443; baseline -0.007 -15"><span class='ocrx_word' id='word_1_977' title='bbox 147 2418 188 2443; x_wconf 49' lang='grc' dir='ltr'>,ἶ</span> <span class='ocrx_word' id='word_1_978' title='bbox 471 2398 495 2426; x_wconf 92' lang='lat' dir='ltr'>C</span> <span class='ocrx_word' id='word_1_979' title='bbox 505 2398 519 2426; x_wconf 93' lang='grc' dir='ltr'>Ι</span> <span class='ocrx_word' id='word_1_980' title='bbox 529 2399 553 2426; x_wconf 91' lang='lat' dir='ltr'>C</span> <span class='ocrx_word' id='word_1_981' title='bbox 564 2398 589 2425; x_wconf 92' lang='lat' dir='ltr'>E</span> <span class='ocrx_word' id='word_1_982' title='bbox 599 2397 627 2425; x_wconf 91' lang='lat' dir='ltr'>R</span> <span class='ocrx_word' id='word_1_983' title='bbox 639 2397 665 2424; x_wconf 94' lang='lat' dir='ltr'>O</span> <span class='ocrx_word' id='word_1_984' title='bbox 687 2397 709 2424; x_wconf 94' lang='lat' dir='ltr'><strong>P</strong></span> <span class='ocrx_word' id='word_1_985' title='bbox 722 2395 761 2423; x_wconf 89' lang='lat' dir='ltr'><strong>AE</strong></span> <span class='ocrx_word' id='word_1_986' title='bbox 771 2395 800 2422; x_wconf 94' lang='lat' dir='ltr'>T</span> <span class='ocrx_word' id='word_1_987' title='bbox 811 2394 837 2422; x_wconf 97' lang='lat' dir='ltr'>O</span> <span class='ocrx_word' id='word_1_988' title='bbox 848 2412 856 2426; x_wconf 89' lang='lat'>‚</span> <span class='ocrx_word' id='word_1_989' title='bbox 879 2394 907 2422; x_wconf 83' lang='lat' dir='ltr'>S.</span> <span class='ocrx_word' id='word_1_990' title='bbox 1211 2391 1312 2420; x_wconf 88' lang='lat' dir='ltr'>alieno</span> <span class='ocrx_word' id='word_1_991' title='bbox 1323 2391 1452 2419; x_wconf 79' lang='lat' dir='ltr'>nomine</span> <span class='ocrx_word' id='word_1_992' title='bbox 1464 2399 1469 2418; x_wconf 90' lang='lat'>:</span> <span class='ocrx_word' id='word_1_993' title='bbox 1481 2398 1533 2418; x_wconf 87' lang='lat' dir='ltr'>cur</span> <span class='ocrx_word' id='word_1_994' title='bbox 1542 2399 1606 2418; x_wconf 88' lang='lat' dir='ltr'>non</span> <span class='ocrx_word' id='word_1_995' title='bbox 1618 2389 1670 2418; x_wconf 90' lang='lat' dir='ltr'>suo</span> <span class='ocrx_word' id='word_1_996' title='bbox 1679 2389 1800 2428; x_wconf 90' lang='lat' dir='ltr'>potius?</span> <span class='ocrx_word' id='word_1_997' title='bbox 1822 2389 1852 2417; x_wconf 86' lang='lat' dir='ltr'>Si</span> <span class='ocrx_word' id='word_1_998' title='bbox 1863 2396 1946 2426; x_wconf 87' lang='lat' dir='ltr'>turpe</span> <span class='ocrx_word' id='word_1_999' title='bbox 1956 2385 2009 2419; x_wconf 81' lang='lat' dir='ltr'>est,</span> <span class='ocrx_word' id='word_1_1000' title='bbox 2023 2395 2060 2415; x_wconf 90' lang='lat' dir='ltr'>ne</span> <span class='ocrx_word' id='word_1_1001' title='bbox 2071 2385 2172 2414; x_wconf 87' lang='lat' dir='ltr'>alieno</span> 
     </span>
     <span class='ocr_line' id='line_1_57' title="bbox 146 2429 2173 2474; baseline -0.008 -3"><span class='ocrx_word' id='word_1_1002' title='bbox 146 2436 166 2443; x_wconf 75' lang='grc'>’”</span> <span class='ocrx_word' id='word_1_1003' title='bbox 297 2441 353 2470; x_wconf 76' lang='grc' dir='ltr'>ῙΝ’</span> <span class='ocrx_word' id='word_1_1004' title='bbox 364 2437 509 2469; x_wconf 83' lang='lat' dir='ltr'>tandem?</span> <span class='ocrx_word' id='word_1_1005' title='bbox 526 2437 656 2467; x_wconf 88' lang='lat' dir='ltr'>insanire</span> <span class='ocrx_word' id='word_1_1006' title='bbox 667 2436 722 2466; x_wconf 89' lang='lat' dir='ltr'>tibi</span> <span class='ocrx_word' id='word_1_1007' title='bbox 734 2434 845 2465; x_wconf 85' lang='lat' dir='ltr'>videris</span> <span class='ocrx_word' id='word_1_1008' title='bbox 859 2454 866 2468; x_wconf 87' lang='lat'>‚</span> <span class='ocrx_word' id='word_1_1009' title='bbox 881 2433 963 2474; x_wconf 78' lang='lat' dir='ltr'>quod</span> <span class='ocrx_word' id='word_1_1010' title='bbox 975 2434 1093 2463; x_wconf 88' lang='lat' dir='ltr'>imitere</span> <span class='ocrx_word' id='word_1_1011' title='bbox 1104 2441 1171 2462; x_wconf 87' lang='lat' dir='ltr'>ver-</span> <span class='ocrx_word' id='word_1_1012' title='bbox 1213 2431 1356 2473; x_wconf 78' lang='lat' dir='ltr'>quidem:</span> <span class='ocrx_word' id='word_1_1013' title='bbox 1376 2429 1396 2460; x_wconf 84' lang='lat' dir='ltr'>si</span> <span class='ocrx_word' id='word_1_1014' title='bbox 1415 2440 1478 2460; x_wconf 81' lang='lat' dir='ltr'>non</span> <span class='ocrx_word' id='word_1_1015' title='bbox 1496 2429 1538 2460; x_wconf 89' lang='lat' dir='ltr'>est</span> <span class='ocrx_word' id='word_1_1016' title='bbox 1549 2451 1557 2464; x_wconf 89' lang='lat'><strong>‚</strong></span> <span class='ocrx_word' id='word_1_1017' title='bbox 1578 2431 1631 2462; x_wconf 89' lang='lat' dir='ltr'>suo</span> <span class='ocrx_word' id='word_1_1018' title='bbox 1647 2432 1758 2470; x_wconf 85' lang='lat' dir='ltr'>potius.</span> <span class='ocrx_word' id='word_1_1019' title='bbox 1782 2429 1913 2460; x_wconf 82' lang='lat' dir='ltr'>caudam</span> <span class='ocrx_word' id='word_1_1020' title='bbox 1930 2429 2046 2468; x_wconf 82' lang='lat' dir='ltr'>antiqui</span> <span class='ocrx_word' id='word_1_1021' title='bbox 2062 2434 2173 2467; x_wconf 89' lang='lat' dir='ltr'>penem</span> 
     </span>
     <span class='ocr_line' id='line_1_58' title="bbox 298 2469 2176 2513; baseline -0.007 -1"><span class='ocrx_word' id='word_1_1022' title='bbox 298 2482 408 2512; x_wconf 86' lang='lat' dir='ltr'>borum</span> <span class='ocrx_word' id='word_1_1023' title='bbox 419 2490 560 2510; x_wconf 89' lang='lat' dir='ltr'>meorum</span> <span class='ocrx_word' id='word_1_1024' title='bbox 573 2499 581 2512; x_wconf 92' lang='lat'>,</span> <span class='ocrx_word' id='word_1_1025' title='bbox 595 2487 627 2508; x_wconf 85' lang='lat' dir='ltr'>ut</span> <span class='ocrx_word' id='word_1_1026' title='bbox 637 2478 739 2509; x_wconf 87' lang='lat' dir='ltr'>scribis</span> <span class='ocrx_word' id='word_1_1027' title='bbox 750 2497 758 2510; x_wconf 95' lang='lat'>‚</span> <span class='ocrx_word' id='word_1_1028' title='bbox 770 2476 922 2506; x_wconf 81' lang='lat' dir='ltr'>fulmina?</span> <span class='ocrx_word' id='word_1_1029' title='bbox 937 2485 1002 2506; x_wconf 86' lang='lat' dir='ltr'>tum</span> <span class='ocrx_word' id='word_1_1030' title='bbox 1015 2475 1167 2506; x_wconf 68' lang='lat' dir='ltr'>insanires,</span> <span class='ocrx_word' id='word_1_1031' title='bbox 1215 2473 1378 2503; x_wconf 75' lang='lat' dir='ltr'>vocabant:</span> <span class='ocrx_word' id='word_1_1032' title='bbox 1399 2483 1436 2503; x_wconf 76' lang='lat' dir='ltr'>ex</span> <span class='ocrx_word' id='word_1_1033' title='bbox 1446 2483 1506 2513; x_wconf 87' lang='lat' dir='ltr'>quo</span> <span class='ocrx_word' id='word_1_1034' title='bbox 1518 2472 1560 2503; x_wconf 84' lang='lat' dir='ltr'>est</span> <span class='ocrx_word' id='word_1_1035' title='bbox 1571 2482 1690 2513; x_wconf 79' lang='lat' dir='ltr'>propter</span> <span class='ocrx_word' id='word_1_1036' title='bbox 1701 2470 1930 2501; x_wconf 67' lang='lat' dir='ltr'>similitudinem</span> <span class='ocrx_word' id='word_1_1037' title='bbox 1941 2469 2112 2510; x_wconf 82' lang='lat' dir='ltr'>penicillus.</span> <span class='ocrx_word' id='word_1_1038' title='bbox 2135 2469 2176 2498; x_wconf 83' lang='lat' dir='ltr'>Ac</span> 
     </span>
     <span class='ocr_line' id='line_1_59' title="bbox 206 2511 2176 2565; baseline -0.008 -11"><span class='ocrx_word' id='word_1_1039' title='bbox 206 2523 381 2565; x_wconf 80' lang='lat' dir='ltr'>siconsequi</span> <span class='ocrx_word' id='word_1_1040' title='bbox 392 2533 455 2553; x_wconf 92' lang='lat' dir='ltr'>non</span> <span class='ocrx_word' id='word_1_1041' title='bbox 465 2521 573 2562; x_wconf 83' lang='lat' dir='ltr'>poffes.</span> <span class='ocrx_word' id='word_1_1042' title='bbox 597 2519 667 2551; x_wconf 77' lang='lat' dir='ltr'>curn</span> <span class='ocrx_word' id='word_1_1043' title='bbox 683 2518 754 2549; x_wconf 77' lang='lat' dir='ltr'>vero</span> <span class='ocrx_word' id='word_1_1044' title='bbox 774 2521 864 2549; x_wconf 79' lang='lat' dir='ltr'>etiam</span> <span class='ocrx_word' id='word_1_1045' title='bbox 883 2519 986 2548; x_wconf 82' lang='lat' dir='ltr'>vincas</span> <span class='ocrx_word' id='word_1_1046' title='bbox 1000 2538 1007 2550; x_wconf 81' lang='lat'>‚</span> <span class='ocrx_word' id='word_1_1047' title='bbox 1032 2527 1080 2546; x_wconf 84' lang='lat' dir='ltr'>me</span> <span class='ocrx_word' id='word_1_1048' title='bbox 1091 2515 1172 2555; x_wconf 84' lang='lat' dir='ltr'>prius</span> <span class='ocrx_word' id='word_1_1049' title='bbox 1219 2515 1310 2545; x_wconf 70' lang='lat' dir='ltr'>hodic</span> <span class='ocrx_word' id='word_1_1050' title='bbox 1324 2516 1410 2554; x_wconf 76' lang='lat' dir='ltr'>penis</span> <span class='ocrx_word' id='word_1_1051' title='bbox 1424 2515 1465 2545; x_wconf 90' lang='lat' dir='ltr'>est</span> <span class='ocrx_word' id='word_1_1052' title='bbox 1482 2518 1515 2545; x_wconf 85' lang='lat' dir='ltr'>in</span> <span class='ocrx_word' id='word_1_1053' title='bbox 1532 2516 1679 2545; x_wconf 82' lang='lat' dir='ltr'>obscenis.</span> <span class='ocrx_word' id='word_1_1054' title='bbox 1702 2512 1822 2543; x_wconf 75' lang='lat' dir='ltr'>Arveto</span> <span class='ocrx_word' id='word_1_1055' title='bbox 1835 2513 1902 2543; x_wconf 90' lang='lat' dir='ltr'>Piso</span> <span class='ocrx_word' id='word_1_1056' title='bbox 1914 2513 1964 2542; x_wconf 84' lang='lat' dir='ltr'>ille</span> <span class='ocrx_word' id='word_1_1057' title='bbox 1980 2511 2057 2550; x_wconf 73' lang='lat' dir='ltr'>frugi</span> <span class='ocrx_word' id='word_1_1058' title='bbox 2068 2512 2101 2540; x_wconf 91' lang='lat' dir='ltr'>in</span> <span class='ocrx_word' id='word_1_1059' title='bbox 2110 2511 2176 2539; x_wconf 86' lang='lat' dir='ltr'>An-</span> 
     </span>
     <span class='ocr_line' id='line_1_60' title="bbox 206 2549 2174 2606; baseline -0.008 -10"><span class='ocrx_word' id='word_1_1060' title='bbox 206 2566 328 2596; x_wconf 84' lang='lat' dir='ltr'>irridcas</span> <span class='ocrx_word' id='word_1_1061' title='bbox 338 2586 347 2599; x_wconf 89' lang='lat'><strong>,</strong></span> <span class='ocrx_word' id='word_1_1062' title='bbox 367 2564 460 2606; x_wconf 71' lang='lat' dir='ltr'>quam</span> <span class='ocrx_word' id='word_1_1063' title='bbox 472 2574 498 2594; x_wconf 90' lang='lat' dir='ltr'>te</span> <span class='ocrx_word' id='word_1_1064' title='bbox 510 2584 519 2598; x_wconf 88' lang='lat'>,</span> <span class='ocrx_word' id='word_1_1065' title='bbox 539 2571 668 2604; x_wconf 87' lang='lat' dir='ltr'>oportet.</span> <span class='ocrx_word' id='word_1_1066' title='bbox 693 2564 790 2603; x_wconf 85' lang='lat' dir='ltr'>Qare</span> <span class='ocrx_word' id='word_1_1067' title='bbox 801 2561 877 2590; x_wconf 85' lang='lat' dir='ltr'>nihil</span> <span class='ocrx_word' id='word_1_1068' title='bbox 894 2560 949 2590; x_wconf 85' lang='lat' dir='ltr'>tibi</span> <span class='ocrx_word' id='word_1_1069' title='bbox 960 2569 1035 2600; x_wconf 86' lang='lat' dir='ltr'>opus</span> <span class='ocrx_word' id='word_1_1070' title='bbox 1047 2557 1088 2588; x_wconf 76' lang='lat' dir='ltr'>cst</span> <span class='ocrx_word' id='word_1_1071' title='bbox 1098 2557 1173 2587; x_wconf 75' lang='lat' dir='ltr'>iilud</span> <span class='ocrx_word' id='word_1_1072' title='bbox 1216 2557 1333 2587; x_wconf 74' lang='lat' dir='ltr'>nulibus</span> <span class='ocrx_word' id='word_1_1073' title='bbox 1345 2557 1402 2586; x_wconf 86' lang='lat' dir='ltr'>suis</span> <span class='ocrx_word' id='word_1_1074' title='bbox 1411 2559 1545 2597; x_wconf 84' lang='lat' dir='ltr'>queritur</span> <span class='ocrx_word' id='word_1_1075' title='bbox 1555 2578 1562 2591; x_wconf 84' lang='lat'>‚</span> <span class='ocrx_word' id='word_1_1076' title='bbox 1574 2556 1784 2588; x_wconf 79' lang='lat' dir='ltr'>adolescenteis</span> <span class='ocrx_word' id='word_1_1077' title='bbox 1794 2557 1864 2595; x_wconf 87' lang='lat' dir='ltr'>peni</span> <span class='ocrx_word' id='word_1_1078' title='bbox 1874 2555 1991 2584; x_wconf 82' lang='lat' dir='ltr'>deditos</span> <span class='ocrx_word' id='word_1_1079' title='bbox 2003 2551 2069 2583; x_wconf 82' lang='lat' dir='ltr'>effe.</span> <span class='ocrx_word' id='word_1_1080' title='bbox 2082 2549 2174 2592; x_wconf 84' lang='lat' dir='ltr'>Qod</span> 
     </span>
     <span class='ocr_line' id='line_1_61' title="bbox 205 2591 2175 2646; baseline -0.009 -8"><span class='ocrx_word' id='word_1_1081' title='bbox 205 2607 224 2638; x_wconf 76' lang='grc' dir='ltr'>ὲ</span> <span class='ocrx_word' id='word_1_1082' title='bbox 240 2608 373 2641; x_wconf 85' lang='lat' dir='ltr'>Trabea,</span> <span class='ocrx_word' id='word_1_1083' title='bbox 394 2606 441 2636; x_wconf 85' lang='lat' dir='ltr'>sed</span> <span class='ocrx_word' id='word_1_1084' title='bbox 461 2605 562 2646; x_wconf 83' lang='lat' dir='ltr'>potius</span> <span class='ocrx_word' id='word_1_1085' title='bbox 586 2604 769 2645; x_wconf 58' lang='grc' dir='ltr'>ὸῖπυτέῑιΙμρι</span> <span class='ocrx_word' id='word_1_1086' title='bbox 795 2612 912 2632; x_wconf 88' lang='lat' dir='ltr'>meum.</span> <span class='ocrx_word' id='word_1_1087' title='bbox 936 2604 1052 2631; x_wconf 77' lang='lat' dir='ltr'>Verum</span> <span class='ocrx_word' id='word_1_1088' title='bbox 1071 2609 1173 2630; x_wconf 78' lang='lat' dir='ltr'>tamen</span> <span class='ocrx_word' id='word_1_1089' title='bbox 1217 2609 1247 2629; x_wconf 89' lang='lat' dir='ltr'>tu</span> <span class='ocrx_word' id='word_1_1090' title='bbox 1261 2602 1291 2629; x_wconf 89' lang='lat' dir='ltr'>in</span> <span class='ocrx_word' id='word_1_1091' title='bbox 1304 2598 1564 2638; x_wconf 78' lang='lat' dir='ltr'>epistolaappellas</span> <span class='ocrx_word' id='word_1_1092' title='bbox 1575 2601 1626 2629; x_wconf 87' lang='lat' dir='ltr'>suo</span> <span class='ocrx_word' id='word_1_1093' title='bbox 1639 2600 1785 2630; x_wconf 87' lang='lat' dir='ltr'>nomine,</span> <span class='ocrx_word' id='word_1_1094' title='bbox 1798 2598 1849 2626; x_wconf 87' lang='lat' dir='ltr'>ille</span> <span class='ocrx_word' id='word_1_1095' title='bbox 1859 2595 1967 2626; x_wconf 62' lang='lat' dir='ltr'>teetius</span> <span class='ocrx_word' id='word_1_1096' title='bbox 1976 2603 2096 2635; x_wconf 87' lang='lat' dir='ltr'>penem.</span> <span class='ocrx_word' id='word_1_1097' title='bbox 2116 2591 2175 2622; x_wconf 88' lang='lat' dir='ltr'>Sed</span> 
     </span>
    </p>
   </div>
   <div class='ocr_carea' id='block_1_6' title="bbox 206 2634 2177 2717">
    <p class='ocr_par' dir='ltr' id='par_1_6' title="bbox 206 2634 2177 2717">
     <span class='ocr_line' id='line_1_62' title="bbox 206 2634 2173 2692; baseline -0.009 -11"><span class='ocrx_word' id='word_1_1098' title='bbox 206 2650 280 2691; x_wconf 87' lang='lat' dir='ltr'>quid</span> <span class='ocrx_word' id='word_1_1099' title='bbox 299 2650 354 2681; x_wconf 81' lang='lat' dir='ltr'>tibi</span> <span class='ocrx_word' id='word_1_1100' title='bbox 371 2660 427 2692; x_wconf 91' lang='lat' dir='ltr'>ego</span> <span class='ocrx_word' id='word_1_1101' title='bbox 447 2651 479 2680; x_wconf 85' lang='lat' dir='ltr'>in</span> <span class='ocrx_word' id='word_1_1102' title='bbox 493 2649 627 2690; x_wconf 71' lang='lat' dir='ltr'>epistolis</span> <span class='ocrx_word' id='word_1_1103' title='bbox 643 2649 767 2681; x_wconf 82' lang='lat' dir='ltr'>videor?</span> <span class='ocrx_word' id='word_1_1104' title='bbox 786 2656 890 2678; x_wconf 88' lang='lat' dir='ltr'>nonne</span> <span class='ocrx_word' id='word_1_1105' title='bbox 901 2644 1022 2686; x_wconf 79' lang='lat' dir='ltr'>plebejo</span> <span class='ocrx_word' id='word_1_1106' title='bbox 1035 2644 1174 2675; x_wconf 86' lang='lat' dir='ltr'>sermone</span> <span class='ocrx_word' id='word_1_1107' title='bbox 1197 2637 1199 2673; x_wconf 69' lang='grc' dir='ltr'><strong>ἶ</strong></span> <span class='ocrx_word' id='word_1_1108' title='bbox 1215 2644 1284 2683; x_wconf 81' lang='lat' dir='ltr'>quia</span> <span class='ocrx_word' id='word_1_1109' title='bbox 1294 2642 1403 2676; x_wconf 82' lang='lat' dir='ltr'>multi,</span> <span class='ocrx_word' id='word_1_1110' title='bbox 1423 2641 1538 2672; x_wconf 69' lang='lat' dir='ltr'>faCtum</span> <span class='ocrx_word' id='word_1_1111' title='bbox 1548 2640 1591 2672; x_wconf 88' lang='lat' dir='ltr'>est</span> <span class='ocrx_word' id='word_1_1112' title='bbox 1601 2650 1660 2672; x_wconf 87' lang='lat' dir='ltr'>tam</span> <span class='ocrx_word' id='word_1_1113' title='bbox 1672 2640 1835 2671; x_wconf 86' lang='lat' dir='ltr'>obscenum</span> <span class='ocrx_word' id='word_1_1114' title='bbox 1848 2659 1856 2673; x_wconf 84' lang='lat'>‚</span> <span class='ocrx_word' id='word_1_1115' title='bbox 1877 2639 1968 2679; x_wconf 68' lang='lat' dir='ltr'>quam</span> <span class='ocrx_word' id='word_1_1116' title='bbox 1985 2636 2016 2666; x_wconf 83' lang='lat' dir='ltr'>id</span> <span class='ocrx_word' id='word_1_1117' title='bbox 2033 2634 2173 2668; x_wconf 80' lang='lat' dir='ltr'>verbum,</span> 
     </span>
     <span class='ocr_line' id='line_1_63' title="bbox 2113 2685 2177 2717; baseline 0.016 -12"><span class='ocrx_word' id='word_1_1118' title='bbox 2113 2685 2177 2717; x_wconf 88' lang='lat' dir='ltr'>quo</span> 
     </span>
    </p>
   </div>
   <div class='ocr_carea' id='block_1_7' title="bbox 1183 1758 1199 2630">
    <p class='ocr_par' dir='ltr' id='par_1_7' title="bbox 1183 1758 1199 2630">
     <span class='ocr_line' id='line_1_64' title="bbox 1183 1758 1199 2630; baseline 0 0"><span class='ocrx_word' id='word_1_1119' title='bbox 1183 1758 1199 2630; x_wconf 95' lang='lat' dir='ltr'> </span> 
     </span>
    </p>
   </div>
   <div class='ocr_carea' id='block_1_8' title="bbox 214 2744 1125 2757">
    <p class='ocr_par' dir='ltr' id='par_1_8' title="bbox 214 2744 1125 2757">
     <span class='ocr_line' id='line_1_65' title="bbox 214 2744 1125 2757; baseline 0 643"><span class='ocrx_word' id='word_1_1120' title='bbox 214 2744 1125 2757; x_wconf 95' lang='lat' dir='ltr'> </span> 
     </span>
    </p>
   </div>
   <div class='ocr_carea' id='block_1_9' title="bbox 1129 2735 2178 2749">
    <p class='ocr_par' dir='ltr' id='par_1_9' title="bbox 1129 2735 2178 2749">
     <span class='ocr_line' id='line_1_66' title="bbox 1129 2735 2178 2749; baseline 0 651"><span class='ocrx_word' id='word_1_1121' title='bbox 1129 2735 2178 2749; x_wconf 95' lang='lat' dir='ltr'> </span> 
     </span>
    </p>
   </div>
   <div class='ocr_carea' id='block_1_10' title="bbox 210 2766 2178 2889">
    <p class='ocr_par' dir='ltr' id='par_1_10' title="bbox 210 2766 2178 2889">
     <span class='ocr_line' id='line_1_67' title="bbox 249 2766 2178 2816; baseline -0.009 -7"><span class='ocrx_word' id='word_1_1122' title='bbox 249 2789 274 2809; x_wconf 86' lang='lat'>¹.</span> <span class='ocrx_word' id='word_1_1123' title='bbox 291 2786 376 2810; x_wconf 71' lang='lat' dir='ltr'>Tamen</span> <span class='ocrx_word' id='word_1_1124' title='bbox 395 2783 410 2810; x_wconf 72' lang='grc' dir='ltr'><em>ἢ</em></span> <span class='ocrx_word' id='word_1_1125' title='bbox 430 2785 525 2810; x_wconf 77' lang='lat' dir='ltr'>malitia</span> <span class='ocrx_word' id='word_1_1126' title='bbox 541 2792 586 2809; x_wconf 76' lang='lat' dir='ltr'>non</span> <span class='ocrx_word' id='word_1_1127' title='bbox 604 2781 732 2816; x_wconf 57' lang='lat' dir='ltr'>discedis]</span> <span class='ocrx_word' id='word_1_1128' title='bbox 757 2781 819 2806; x_wconf 91' lang='lat' dir='ltr'>Duo</span> <span class='ocrx_word' id='word_1_1129' title='bbox 839 2778 905 2806; x_wconf 68' lang='lat' dir='ltr'>Pali.</span> <span class='ocrx_word' id='word_1_1130' title='bbox 927 2777 1094 2813; x_wconf 80' lang='lat' dir='ltr'>totidemque</span> <span class='ocrx_word' id='word_1_1131' title='bbox 1114 2778 1172 2804; x_wconf 84' lang='lat' dir='ltr'>Gu-</span> <span class='ocrx_word' id='word_1_1132' title='bbox 1194 2782 1197 2812; x_wconf 63' lang='lat' dir='ltr'>l</span> <span class='ocrx_word' id='word_1_1133' title='bbox 1219 2775 1280 2802; x_wconf 72' lang='lat' dir='ltr'>dan:</span> <span class='ocrx_word' id='word_1_1134' title='bbox 1293 2783 1380 2802; x_wconf 87' lang='lat' dir='ltr'>tamen</span> <span class='ocrx_word' id='word_1_1135' title='bbox 1392 2774 1444 2801; x_wconf 78' lang='lat' dir='ltr'>aufi</span> <span class='ocrx_word' id='word_1_1136' title='bbox 1456 2773 1514 2800; x_wconf 77' lang='lat' dir='ltr'>sunt</span> <span class='ocrx_word' id='word_1_1137' title='bbox 1525 2773 1672 2800; x_wconf 77' lang='lat' dir='ltr'>restituere.</span> <span class='ocrx_word' id='word_1_1138' title='bbox 1692 2778 1782 2798; x_wconf 74' lang='lat' dir='ltr'>exarte</span> <span class='ocrx_word' id='word_1_1139' title='bbox 1793 2773 1847 2800; x_wconf 77' lang='lat' dir='ltr'>coci,</span> <span class='ocrx_word' id='word_1_1140' title='bbox 1858 2775 1950 2794; x_wconf 77' lang='lat' dir='ltr'>contra</span> <span class='ocrx_word' id='word_1_1141' title='bbox 1961 2775 2079 2794; x_wconf 76' lang='lat' dir='ltr'>veterum</span> <span class='ocrx_word' id='word_1_1142' title='bbox 2092 2766 2178 2793; x_wconf 72' lang='lat' dir='ltr'>iil-ro-</span> 
     </span>
     <span class='ocr_line' id='line_1_68' title="bbox 210 2802 2177 2853; baseline -0.009 -8"><span class='ocrx_word' id='word_1_1143' title='bbox 210 2818 341 2845; x_wconf 67' lang='lat' dir='ltr'>lielmiani</span> <span class='ocrx_word' id='word_1_1144' title='bbox 357 2821 487 2846; x_wconf 81' lang='lat' dir='ltr'>omittunt</span> <span class='ocrx_word' id='word_1_1145' title='bbox 505 2819 521 2845; x_wconf 70' lang='grc' dir='ltr'>ἱι</span> <span class='ocrx_word' id='word_1_1146' title='bbox 534 2839 542 2852; x_wconf 89' lang='grc'><em>,</em></span> <span class='ocrx_word' id='word_1_1147' title='bbox 562 2818 626 2845; x_wconf 82' lang='lat' dir='ltr'>sicut</span> <span class='ocrx_word' id='word_1_1148' title='bbox 644 2820 670 2844; x_wconf 75' lang='grc' dir='ltr'>ὃ(</span> <span class='ocrx_word' id='word_1_1149' title='bbox 691 2818 776 2853; x_wconf 77' lang='lat' dir='ltr'>primu</span> <span class='ocrx_word' id='word_1_1150' title='bbox 786 2815 880 2842; x_wconf 82' lang='lat' dir='ltr'>editio.</span> <span class='ocrx_word' id='word_1_1151' title='bbox 901 2814 1063 2841; x_wconf 78' lang='lat' dir='ltr'>Gulielmius</span> <span class='ocrx_word' id='word_1_1152' title='bbox 1081 2814 1172 2849; x_wconf 76' lang='lat' dir='ltr'>legeu-</span> <span class='ocrx_word' id='word_1_1153' title='bbox 1218 2822 1273 2839; x_wconf 79' lang='lat' dir='ltr'>runi</span> <span class='ocrx_word' id='word_1_1154' title='bbox 1286 2811 1485 2839; x_wconf 62' lang='lat' dir='ltr'>au6toritatem.</span> <span class='ocrx_word' id='word_1_1155' title='bbox 1507 2809 1640 2840; x_wconf 84' lang='lat' dir='ltr'>nonnulli,</span> <span class='ocrx_word' id='word_1_1156' title='bbox 1652 2815 1710 2834; x_wconf 73' lang='lat' dir='ltr'>exre</span> <span class='ocrx_word' id='word_1_1157' title='bbox 1720 2808 1792 2832; x_wconf 76' lang='lat' dir='ltr'>artis.</span> <span class='ocrx_word' id='word_1_1158' title='bbox 1805 2805 1897 2839; x_wconf 53' lang='lat' dir='ltr'>vulgo,</span> <span class='ocrx_word' id='word_1_1159' title='bbox 1908 2814 1936 2830; x_wconf 76' lang='lat' dir='ltr'>cx</span> <span class='ocrx_word' id='word_1_1160' title='bbox 1948 2805 2021 2834; x_wconf 55' lang='lat' dir='ltr'>arcia,</span> <span class='ocrx_word' id='word_1_1161' title='bbox 2033 2802 2103 2838; x_wconf 86' lang='lat' dir='ltr'>quod</span> <span class='ocrx_word' id='word_1_1162' title='bbox 2116 2810 2177 2829; x_wconf 88' lang='lat' dir='ltr'>tue-</span> 
     </span>
     <span class='ocr_line' id='line_1_69' title="bbox 211 2838 2176 2889; baseline -0.008 -9"><span class='ocrx_word' id='word_1_1163' title='bbox 211 2855 276 2881; x_wconf 84' lang='lat' dir='ltr'>dum</span> <span class='ocrx_word' id='word_1_1164' title='bbox 293 2855 393 2888; x_wconf 75' lang='lat' dir='ltr'>judicat</span> <span class='ocrx_word' id='word_1_1165' title='bbox 406 2876 414 2889; x_wconf 90' lang='lat'>‚</span> <span class='ocrx_word' id='word_1_1166' title='bbox 432 2864 510 2882; x_wconf 77' lang='lat' dir='ltr'>tamen</span> <span class='ocrx_word' id='word_1_1167' title='bbox 528 2857 624 2881; x_wconf 67' lang='lat' dir='ltr'>malitia</span> <span class='ocrx_word' id='word_1_1168' title='bbox 641 2864 686 2880; x_wconf 83' lang='lat' dir='ltr'>mm</span> <span class='ocrx_word' id='word_1_1169' title='bbox 704 2853 744 2880; x_wconf 76' lang='lat' dir='ltr'>dis</span> <span class='ocrx_word' id='word_1_1170' title='bbox 762 2854 836 2879; x_wconf 65' lang='lat' dir='ltr'>cedis.-</span> <span class='ocrx_word' id='word_1_1171' title='bbox 855 2850 977 2888; x_wconf 81' lang='lat' dir='ltr'>illudque</span> <span class='ocrx_word' id='word_1_1172' title='bbox 996 2849 1104 2886; x_wconf 77' lang='lat' dir='ltr'>Virgilii</span> <span class='ocrx_word' id='word_1_1173' title='bbox 1124 2850 1173 2877; x_wconf 80' lang='lat' dir='ltr'>hue</span> <span class='ocrx_word' id='word_1_1174' title='bbox 1195 2857 1197 2875; x_wconf 69' lang='lat' dir='ltr'>l</span> <span class='ocrx_word' id='word_1_1175' title='bbox 1216 2856 1258 2875; x_wconf 90' lang='lat' dir='ltr'>tur</span> <span class='ocrx_word' id='word_1_1176' title='bbox 1272 2847 1357 2874; x_wconf 82' lang='lat' dir='ltr'>Dousa</span> <span class='ocrx_word' id='word_1_1177' title='bbox 1377 2845 1548 2873; x_wconf 72' lang='lat' dir='ltr'>Praecidaneis</span> <span class='ocrx_word' id='word_1_1178' title='bbox 1568 2844 1598 2871; x_wconf 81' lang='lat' dir='ltr'>ad</span> <span class='ocrx_word' id='word_1_1179' title='bbox 1609 2843 1767 2873; x_wconf 74' lang='lat' dir='ltr'>Catullu1n5</span> <span class='ocrx_word' id='word_1_1180' title='bbox 1788 2840 1904 2868; x_wconf 60' lang='lat' dir='ltr'>adduero</span> <span class='ocrx_word' id='word_1_1181' title='bbox 1924 2840 1982 2866; x_wconf 78' lang='lat' dir='ltr'>loco</span> <span class='ocrx_word' id='word_1_1182' title='bbox 2003 2839 2125 2875; x_wconf 72' lang='lat' dir='ltr'>Epistolae</span> <span class='ocrx_word' id='word_1_1183' title='bbox 2143 2838 2176 2866; x_wconf 78' lang='lat' dir='ltr'>ad</span> 
     </span>
    </p>
   </div>
   <div class='ocr_carea' id='block_1_11' title="bbox 214 2883 2175 3000">
    <p class='ocr_par' dir='ltr' id='par_1_11' title="bbox 214 2883 2175 3000">
     <span class='ocr_line' id='line_1_70' title="bbox 214 2883 1455 2923; baseline -0.006 -6"><span class='ocrx_word' id='word_1_1184' title='bbox 214 2891 299 2918; x_wconf 68' lang='lat' dir='ltr'>trahit</span> <span class='ocrx_word' id='word_1_1185' title='bbox 311 2910 320 2923; x_wconf 83' lang='lat'>,</span> <span class='ocrx_word' id='word_1_1186' title='bbox 1218 2885 1327 2912; x_wconf 74' lang='lat' dir='ltr'>Gallum</span> <span class='ocrx_word' id='word_1_1187' title='bbox 1340 2883 1386 2910; x_wconf 84' lang='lat' dir='ltr'>lib.</span> <span class='ocrx_word' id='word_1_1188' title='bbox 1398 2891 1455 2909; x_wconf 84' lang='lat' dir='ltr'>vit.</span> 
     </span>
     <span class='ocr_line' id='line_1_71' title="bbox 389 2911 2175 2962; baseline -0.008 -10"><span class='ocrx_word' id='word_1_1189' title='bbox 389 2929 445 2953; x_wconf 65' lang='lat' dir='ltr'>Cede</span> <span class='ocrx_word' id='word_1_1190' title='bbox 454 2927 815 2962; x_wconf 66' lang='lat' dir='ltr'>Deo,dlxitqtce&amp;praelia·vnce</span> <span class='ocrx_word' id='word_1_1191' title='bbox 824 2925 927 2950; x_wconf 74' lang='lat' dir='ltr'>diremit.</span> <span class='ocrx_word' id='word_1_1192' title='bbox 1255 2929 1281 2957; x_wconf 76' lang='lat'>3.</span> <span class='ocrx_word' id='word_1_1193' title='bbox 1302 2923 1368 2947; x_wconf 80' lang='lat' dir='ltr'>Bona</span> <span class='ocrx_word' id='word_1_1194' title='bbox 1387 2926 1430 2944; x_wconf 80' lang='lat' dir='ltr'>tuti</span> <span class='ocrx_word' id='word_1_1195' title='bbox 1448 2915 1579 2950; x_wconf 64' lang='lat' dir='ltr'>comedim]</span> <span class='ocrx_word' id='word_1_1196' title='bbox 1601 2916 1641 2941; x_wconf 81' lang='lat' dir='ltr'>Ita</span> <span class='ocrx_word' id='word_1_1197' title='bbox 1660 2912 1795 2940; x_wconf 66' lang='lat' dir='ltr'>Vic‘lorius</span> <span class='ocrx_word' id='word_1_1198' title='bbox 1817 2922 1849 2939; x_wconf 81' lang='lat' dir='ltr'>ex</span> <span class='ocrx_word' id='word_1_1199' title='bbox 1871 2912 1964 2939; x_wconf 85' lang='lat' dir='ltr'>Nonio</span> <span class='ocrx_word' id='word_1_1200' title='bbox 1983 2912 2011 2937; x_wconf 75' lang='lat'>8&lt;</span> <span class='ocrx_word' id='word_1_1201' title='bbox 2032 2911 2175 2944; x_wconf 61' lang='lat' dir='ltr'>Medicam,</span> 
     </span>
     <span class='ocr_line' id='line_1_72' title="bbox 214 2948 2120 3000; baseline -0.008 -10"><span class='ocrx_word' id='word_1_1202' title='bbox 214 2972 267 2999; x_wconf 78' lang='lat' dir='ltr'>qua</span> <span class='ocrx_word' id='word_1_1203' title='bbox 277 2962 429 2995; x_wconf 62' lang='lat' dir='ltr'>coujcfiura</span> <span class='ocrx_word' id='word_1_1204' title='bbox 440 2964 503 2988; x_wconf 81' lang='lat' dir='ltr'>nihil</span> <span class='ocrx_word' id='word_1_1205' title='bbox 519 2963 568 2989; x_wconf 78' lang='lat' dir='ltr'>esse</span> <span class='ocrx_word' id='word_1_1206' title='bbox 578 2963 662 2999; x_wconf 81' lang='lat' dir='ltr'>potest</span> <span class='ocrx_word' id='word_1_1207' title='bbox 672 2962 786 2988; x_wconf 81' lang='lat' dir='ltr'>inanius.</span> <span class='ocrx_word' id='word_1_1208' title='bbox 1196 2981 1198 3000; x_wconf 70' lang='grc' dir='ltr'>Ι</span> <span class='ocrx_word' id='word_1_1209' title='bbox 1218 2966 1297 2993; x_wconf 83' lang='lat' dir='ltr'>quem</span> <span class='ocrx_word' id='word_1_1210' title='bbox 1309 2955 1445 2982; x_wconf 78' lang='lat' dir='ltr'>:emulatus</span> <span class='ocrx_word' id='word_1_1211' title='bbox 1456 2953 1491 2980; x_wconf 82' lang='lat' dir='ltr'>est</span> <span class='ocrx_word' id='word_1_1212' title='bbox 1504 2952 1647 2978; x_wconf 78' lang='lat' dir='ltr'>Lambinus</span> <span class='ocrx_word' id='word_1_1213' title='bbox 1659 2960 1716 2976; x_wconf 79' lang='lat' dir='ltr'>cuin</span> <span class='ocrx_word' id='word_1_1214' title='bbox 1730 2950 1862 2976; x_wconf 81' lang='lat' dir='ltr'>Manutio.</span> <span class='ocrx_word' id='word_1_1215' title='bbox 1885 2949 1978 2982; x_wconf 55' lang='lat' dir='ltr'>vulgo,</span> <span class='ocrx_word' id='word_1_1216' title='bbox 1989 2948 2120 2974; x_wconf 74' lang='lat' dir='ltr'>Comedam.</span> 
     </span>
    </p>
   </div>
   <div class='ocr_carea' id='block_1_12' title="bbox 1217 2983 2177 3133">
    <p class='ocr_par' dir='ltr' id='par_1_12' title="bbox 1217 2983 2177 3133">
     <span class='ocr_line' id='line_1_73' title="bbox 1253 2983 2172 3026; baseline -0.014 -7"><span class='ocrx_word' id='word_1_1217' title='bbox 1253 3001 1281 3026; x_wconf 86' lang='lat'>4.</span> <span class='ocrx_word' id='word_1_1218' title='bbox 1301 2996 1405 3019; x_wconf 59' lang='lat' dir='ltr'>Mar-cue</span> <span class='ocrx_word' id='word_1_1219' title='bbox 1413 2994 1444 3016; x_wconf 80' lang='lat' dir='ltr'>P.</span> <span class='ocrx_word' id='word_1_1220' title='bbox 1456 2991 1536 3015; x_wconf 76' lang='lat' dir='ltr'>Flacco</span> <span class='ocrx_word' id='word_1_1221' title='bbox 1546 2987 1668 3021; x_wconf 52' lang='lat' dir='ltr'>accusante</span> <span class='ocrx_word' id='word_1_1222' title='bbox 1678 2986 1842 3012; x_wconf 61' lang='lat' dir='ltr'>condemnatur</span> <span class='ocrx_word' id='word_1_1223' title='bbox 1856 3005 1862 3016; x_wconf 84' lang='lat'><strong><em>‚</em></strong></span> <span class='ocrx_word' id='word_1_1224' title='bbox 1872 2987 1912 3016; x_wconf 60' lang='lat' dir='ltr'>fun</span> <span class='ocrx_word' id='word_1_1225' title='bbox 1922 2994 2020 3018; x_wconf 71' lang='lat' dir='ltr'>magnus</span> <span class='ocrx_word' id='word_1_1226' title='bbox 2029 2993 2056 3010; x_wconf 80' lang='lat' dir='ltr'>ex</span> <span class='ocrx_word' id='word_1_1227' title='bbox 2064 2983 2172 3017; x_wconf 60' lang='lat' dir='ltr'>Sicilia]</span> 
     </span>
     <span class='ocr_line' id='line_1_74' title="bbox 1217 3018 2176 3059; baseline -0.013 -3"><span class='ocrx_word' id='word_1_1228' title='bbox 1217 3031 1259 3057; x_wconf 80' lang='lat' dir='ltr'>Ita</span> <span class='ocrx_word' id='word_1_1229' title='bbox 1270 3028 1336 3055; x_wconf 58' lang='lat' dir='ltr'>Pali.</span> <span class='ocrx_word' id='word_1_1230' title='bbox 1347 3027 1400 3053; x_wconf 82' lang='lat' dir='ltr'>duo</span> <span class='ocrx_word' id='word_1_1231' title='bbox 1413 3045 1420 3058; x_wconf 91' lang='lat'>‚</span> <span class='ocrx_word' id='word_1_1232' title='bbox 1432 3025 1573 3052; x_wconf 53' lang='lat' dir='ltr'>Vaticanus</span> <span class='ocrx_word' id='word_1_1233' title='bbox 1585 3044 1593 3056; x_wconf 90' lang='lat'>,</span> <span class='ocrx_word' id='word_1_1234' title='bbox 1605 3022 1688 3049; x_wconf 83' lang='lat' dir='ltr'>editio</span> <span class='ocrx_word' id='word_1_1235' title='bbox 1698 3022 1816 3059; x_wconf 68' lang='lat' dir='ltr'>princeps</span> <span class='ocrx_word' id='word_1_1236' title='bbox 1830 3042 1837 3052; x_wconf 76' lang='grc'>,</span> <span class='ocrx_word' id='word_1_1237' title='bbox 1849 3020 1984 3047; x_wconf 65' lang='grc' dir='ltr'>ἫΕὶοι-ἰιιε</span> <span class='ocrx_word' id='word_1_1238' title='bbox 1995 3029 2110 3055; x_wconf 82' lang='lat' dir='ltr'>quoque.</span> <span class='ocrx_word' id='word_1_1239' title='bbox 2130 3018 2176 3045; x_wconf 78' lang='lat' dir='ltr'>alii</span> 
     </span>
     <span class='ocr_line' id='line_1_75' title="bbox 1220 3057 2175 3100; baseline -0.013 -9"><span class='ocrx_word' id='word_1_1240' title='bbox 1220 3064 1301 3100; x_wconf 64' lang='lat' dir='ltr'>vulgo</span> <span class='ocrx_word' id='word_1_1241' title='bbox 1315 3075 1320 3090; x_wconf 91' lang='grc'>;</span> <span class='ocrx_word' id='word_1_1242' title='bbox 1342 3064 1444 3088; x_wconf 75' lang='lat' dir='ltr'>Publius</span> <span class='ocrx_word' id='word_1_1243' title='bbox 1456 3081 1463 3093; x_wconf 89' lang='lat'>‚</span> <span class='ocrx_word' id='word_1_1244' title='bbox 1483 3063 1565 3086; x_wconf 68' lang='lat' dir='ltr'>Flacco</span> <span class='ocrx_word' id='word_1_1245' title='bbox 1576 3060 1700 3094; x_wconf 70' lang='lat' dir='ltr'>accusante</span> <span class='ocrx_word' id='word_1_1246' title='bbox 1719 3059 1882 3084; x_wconf 70' lang='lat' dir='ltr'>condumnatm</span> <span class='ocrx_word' id='word_1_1247' title='bbox 1892 3069 1899 3083; x_wconf 90' lang='lat'>.·</span> <span class='ocrx_word' id='word_1_1248' title='bbox 1912 3058 1976 3090; x_wconf 70' lang='lat' dir='ltr'>sirgit</span> <span class='ocrx_word' id='word_1_1249' title='bbox 1986 3060 2089 3083; x_wconf 65' lang='lat' dir='ltr'>Alai-cm</span> <span class='ocrx_word' id='word_1_1250' title='bbox 2098 3065 2127 3080; x_wconf 80' lang='lat' dir='ltr'>ex</span> <span class='ocrx_word' id='word_1_1251' title='bbox 2134 3057 2175 3080; x_wconf 88' lang='lat' dir='ltr'>Si-</span> 
     </span>
     <span class='ocr_line' id='line_1_76' title="bbox 1218 3091 2177 3133; baseline -0.013 -6"><span class='ocrx_word' id='word_1_1252' title='bbox 1218 3103 1283 3128; x_wconf 80' lang='lat' dir='ltr'>cilia.</span> <span class='ocrx_word' id='word_1_1253' title='bbox 1304 3098 1465 3126; x_wconf 83' lang='lat' dir='ltr'>Gulielmius</span> <span class='ocrx_word' id='word_1_1254' title='bbox 1485 3105 1574 3126; x_wconf 69' lang='lat' dir='ltr'>tameu</span> <span class='ocrx_word' id='word_1_1255' title='bbox 1594 3094 1739 3133; x_wconf 79' lang='lat' dir='ltr'>legendum</span> <span class='ocrx_word' id='word_1_1256' title='bbox 1759 3101 1834 3131; x_wconf 79' lang='lat' dir='ltr'>putat</span> <span class='ocrx_word' id='word_1_1257' title='bbox 1845 3105 1852 3123; x_wconf 72' lang='grc' dir='ltr'><strong>ι</strong></span> <span class='ocrx_word' id='word_1_1258' title='bbox 1873 3096 1977 3129; x_wconf 69' lang='lat' dir='ltr'>spurina</span> <span class='ocrx_word' id='word_1_1259' title='bbox 1987 3095 2064 3119; x_wconf 79' lang='lat' dir='ltr'>Gnem</span> <span class='ocrx_word' id='word_1_1260' title='bbox 2074 3101 2103 3118; x_wconf 77' lang='lat' dir='ltr'>ex</span> <span class='ocrx_word' id='word_1_1261' title='bbox 2111 3091 2177 3116; x_wconf 73' lang='lat' dir='ltr'>Sicil.</span> 
     </span>
    </p>
   </div>
   <div class='ocr_carea' id='block_1_13' title="bbox 1219 3143 2184 3197">
    <p class='ocr_par' dir='ltr' id='par_1_13' title="bbox 1219 3143 2184 3197">
     <span class='ocr_line' id='line_1_77' title="bbox 1219 3143 1454 3174; baseline -0.009 -10"><span class='ocrx_word' id='word_1_1262' title='bbox 1219 3145 1303 3174; x_wconf 64' lang='lat' dir='ltr'>gerrae</span> <span class='ocrx_word' id='word_1_1263' title='bbox 1313 3143 1454 3172; x_wconf 70' lang='lat' dir='ltr'>germanae.</span> 
     </span>
     <span class='ocr_line' id='line_1_78' title="bbox 2075 3162 2184 3197; baseline 0.009 -9"><span class='ocrx_word' id='word_1_1264' title='bbox 2075 3171 2086 3191; x_wconf 82' lang='grc' dir='ltr'>ι</span> <span class='ocrx_word' id='word_1_1265' title='bbox 2094 3181 2098 3190; x_wconf 89' lang='grc'><strong><em>.</em></strong></span> <span class='ocrx_word' id='word_1_1266' title='bbox 2117 3162 2184 3197; x_wconf 69' lang='lat' dir='ltr'>Qid</span> 
     </span>
    </p>
   </div>
   <div class='ocr_carea' id='block_1_14' title="bbox 209 2994 1176 3179">
    <p class='ocr_par' dir='ltr' id='par_1_14' title="bbox 209 2994 1176 3179">
     <span class='ocr_line' id='line_1_79' title="bbox 252 2994 1173 3034; baseline -0.005 -9"><span class='ocrx_word' id='word_1_1267' title='bbox 252 3009 278 3025; x_wconf 67' lang='grc' dir='ltr'>ι.</span> <span class='ocrx_word' id='word_1_1268' title='bbox 300 3003 357 3034; x_wconf 52' lang='lat' dir='ltr'>‘KP</span> <span class='ocrx_word' id='word_1_1269' title='bbox 367 3000 422 3033; x_wconf 84' lang='lat' dir='ltr'>jam</span> <span class='ocrx_word' id='word_1_1270' title='bbox 432 3008 459 3024; x_wconf 81' lang='lat' dir='ltr'>cx</span> <span class='ocrx_word' id='word_1_1271' title='bbox 469 3000 529 3024; x_wconf 75' lang='lat' dir='ltr'>artis</span> <span class='ocrx_word' id='word_1_1272' title='bbox 548 3006 642 3024; x_wconf 71' lang='lat' dir='ltr'>tantum</span> <span class='ocrx_word' id='word_1_1273' title='bbox 651 2997 789 3031; x_wconf 62' lang='lat' dir='ltr'>habemur]</span> <span class='ocrx_word' id='word_1_1274' title='bbox 810 2997 855 3023; x_wconf 83' lang='lat' dir='ltr'>Ne</span> <span class='ocrx_word' id='word_1_1275' title='bbox 865 3003 938 3023; x_wconf 77' lang='lat' dir='ltr'>erret</span> <span class='ocrx_word' id='word_1_1276' title='bbox 948 2995 1005 3031; x_wconf 83' lang='lat' dir='ltr'>quis</span> <span class='ocrx_word' id='word_1_1277' title='bbox 1019 3015 1027 3027; x_wconf 88' lang='lat'>‚</span> <span class='ocrx_word' id='word_1_1278' title='bbox 1037 2994 1173 3030; x_wconf 77' lang='lat' dir='ltr'>antiquam</span> 
     </span>
     <span class='ocr_line' id='line_1_80' title="bbox 212 3031 1174 3072; baseline -0.005 -11"><span class='ocrx_word' id='word_1_1279' title='bbox 212 3034 370 3072; x_wconf 68' lang='lat' dir='ltr'>{cripturam</span> <span class='ocrx_word' id='word_1_1280' title='bbox 390 3036 415 3060; x_wconf 69' lang='grc' dir='ltr'>δε</span> <span class='ocrx_word' id='word_1_1281' title='bbox 438 3035 463 3060; x_wconf 86' lang='lat' dir='ltr'>iu</span> <span class='ocrx_word' id='word_1_1282' title='bbox 483 3035 604 3061; x_wconf 83' lang='lat' dir='ltr'>omuibus</span> <span class='ocrx_word' id='word_1_1283' title='bbox 625 3034 682 3061; x_wconf 81' lang='lat' dir='ltr'>mss.</span> <span class='ocrx_word' id='word_1_1284' title='bbox 713 3033 857 3060; x_wconf 77' lang='lat' dir='ltr'>notabilem</span> <span class='ocrx_word' id='word_1_1285' title='bbox 876 3033 1040 3069; x_wconf 65' lang='lat' dir='ltr'>praetulimus</span> <span class='ocrx_word' id='word_1_1286' title='bbox 1061 3031 1174 3057; x_wconf 81' lang='lat' dir='ltr'>aliorum</span> 
     </span>
     <span class='ocr_line' id='line_1_81' title="bbox 212 3068 1174 3105; baseline -0.004 -8"><span class='ocrx_word' id='word_1_1287' title='bbox 212 3070 463 3101; x_wconf 63' lang='lat' dir='ltr'>couicchtiombus.</span> <span class='ocrx_word' id='word_1_1288' title='bbox 484 3080 568 3105; x_wconf 60' lang='lat' dir='ltr'>ireque</span> <span class='ocrx_word' id='word_1_1289' title='bbox 587 3071 740 3105; x_wconf 75' lang='lat' dir='ltr'>ignoramus</span> <span class='ocrx_word' id='word_1_1290' title='bbox 751 3070 903 3096; x_wconf 59' lang='lat' dir='ltr'>Vieronum</span> <span class='ocrx_word' id='word_1_1291' title='bbox 924 3068 1014 3104; x_wconf 80' lang='lat' dir='ltr'>legere</span> <span class='ocrx_word' id='word_1_1292' title='bbox 1033 3069 1061 3094; x_wconf 84' lang='lat'>&amp;</span> <span class='ocrx_word' id='word_1_1293' title='bbox 1083 3077 1174 3093; x_wconf 83' lang='lat' dir='ltr'>cinen-</span> 
     </span>
     <span class='ocr_line' id='line_1_82' title="bbox 211 3104 1176 3141; baseline -0.002 -10"><span class='ocrx_word' id='word_1_1294' title='bbox 211 3107 292 3138; x_wconf 42' lang='lat' dir='ltr'>dafftg</span> <span class='ocrx_word' id='word_1_1295' title='bbox 303 3109 400 3141; x_wconf 63' lang='lat' dir='ltr'>matjam</span> <span class='ocrx_word' id='word_1_1296' title='bbox 411 3106 439 3136; x_wconf 56' lang='grc' dir='ltr'>ὼν</span> <span class='ocrx_word' id='word_1_1297' title='bbox 449 3106 508 3131; x_wconf 66' lang='lat' dir='ltr'>artis</span> <span class='ocrx_word' id='word_1_1298' title='bbox 519 3113 612 3131; x_wconf 71' lang='lat' dir='ltr'>tantum</span> <span class='ocrx_word' id='word_1_1299' title='bbox 621 3108 743 3132; x_wconf 64' lang='lat' dir='ltr'>habemns.</span> <span class='ocrx_word' id='word_1_1300' title='bbox 763 3115 792 3132; x_wconf 76' lang='lat' dir='ltr'>ac</span> <span class='ocrx_word' id='word_1_1301' title='bbox 802 3104 957 3132; x_wconf 84' lang='lat' dir='ltr'>Turnebum</span> <span class='ocrx_word' id='word_1_1302' title='bbox 970 3104 1016 3130; x_wconf 81' lang='lat' dir='ltr'>lib.</span> <span class='ocrx_word' id='word_1_1303' title='bbox 1028 3113 1070 3130; x_wconf 86' lang='lat' dir='ltr'>v1.</span> <span class='ocrx_word' id='word_1_1304' title='bbox 1081 3113 1136 3139; x_wconf 80' lang='lat' dir='ltr'>cap.</span> <span class='ocrx_word' id='word_1_1305' title='bbox 1152 3112 1161 3129; x_wconf 82' lang='lat'>1</span> <span class='ocrx_word' id='word_1_1306' title='bbox 1170 3122 1176 3129; x_wconf 87' lang='lat'><em>.</em></span> 
     </span>
     <span class='ocr_line' id='line_1_83' title="bbox 209 3138 1174 3179; baseline -0.004 -8"><span class='ocrx_word' id='word_1_1307' title='bbox 209 3143 325 3172; x_wconf 77' lang='lat' dir='ltr'>Advers.</span> <span class='ocrx_word' id='word_1_1308' title='bbox 343 3154 372 3171; x_wconf 78' lang='lat' dir='ltr'>ex</span> <span class='ocrx_word' id='word_1_1309' title='bbox 382 3144 444 3170; x_wconf 78' lang='lat' dir='ltr'>arci-s</span> <span class='ocrx_word' id='word_1_1310' title='bbox 457 3161 465 3176; x_wconf 83' lang='lat'>‚</span> <span class='ocrx_word' id='word_1_1311' title='bbox 485 3141 557 3179; x_wconf 72' lang='lat' dir='ltr'>quod</span> <span class='ocrx_word' id='word_1_1312' title='bbox 567 3141 691 3178; x_wconf 79' lang='lat' dir='ltr'>sequutus</span> <span class='ocrx_word' id='word_1_1313' title='bbox 701 3142 737 3171; x_wconf 76' lang='lat' dir='ltr'>est</span> <span class='ocrx_word' id='word_1_1314' title='bbox 747 3142 865 3179; x_wconf 77' lang='lat' dir='ltr'>Scaliger</span> <span class='ocrx_word' id='word_1_1315' title='bbox 883 3140 918 3171; x_wconf 78' lang='lat' dir='ltr'>ad</span> <span class='ocrx_word' id='word_1_1316' title='bbox 929 3141 1081 3171; x_wconf 74' lang='lat' dir='ltr'>Catullum.</span> <span class='ocrx_word' id='word_1_1317' title='bbox 1101 3138 1174 3177; x_wconf 79' lang='lat' dir='ltr'>Qi-</span> 
     </span>
    </p>
   </div>
   <div class='ocr_carea' id='block_1_15' title="bbox 1196 3002 1201 3167">
    <p class='ocr_par' dir='ltr' id='par_1_15' title="bbox 1196 3002 1201 3167">
     <span class='ocr_line' id='line_1_84' title="bbox 1196 3002 1201 3167; baseline 0 233"><span class='ocrx_word' id='word_1_1318' title='bbox 1196 3002 1201 3167; x_wconf 95' lang='lat' dir='ltr'> </span> 
     </span>
    </p>
   </div>
   <div class='ocr_carea' id='block_1_16' title="bbox 2304 0 2337 3400">
    <p class='ocr_par' dir='ltr' id='par_1_16' title="bbox 2304 0 2337 3400">
     <span class='ocr_line' id='line_1_85' title="bbox 2304 0 2337 3400; baseline 0 0"><span class='ocrx_word' id='word_1_1319' title='bbox 2304 0 2337 3400; x_wconf 95' lang='lat' dir='ltr'> </span> 
     </span>
    </p>
   </div>
  </div>
 </body>
</html>
