2316 3395
207 145 271 176 20

207 217 310 241 natura
321 228 329 243 ,
339 207 411 250 quid
422 214 555 249 oporteat
566 207 640 238 fieri.
664 220 734 240 nam
746 209 766 238 si
775 219 845 250 quas
857 219 899 239 res
912 209 943 237 'in
953 210 1014 238 vita
1024 208 1164 238 videmus

206 261 320 292 parvas,
332 249 445 281 usitatas
456 271 463 284 ,
476 250 663 291 quotidianas
675 272 682 285 ‚
699 262 745 282 eas
757 248 929 280 meminisse
940 260 1003 279 non
1015 250 1145 279 solemus
1159 259 1164 278 :

206 301 360 334 propterea
369 293 451 333 quod
472 301 589 323 NULLA
610 303 678 322 NiSi
700 303 787 325 nova,
799 300 848 321 aut
857 292 1027 321 admirabili
1039 302 1068 321 re
1080 301 1166 321 com—

208 343 349 365 movetur
358 337 489 364 animus.
512 343 541 364 at
550 332 569 363 si
579 334 651 374 quid
661 334 801 363 videmus
814 354 822 366 ,
843 342 891 363 aut
900 334 1038 363 audimus
1049 334 1166 374 egregie

208 385 292 417 turpe
305 396 313 409 ,
326 385 375 406 aut
384 375 557 408 honestum,
569 374 738 405 inusitatum
750 395 758 408 ,
774 385 919 416 magnum
932 395 940 409 ,
957 379 965 394 ¹
976 367 1164 407 incredibile,

206 418 373 448 ridiculum
386 437 393 452 ,
416 417 445 447 id
457 418 509 447 diii
520 416 690 447 meminisse
700 418 926 447 consuevimus.
950 419 1085 457 Itemque
1096 426 1167 456 quas

206 470 253 490 res
262 469 329 490 ante
338 470 389 489 ora
400 459 537 489 videmus
550 479 558 491 ,
576 468 625 488 aut
633 458 773 488 audimus
784 479 792 492 ‚
814 459 1023 488 obliviscimur
1033 460 1167 498 plerum-

209 511 266 541 que
281 511 285 529 :
306 512 371 542 quae
391 500 560 530 acciderunt
577 502 610 529 in
630 501 766 536 pueritia,
780 502 981 530 meminimus
991 502 1105 539 optime
1118 501 1168 530 sae—
1185 519 1188 522 ·

206 553 243 582 pe
260 553 265 571 t
289 553 344 572 nec
355 544 412 572 hoc
422 543 477 571 alia
487 541 522 571 de
533 541 619 571 causa
629 541 726 581 potest
736 543 868 572 accidere
880 563 888 575 ,
902 541 956 572 nisi
966 541 1048 582 quod
1062 540 1166 571 ufitatae

208 594 252 614 res
264 583 353 614 facile
367 584 382 613 ὲ
395 585 542 613 memoria
553 583 711 613 elabuntur
721 603 730 617 ‚
744 583 872 625 insignes
883 605 891 617 ‚
905 584 937 614 δε
948 594 1033 613 novae
1046 592 1170 613 manent

208 626 330 655 diutius.
354 629 447 655 Sotis
467 634 589 654 exortus
601 645 609 658 ,
633 625 733 656 cursus
744 646 752 659 ,
765 627 882 656 occasus
895 635 987 655 nemo
997 625 1169 657 admiratur,

206 677 360 707 propterea
369 666 449 707 quod
461 667 596 706 quotidie
607 665 700 696 fiunt:
720 677 748 696 at
765 668 900 707 eclipseis
923 668 992 697 solis
1011 669 1168 698 mirantur,

206 719 277 749 quia
287 708 352 738 raro
363 708 500 738 accidunt
513 719 517 737 :
538 709 571 738 ὃς
582 709 652 739 solis
661 709 795 748 eclipseis
806 711 899 750 magis
911 710 1067 741 mirantur,
1079 707 1170 748 quiin-i

208 752 286 780 lunae
297 770 306 783 ,
329 752 474 790 quoniam
492 751 536 780 hae
556 750 719 780 crebriores
730 752 807 780 sunt.
832 753 929 780 Docet
941 760 1009 790 ergo
1022 750 1047 779 se
1059 759 1168 782 natura,

207 793 332 833 vulgari,
346 792 377 823 ὃς
388 790 488 821 usitata
500 802 530 822 re
540 802 605 822 non
615 793 785 822 exsuscitari
799 804 804 821 1
826 794 958 821 novitate
970 790 1041 820 verb
1054 812 1062 824 ,
1076 790 1108 820 &
1122 792 1171 819 in-
1184 824 1187 827 .

208 832 282 875 signi
291 833 423 874 quodam
434 836 556 875 negotio
567 836 767 864 commoveri.
791 836 929 863 Imitetur
947 835 1037 873 igitur
1054 842 1098 861 ars
1120 842 1173 861 na-

208 885 306 906 turam
317 895 326 908 ‚
339 875 371 905 &
381 874 462 915 quod
474 886 506 905 ea
516 874 674 908 desiderat,
687 878 821 905 inveniat
833 886 838 904 ;
862 874 941 915 quod
953 874 1085 904 ostendit
1096 894 1104 907 ,
1126 874 1169 903 se-

207 926 322 957 quatur.
353 919 466 947 Nfflu.
484 917 526 948 est
536 919 631 950 enim,
642 917 723 957 quod
734 926 782 947 aut
793 926 893 946 natura
903 925 1074 946 extremum
1085 917 1172 945 inve-

207 961 287 988 nerit
297 979 304 992 ‚
325 968 374 988 aut
395 958 530 989 do&rina
539 961 673 998 primum
687 970 691 987 :
713 959 762 988 sed
773 968 876 988 rerum
887 960 1033 998 principia
1042 957 1077 987 ab
1088 959 1174 998 inge-

207 1002 262 1030 nio
271 999 403 1040 profeRa
411 1001 489 1033 sunt,
503 1001 535 1030 Sc
546 1003 642 1030 exitus
655 1000 812 1040 disciplina
822 1009 1036 1039 comparantur.
1061 1001 1171 1040 Imagi-

207 1053 261 1072 nes
273 1044 363 1083 igitur
372 1052 427 1071 nos
439 1044 471 1071 in
483 1052 519 1071 eo
530 1052 637 1083 genere
647 1041 826 1072 constituere
837 1041 988 1082 oportebit
997 1061 1005 1074 ,
1028 1040 1108 1082 quod
1119 1050 1170 1080 ge-

208 1094 265 1114 nus
286 1094 407 1114 manere
427 1086 459 1113 in
478 1086 625 1114 memoria
643 1082 806 1113 diutissime
828 1082 934 1123 potest.
958 1082 988 1112 id
999 1082 1111 1112 accidet
1122 1102 1129 1115 ,
1150 1080 1170 1110 si

207 1125 301 1167 quam
320 1125 458 1155 maxime
476 1135 561 1155 noras
581 1124 793 1155 similitudines
812 1124 1047 1155 constituemus:
1068 1122 1088 1152 fi
1107 1134 1170 1153 non

208 1176 316 1201 mutas,
330 1178 385 1197 nec
395 1177 479 1208 vagas
488 1187 496 1200 ‚
515 1167 562 1196 sed
573 1167 686 1208 aliquid
698 1177 806 1197 notum
817 1169 947 1208 ageiiteis
958 1168 1105 1206 imagines
1115 1175 1170 1204 po-

206 1219 317 1239 nemus
330 1220 334 1238 :
347 1207 367 1238 si
378 1210 523 1250 egregiam
534 1209 805 1248 pulchritudinem,
817 1218 868 1239 aut
879 1210 1000 1238 unicam
1011 1207 1170 1247 turpitudi-

207 1261 282 1281 nem
291 1252 335 1280 eis
344 1251 540 1280 attribuemus
553 1261 558 1279 2
578 1249 598 1280 fi
610 1251 707 1291 aliqua
717 1261 746 1280 re
757 1250 971 1280 exornabirnus
982 1270 989 1283 ‚
1013 1258 1046 1279 ut
1055 1248 1075 1278 si
1085 1259 1171 1279 coro-

207 1294 268 1326 nis,
279 1301 329 1323 aut
338 1291 419 1323 veste
427 1302 574 1332 purpurea
584 1313 592 1326 ,
606 1296 620 1311 2
633 1303 694 1333 quo
705 1293 793 1322 nobis
803 1294 935 1322 notatior
944 1291 977 1320 sit
986 1289 1152 1320 similitudo
1166 1301 1170 1318 z

206 1343 258 1364 aut
267 1332 346 1375 siqua
357 1344 387 1363 re
398 1333 648 1367 deformabimus,
665 1343 696 1364 ut
707 1333 727 1364 si
738 1343 890 1364 cruentam
902 1353 910 1367 ,
933 1342 982 1363 aut
993 1343 1081 1363 coeuo
1091 1333 1171 1362 obli-

207 1385 281 1409 tam,
293 1385 342 1405 aut
352 1375 467 1405 rubrica
477 1376 644 1406 delibutam
655 1376 847 1409 inducemus,
860 1386 920 1416 quo
932 1377 1026 1416 magis
1038 1373 1173 1414 insignita

208 1416 245 1447 sit
253 1417 352 1447 forma
364 1428 369 1446 :
392 1426 442 1447 aut
460 1416 480 1446 fi
500 1417 641 1447 ridiculas
659 1428 703 1447 res
714 1418 825 1458 aliquas
836 1417 1019 1458 imaginibus
1031 1417 1171 1446 attribue-

209 1469 289 1489 mus.
314 1469 385 1488 nam
395 1469 427 1489 ea
437 1469 481 1489 res
492 1469 611 1500 quoque
622 1458 719 1491 faciet,
731 1468 764 1489 ut
773 1459 889 1489 facilius
900 1457 1073 1488 meminifl'e
1084 1456 1172 1497 poffi-

212 1510 297 1530 mus.
321 1504 402 1531 Nam
413 1521 421 1535 ,
442 1511 511 1542 quas
522 1512 567 1531 res
578 1511 658 1531 veras
669 1500 756 1531 facile
767 1503 967 1530 meminimus
979 1520 987 1533 ‚
1008 1499 1125 1529 easdem
1137 1498 1171 1528 fi-

209 1542 270 1573 Etas
280 1562 289 1576 ,
302 1544 335 1573 &
346 1542 506 1583 diligenter
516 1552 628 1573 notatas
640 1538 812 1572 meminisse
823 1553 887 1572 non
896 1542 939 1572 est
947 1540 1081 1572 difficile.
1117 1540 1172 1571 Sed

208 1584 287 1614 illud
306 1583 400 1614 facere
411 1585 561 1624 oportebit
570 1605 579 1618 ,
601 1594 633 1614 ut
644 1585 810 1614 identidem
822 1586 935 1624 primos
947 1584 1077 1624 quosque
1090 1584 1173 1612 locos

210 1628 381 1668 imaginum
400 1626 639 1656 renovandarum
661 1627 744 1656 causa
760 1627 894 1656 celeriter
912 1628 1015 1656 animo
1025 1635 1174 1664 percurra-

146 1681 190 1714 23
211 1678 292 1698 mus.
320 1670 401 1702 Scio,
412 1669 567 1709 plerosque
579 1670 763 1709 GraeCOS,qui
773 1668 810 1698 de
823 1669 972 1698 memoria
982 1668 1168 1706 scripserunt,

209 1708 330 1743 fecisse,
354 1719 385 1739 ut
404 1710 572 1740 multorum
592 1710 754 1740 verborum
774 1711 921 1750 imagines
939 1709 1171 1741 conscriberent,

210 1754 255 1781 nti
267 1772 275 1785 ,
295 1753 346 1792 qui
357 1761 403 1781 eas
414 1751 542 1781 ediscere
553 1752 666 1781 vellent
678 1772 685 1785 ,
706 1760 813 1791 paratas
823 1752 964 1781 haberent
974 1772 981 1784 ,
1007 1750 1118 1790 nequid
1140 1751 1172 1779 in

208 1793 371 1834 quaerendo
383 1803 478 1832 operae
489 1794 718 1823 consumerent:
741 1804 872 1834 quorum
893 1795 1041 1822 rationem
1059 1793 1173 1832 aliquot

209 1836 247 1865 de
257 1833 346 1864 causis
358 1835 564 1874 improbamus
578 1846 583 1864 2
604 1834 738 1875 primum
751 1855 758 1868 ,
772 1834 853 1876 quod
866 1837 898 1865 in
908 1835 1069 1865 verborum
1081 1836 1172 1865 innu-

209 1877 404 1907 merabilium
424 1877 620 1908 multitudine
650 1877 813 1907 ridiculum
843 1875 877 1906 sit
904 1877 989 1906 mille
1007 1875 1170 1905 verborum

208 1920 356 1960 imagines
367 1928 546 1957 comparare.
579 1920 767 1959 (Quantulum
779 1920 860 1948 enim
871 1928 1012 1958 poterun:
1022 1919 1084 1946 liaec
1094 1918 1173 1946 vale—

208 1970 242 1989 re
251 1980 260 1994 ,
281 1959 352 1990 cum
363 1970 401 1990 ex
412 1958 530 1990 infinita
539 1961 701 1989 verborum
714 1961 799 1999 copia
809 1980 817 1992 ,
841 1959 936 1990 modo
956 1959 1035 1989 aliud
1048 1979 1055 1991 ,
1076 1957 1172 1988 modo

208 2002 288 2033 aliud
300 2012 354 2032 nos
366 2002 490 2032 verbum
501 2001 673 2032 meminisse
686 2001 856 2041 oportebit?
875 2001 995 2032 Deinde
1016 2011 1067 2031 cur
1086 2001 1174 2032 volu—

609 131 694 175 An
728 130 1159 182 quxmurum,
1196 128 1393 174 [ΛΜ-,ιι
1426 127 1751 191 QARTus.

1208 218 1276 238 mus
1288 207 1323 238 ab
1333 207 1477 239 industria
1488 218 1671 250 quemquam
1683 213 1888 241 i·emovere,ut
1900 204 2011 247 nequid
2024 204 2083 245 ipse
2094 214 2175 246 qtiae-

1208 259 1259 283 rat,
1272 248 1344 280 cum
1358 250 1402 279 illi
1412 253 1515 281 omnia
1525 260 1618 290 parata
1629 271 1637 284 ,
1657 248 1831 291 quaesitaque
1842 248 1990 279 tradamus
2004 250 2014 276 ?
2035 251 2176 278 Praeterea

1208 290 1407 322 similitudine
1426 293 1481 322 alia
1500 293 1574 322 alius
1596 294 1689 333 magis
1708 300 1932 321 commovetur.
1962 292 2043 319 Nam
2053 298 2086 318 ut
2100 288 2175 328 step&

1208 332 1340 363 formam
1351 332 1462 374 siquam
1475 332 1604 363 similem
1617 335 1747 372 cuipiam
1760 332 1927 362 dixerimus
1938 330 1994 361 effe
2007 352 2014 365 ‚
2028 341 2091 360 non
2104 341 2175 359 orn-

1208 377 1273 404 neis
1283 375 1426 405 habemus
1438 375 1578 414 assensores
1589 395 1596 408 ,
1621 374 1702 415 qubd
1716 375 1766 404 alii
1777 373 1893 404 videtur
1905 373 1984 403 aliud
1998 384 2002 401 :
2028 376 2065 402 iti
2090 371 2121 401 fit
2142 374 2175 401 in

1208 417 1390 458 imaginibus
1403 438 1410 449 ,
1424 426 1457 446 ut
1467 437 1475 450 ,
1488 427 1553 457 quae
1565 417 1652 446 nobis
1664 416 1716 445 dili
1741 425 1823 445 enter
1835 424 1912 444 notre
1924 413 1980 444 sint
1990 435 1997 447 ,
2020 424 2061 444 eae
2071 423 2176 453 parum

1210 458 1367 488 videantur
1378 457 1503 499 insignes
1517 459 1595 487 aliis.
1610 460 1706 499 Qare
1718 426 1769 486 fibi
1780 467 1929 497 quemque
1943 456 1993 485 suo
2005 456 2174 485 commodo

1210 502 1355 529 convenit
1376 501 1520 540 imagines
1539 509 1720 538 comparare.
1752 498 1905 528 Postremo
1926 499 2113 537 praeceptoris
2133 495 2175 526 est

1210 541 1328 575 docere,
1341 540 1601 582 quemadmodum
1611 542 1701 581 quaei‘i
1713 540 1844 580 quidque
1855 541 2022 570 conveniat,
2037 539 2068 568 Sc
2079 548 2175 567 unum

1209 583 1342 623 aliquod,
1354 592 1403 612 aut
1413 583 1539 612 alterum
1551 603 1559 615 ,
1582 592 1646 611 non
1656 583 1760 611 omnia
1773 602 1780 615 ,
1802 586 1866 621 qua:
1877 582 1940 620 ejus
1951 582 2066 620 generis
2077 588 2175 612 erunt,

1211 625 1345 664 exempli
1364 625 1447 654 causa
1466 624 1608 663 subjicere
1620 643 1627 656 ‚
1651 633 1712 663 quo
1724 633 1767 652 res
1781 621 1866 662 possit
1876 621 1934 651 effe
1945 621 2118 651 dilucidior.
2144 629 2175 650 ut

1212 665 1284 696 cum
1295 667 1330 696 de
1340 668 1498 706 prooemiis
1508 665 1674 705 quaerendis
1686 665 1869 704 disputamus
1881 684 1889 697 ,
1910 664 2057 693 rationem
2068 662 2176 693 damus

1211 708 1363 748 quaerendi
1378 728 1385 741 ‚
1409 718 1471 737 non
1496 707 1582 736 mille
1592 708 1813 746 prooemiorum
1823 715 1929 745 genera
1938 704 2155 734 conscribimus
2170 715 2175 732 z

1212 752 1250 779 ita
1259 750 1435 779 arbitramur
1444 749 1480 778 de
1493 748 1675 788 imaginibus
1699 746 1762 776 iieri
1783 746 1958 776 convenire.
2004 748 2096 775 Nunc
2107 767 2114 778 ,
2138 755 2175 775 ne

1212 791 1288 820 sorte
1297 791 1460 820 verborum
1473 792 1653 819 memoriam
1665 809 1673 822 ‚
1695 798 1743 818 aut
1754 790 1845 818 nimis
1858 787 2014 818 difficilem
2029 808 2036 820 ‚
2057 797 2106 818 aut
2125 798 2175 827 pa-

1213 842 1280 861 rum
1290 833 1397 861 utilem
1408 832 1555 861 arbitreris
1568 851 1575 864 ‚
1594 831 1766 870 &ipsarum
1780 832 1927 860 memoria
1937 840 2035 859 rerum
2048 838 2174 859 conten-

1213 882 1258 903 tus
1269 873 1313 907 sis,
1326 872 1407 914 quod
1420 874 1452 903 δε
1463 873 1595 902 utiliores
1608 871 1673 905 sint,
1687 873 1719 902 Sc
1729 873 1796 911 plus
1806 872 1932 901 habeant
1948 870 2094 901 facilitatis
2109 882 2113 899 z
2125 871 2175 902 ad-

1213 917 1384 945 monendus
1405 925 1435 944 es
1449 935 1456 948 ‚
1483 924 1570 954 quare
1582 914 1743 944 verborum
1756 916 1936 943 memoriam
1949 923 2011 942 non
2021 913 2175 952 improbe-

1214 967 1294 986 mus.
1318 959 1399 986 Nam
1408 966 1546 996 putamus
1559 965 1695 996 oportere
1706 976 1714 989 ,
1727 965 1789 988 cos,
1803 958 1853 996 qui
1865 956 1961 985 velint
1972 965 2015 984 res
2026 954 2174 984 faciliores

1213 997 1272 1028 fine
1284 999 1381 1029 labore
1394 1019 1401 1031 ‚
1415 999 1447 1028 ὃς
1460 997 1597 1027 molestia
1605 997 1693 1027 facile
1707 995 1878 1027 meminisse
1891 1017 1897 1029 ,
1922 999 1953 1026 in
1964 996 2051 1026 rebus
2063 995 2174 1025 diffici-

1214 1040 1340 1070 lioribus
1352 1038 1408 1069 esse
1418 1039 1485 1070 ante
1496 1041 1683 1069 exercitatos.
1705 1041 1770 1069 Nec
1781 1049 1836 1068 nos
1849 1040 1923 1068 hanc
1934 1038 2095 1068 verborum
2108 1048 2174 1067 me-

1215 1083 1342 1111 moriam
1354 1081 1527 1111 inducimus
1538 1101 1545 1114 ,
1569 1090 1603 1110 ut
1613 1081 1712 1111 versus
1725 1079 1896 1110 meminisse
1905 1078 2048 1120 possimus
2061 1100 2069 1113 ,
2081 1079 2129 1109 sed
2142 1088 2175 1109 ut

1213 1125 1266 1153 hac
1277 1125 1502 1156 exercitatione,
1516 1123 1565 1152 illa
1575 1132 1672 1152 rerum
1685 1124 1841 1155 memoria,
1857 1132 1921 1162 quae
1932 1124 2058 1163 pertinet
2068 1121 2102 1150 ad
2115 1123 2174 1150 uti-

1213 1165 1327 1195 litatem
1339 1185 1347 1198 ,
1368 1163 1581 1194 confirmetur:
1603 1173 1635 1193 ut
1646 1164 1680 1193 ab
1692 1164 1745 1193 hac
1755 1162 1871 1193 difficili
1884 1163 2101 1193 consuetudine
2112 1162 2173 1192 sine

1213 1207 1312 1236 labore
1322 1206 1356 1236 ad
1367 1207 1449 1235 illam
1460 1205 1633 1235 facilitatem
1648 1203 1764 1234 transire
1776 1203 1932 1244 possimus.
1965 1204 2020 1235 Sed
2041 1203 2111 1234 cum
2134 1214 2171 1233 IN

1213 1258 1302 1277 OMNI
1323 1248 1480 1287 disciplina
1498 1246 1619 1276 infirma
1639 1246 1680 1276 est
1690 1248 1756 1276 artis
1766 1248 1923 1286 praeceptio
1934 1245 1992 1276 sine
2003 1247 2119 1276 summa
2129 1246 2172 1276 as-

1214 1292 1346 1324 siduitate
1358 1294 1588 1325 exercitationis,
1601 1301 1666 1321 tum
1676 1289 1749 1321 verb
1760 1293 1792 1321 in
1802 1288 1992 1328 μνημονικιῗς
2003 1289 2172 1321 minimum

1215 1335 1291 1365 valet
1301 1334 1437 1364 dosslrina
1447 1354 1455 1368 ,
1480 1332 1534 1363 nisi
1550 1333 1691 1363 industria
1702 1353 1709 1366 ‚
1735 1332 1833 1363 studio
1843 1353 1852 1366 ,
1876 1333 1975 1363 labore
1987 1354 1995 1367 ‚
2019 1333 2175 1373 diligentia

1215 1376 1438 1416 comprobetur.
1470 1375 1570 1416 Qam
1588 1376 1736 1415 plurimos
1757 1375 1841 1404 locos
1851 1384 1883 1404 ut
1892 1375 1997 1404 habeas
2008 1395 2016 1408 ‚
2039 1375 2071 1404 &
2080 1373 2174 1414 quam

1216 1418 1351 1448 maxime
1372 1418 1407 1447 ad
1423 1427 1564 1457 praecepm
1582 1416 1846 1449 accommodat-os,
1868 1426 1966 1446 curare
1976 1416 2112 1446 debebis.
2135 1419 2173 1445 In

1215 1459 1398 1500 imaginibus
1408 1459 1594 1489 collocandis
1604 1460 1733 1489 exerceri
1744 1458 1879 1498 quotidie
1889 1460 2063 1489 conveniet.
2097 1460 2171 1487 Non

1215 1504 1297 1531 enim
1317 1500 1390 1531 sicut
1409 1500 1424 1531 ii
1445 1503 1549 1531 ceteris
1568 1499 1672 1530 studiis
1686 1500 1863 1530 abducimur
1881 1509 2101 1540 nonnunquam
2120 1509 2175 1529 oc·-

1214 1545 1372 1583 cupatione
1383 1563 1391 1576 ,
1413 1544 1453 1572 ita
1462 1542 1497 1572 ab
1508 1544 1602 1572 haere
1612 1553 1667 1572 nos
1685 1541 1781 1582 potest
1800 1541 1883 1572 causa
1900 1541 2044 1571 deducere
2063 1541 2172 1581 aliqua.

1217 1588 1381 1625 Nunquam
1393 1584 1436 1614 est
1445 1586 1529 1613 enim
1542 1605 1550 1616 ‚
1572 1586 1646 1624 quin
1661 1583 1772 1624 aliquid
1792 1585 1948 1613 memoriae
1967 1583 2076 1614 tradere
2095 1583 2174 1612 veli-

1216 1637 1302 1660 mus,
1328 1627 1360 1656 ὃς
1375 1635 1439 1656 tum
1460 1628 1593 1656 maxime
1605 1646 1613 1659 ,
1634 1624 1705 1655 cum
1724 1626 1825 1666 aliquo
1843 1626 1956 1664 majore
1975 1626 2099 1665 negotio
2119 1624 2172 1654 de-

1215 1671 1358 1698 tinemur.
1379 1671 1477 1707 Qare
1487 1666 1559 1697 curn
1570 1666 1603 1697 sit
1613 1668 1698 1701 utile,
1709 1667 1796 1697 facile
1809 1665 1990 1700 meminifl'e,
2004 1677 2067 1696 non
2078 1675 2104 1695 re
2116 1665 2171 1696 fal-

1215 1711 1267 1743 lit⁷
1292 1710 1374 1751 quod
1392 1718 1540 1749 tantopere
1561 1710 1634 1739 utile
1655 1708 1689 1739 sit
1703 1729 1711 1743 ,
1731 1718 1843 1749 quanto
1863 1709 1962 1738 labore
1981 1707 2014 1738 sit
2031 1716 2174 1748 appeten-

1216 1752 1307 1782 dum:
1328 1751 1409 1792 quod
1428 1753 1538 1790 poteris
1557 1750 1747 1784 existimare,
1769 1750 1895 1780 utilitate
1914 1752 2042 1791 cognita.
2075 1750 2174 1779 Pluri-

1215 1795 1270 1823 bus
1290 1793 1388 1823 verbis
1399 1793 1433 1822 ad
1445 1803 1508 1822 eam
1522 1801 1549 1822 te
1559 1794 1668 1822 hortari
1688 1802 1751 1821 non
1772 1791 1814 1822 est
1832 1792 1993 1824 sententia,
2014 1801 2053 1820 ne
2071 1799 2120 1821 aut
2139 1799 2173 1820 tu

1216 1834 1318 1865 nostro
1331 1855 1338 1868 ,
1357 1844 1407 1864 aut
1418 1844 1473 1863 nos
1497 1838 1510 1861 3
1524 1843 1576 1864 tuo
1588 1833 1688 1864 studio
1697 1831 1783 1863 diffisi
1796 1845 1803 1866 ·,
1822 1843 1869 1863 aut
1881 1835 1982 1862 minus
1994 1853 2002 1866 ,
2024 1832 2114 1873 quam
2126 1842 2173 1862 res

1213 1876 1340 1917 postulat
1360 1896 1368 1910 ‚
1399 1875 1508 1905 dixisse
1525 1875 1691 1905 videamur.
1735 1878 1782 1904 De
1801 1877 1904 1915 quinta
1920 1883 1999 1914 parte
2018 1876 2172 1904 rhetoricas

1217 1919 1356 1957 deinceps
1377 1918 1512 1948 dicemus
1533 1927 1538 1946 :
1567 1926 1598 1947 tu
1617 1919 1726 1957 primas
1747 1918 1874 1957 quasque
1891 1926 1997 1956 parteis
2015 1918 2046 1946 in
2064 1918 2174 1945 animo

1215 1960 1388 2001 frequenta,
1408 1960 1460 1993 &‚
1483 1957 1565 2003 quod
1585 1958 1718 1991 maxime
1738 1958 1852 1989 nccefle
1872 1957 1916 1989 est
1930 1978 1938 1992 ‚
1957 1959 2176 1989 exercitatione

1215 2000 1371 2033 confirma.

654 2135 1748 2192 RHETORICORUM

1125 2245 1253 2288 AD

327 2347 442 2432 C.

633 2341 2055 2438 HERENNIUM,

779 2492 1050 2551 L‘iBER
1118 2500 1589 2570 QJARTUS.

420 2654 455 2687 ’ἢ
500 2659 672 2687 elocutione
684 2657 919 2698 conscripsimus,
929 2658 961 2687 ὃς
970 2657 1077 2698 quibus
1088 2658 1120 2685 in
1131 2666 1175 2685 re-

290 2673 362 2721 uss
377 2705 385 2716 ι

278 2728 291 2740 f,
319 2710 383 2743 :te-g,
501 2700 556 2728 bus
567 2709 640 2738 opus
652 2699 709 2729 fuit
719 2700 866 2740 exemplis
881 2701 932 2731 uti,
951 2698 1059 2729 nostris
1070 2706 1176 2727 exem-

285 2742 287 2749 *
306 2740 373 2804 ὁξὲᾒ
501 2741 557 2779 plis
569 2740 610 2770 usi
622 2742 723 2771 sumus
737 2753 741 2770 z
762 2742 794 2771 &
806 2741 835 2771 id
846 2741 975 2771 lecimus
988 2748 1091 2781 praeter
1101 2749 1176 2769 con-

314 2785 359 2830 ῆς
439 2787 476 2827 ἐξ
502 2783 691 2813 suetudinem
703 2784 942 2823 Graecorum,qui
954 2782 989 2812 de
1000 2783 1053 2812 hac
1065 2792 1093 2811 rc
1105 2782 1173 2811 scri-

226 2892 237 2904 ,
504 2876 546 2895 cis
557 2868 702 2896 rationem
714 2866 807 2896 nostri
819 2865 934 2896 consilii
946 2866 1067 2895 demus.
1077 2868 1174 2905 Atque

210 2911 269 2940 hoc
278 2920 334 2940 nos
346 2908 560 2940 necessitudine
569 2906 662 2937 facere
672 2927 680 2941 ‚
703 2918 766 2937 non
786 2908 885 2938 studio
896 2928 904 2942 ,
926 2908 991 2938 satis
1003 2908 1060 2937 erit
1078 2905 1150 2948 signi
1163 2925 1171 2939 ,

250 3016 272 3033 1.
293 3011 340 3032 Imm
348 3006 438 3036 adduxe,
449 3010 469 3030 ri
478 3007 502 3030 ii«
510 3007 583 3037 issimi,
594 3007 619 3030 id
627 3007 679 3035 Am,
689 3007 755 3040 ὠὴ]
779 3008 821 3032 i’al
829 3028 834 3033 .
845 3009 952 3042 quintus
964 3006 1169 3039 sublicitperitn-

204 3044 252 3075 lsfic
262 3053 285 3068 ιι.
305 3041 347 3068 sed
360 3042 458 3077 prin-iiis
471 3040 496 3066 id
508 3041 616 3075 positum
629 3041 706 3067 babet
717 3043 741 3068 in
756 3044 836 3068 vicem
849 3045 982 3068 rtalirnlnm.
995 3051 1080 3077 neque
1091 3041 1169 3067 aliter

208 3078 287 3105 l'abr.
299 3079 334 3114 ⁴&
355 3076 412 3104 mis.
425 3076 534 3103 Suffi-id'i
546 3088 551 3103 x
575 3076 711 3112 veriusque
722 3078 829 3113 put-ibat
840 3079 941 3104 (iiiliel.
954 3088 1012 3104 nam
1019 3080 1120 3111 periculi
1130 3077 1168 3103 iii-

208 3124 240 3141 ne
251 3113 408 3141 tenacissima
417 3113 453 3139 est
465 3113 592 3139 memoria
605 3122 614 3142 ς
634 3114 661 3138 8(
672 3113 704 3137 «ie
717 3116 814 3141 ridi‘titc'o
824 3114 896 3144 insta.
907 3115 962 3151 agit
974 3124 982 3148 5
1003 3114 1040 3143 ita
1052 3121 1081 3142 ut
1090 3113 1165 3142 fimul

206 3151 301 3178 innuat
310 3149 335 3179 sc
344 3148 377 3179 dc
387 3158 417 3177 ca
427 3156 504 3177 :iiitca
515 3158 568 3178 uon
579 3148 736 3179 iiicniiiiii‘l‘c.

389 2622 409 2648 ’ὖ
448 2624 469 2646 3>
499 2619 591 2645 UON
605 2625 615 2644 1
630 2625 652 2646 A
664 2627 690 2646 M
710 2617 741 2646 in
753 2616 907 2649 hoclibro,
925 2618 959 2645 C.
973 2615 1108 2645 Herenni
1121 2614 1176 2647 ,de
1200 2619 1203 2657 J
1220 2612 1301 2653 quod
1322 2613 1354 2641 in
1373 2611 1571 2651 superioribus
1590 2611 1673 2641 libris
1693 2611 1768 2641 nihil
1781 2621 1876 2652 neque
1885 2619 1951 2641 ante
1970 2621 2033 2641 rem
2047 2631 2055 2645 ,
2077 2621 2174 2652 neque

1221 2663 1324 2694 praeter
1333 2664 1398 2683 rein
1410 2656 1500 2683 locuti
1512 2654 1625 2682 sumus.
1649 2656 1751 2687 Nunc,
1763 2652 1782 2682 si
1793 2663 1893 2693 pauca,
1906 2663 1970 2694 quae
1981 2663 2024 2682 res
2034 2653 2172 2693 postulat,

1222 2696 1387 2725 dixerimus
1399 2715 1407 2728 ,
1419 2696 1472 2725 tibi
1485 2695 1515 2725 id
1528 2716 1535 2728 ,
1547 2695 1626 2735 quod
1639 2696 1789 2736 reliquum
1801 2694 1842 2724 cst
1850 2698 1928 2728 artis,
1940 2697 1989 2728 ita,
2000 2704 2032 2724 ut
2042 2694 2175 2724 institui-

1222 2747 1290 2767 mus
1301 2757 1308 2770 ‚
1325 2738 1540 2777 persolvemus.
1563 2736 1619 2766 Sed
1629 2736 1747 2767 facilius
1758 2736 1889 2767 nostram
1901 2739 2048 2767 rationem
2059 2737 2175 2766 intelli—

1221 2789 1281 2820 ges,
1293 2778 1313 2808 fi
1323 2778 1404 2819 prius
1415 2799 1423 2813 ,
1435 2779 1507 2820 quid
1517 2779 1562 2808 illi
1573 2779 1674 2809 dicant
1684 2799 1692 2812 ,
1703 2781 1891 2819 cognoveris.
1915 2778 2128 2818 Compluribus
2137 2778 2175 2807 de

503 2824 810 2863 pseruntzneceffarib
821 2824 994 2855 faciendum
1003 2823 1095 2857 est7ut
1103 2833 1173 2863 pau·
1196 2831 1200 2862 ᾳ
1220 2819 1309 2852 causis
1329 2829 1431 2860 putant
1450 2830 1603 2860 oportere,
1625 2819 1696 2850 cuni
1717 2820 1771 2860 ipsi
1789 2823 1998 2860 praeceperint,
2018 2830 2078 2861 quo
2088 2819 2176 2861 pa&o

1220 2871 1352 2902 oporteat
1362 2873 1468 2892 ornare
1479 2863 1794 2896 elocutionem,unius
1790 2863 1835 2902 cuj
1840 2864 1928 2903 usque
1939 2865 2054 2903 generis
2063 2862 2099 2891 ab
2109 2871 2175 2891 ora-

1221 2914 1283 2934 tore
1293 2924 1301 2938 ,
1314 2913 1363 2934 aut
1372 2906 1458 2944 poeta
1467 2904 1590 2944 probato
1604 2904 1735 2934 sumtum
1747 2914 1857 2945 ponere
1868 2904 2033 2944 exemplum.
2059 2906 2096 2933 Et
2113 2905 2176 2951 pri—

2085 2954 2174 2973 mum

1238 3001 1277 3030 '2-
1297 3006 1346 3037 Q)
1366 3007 1429 3030 nobis
1448 3009 1550 3030 >rorarios
1562 3007 1620 3039 fin]
1644 3008 1683 3031 lta
1694 3008 1740 3032 Br.
1761 3007 1788 3031 &
1799 3013 1853 3032 tres
1865 3009 1879 3031 e
1890 3004 1958 3031 Pali.
1970 3004 2078 3039 vulgata
2087 3006 2175 3034 notior,

1213 3040 1270 3067 Pal.
1285 3040 1334 3066 sec.
1345 3043 1469 3066 notabilior
1478 3041 1596 3075 praefert.

1249 3084 1275 3108 ς.
1295 3078 1339 3102 'Tho
1348 3077 1419 3106 studeo
1430 3077 1518 3110 diff-«2⁴⁷1
1542 3076 1619 3102 Haud
1631 3078 1710 3104 :iliter
1721 3077 1789 3103 Pau.
1802 3085 1848 3103 aut
1859 3085 1924 3113 quos
1935 3075 2065 3102 consuluit
2076 3074 2174 3101 Suffri0

1211 3108 1270 3138 du&-
1291 3112 1416 3149 posterius
1437 3112 1486 3138 cufi
1499 3132 1508 3143 5
1527 3114 1634 3144 diffidere,
1663 3114 1749 3142 miuus
1762 3114 1853 3146 recte,
1874 3111 1988 3150 pendent
1999 3112 2068 3140 enim
2086 3110 2174 3138 isthanc

1212 3148 1244 3177 ab
1255 3148 1421 3184 iabit-quenti
1433 3149 1569 3177 *vidiat-,1212

2063 3193 2072 3210 1
2081 3203 2086 3208 .
2101 3183 2176 3216 Jush'-

2196 746 2243 778 24
