2295 3400
195 126 291 177 314
615 113 1110 164 M.Tui.i„11

1554 13 1581 27 *s

1190 115 1718 165 CxcERoN1s

194 198 382 227 volni-itatem
397 216 403 230 ‚
424 195 565 237 (pemque
582 197 703 238 iveliquae
719 199 789 228 vitas
798 196 911 232 vestra,
931 186 1096 239 populique
1106 200 1146 229 R.
1187 205 1258 226 cern
1268 204 1314 230 te,
1337 198 1566 238 principemque
1583 198 1743 237 praeberes:
1766 203 1831 229 non
1842 196 1937 229 modb
1948 195 1979 229 id
1989 195 2149 241 refugisti.

192 237 379 269 existimatio
388 241 565 277 comprobet
574 258 582 272 ‚
596 248 628 268 ut
638 249 705 280 ego,
720 250 796 280 quos
805 239 902 270 adhuc
913 242 989 270 milii
1000 240 1150 281 magistra*

194 289 241 311 itis
251 282 379 321 populus
390 282 547 310 Romanus
561 280 723 314 mand-ivit,
739 279 777 311 sic
788 291 839 312 eos
849 283 963 322 accepi,
977 291 1009 312 ut
1021 292 1069 312 nie
1078 292 1148 312 om-

195 331 283 352 nium
293 322 443 361 afficimus-z
451 319 578 362 obstringi
590 323 717 363 mugiens
727 323 885 353 arbitiarer.
898 327 938 355 Ita
947 323 1073 365 quaestor
1082 324 1148 354 sum

194 363 291 395 fustus
301 384 310 397 ‚
322 372 354 393 ut
364 364 442 393 milii
451 363 601 393 honorem
612 364 699 394 illuni
711 373 777 394 iiim
788 375 852 395 non
864 364 964 396 ibium
973 366 1086 400 datum,
1101 366 1149 396 sed

194 408 286 435 etiam
296 403 442 434 creditum
454 424 463 438 ‚
477 414 508 435 ac
517 404 712 435 commistum
724 416 868 446 putarem.
894 405 929 437 fic
939 408 1059 438 obtinui
1070 418 1151 450 qua:-

196 447 308 477 sturam
319 448 351 475 in
361 448 515 486 provincia
524 467 532 480 ‚
547 456 578 477 ut
592 449 735 477 omniuzn
747 449 852 479 oculos
863 450 894 479 in
906 459 955 480 me
966 459 1064 480 unum
1076 460 1149 480 con-

195 487 290 528 je&os
309 487 476 518 arbitrarer:
497 496 529 518 iit
547 499 595 518 me
606 509 614 522 ‚
634 489 870 531 qil-astutamque
888 501 987 522 meam
999 511 1008 526 ‚
1027 491 1108 534 quast
1123 493 1151 521 in

196 530 295 570 aliquo
305 528 373 558 orbu
383 537 455 558 terra
466 531 572 559 theatro
585 532 687 570 versui
699 531 885 567 existimarem
895 544 904 560 :
917 542 950 563 ut
959 537 1063 564 omnia
1074 535 1150 565 scm-

197 581 250 612 per
261 591 270 605 ‚
290 581 355 612 quae
364 571 495 610 jucunda
504 572 645 602 videntur
655 571 711 603 effe
721 594 730 606 ,
749 584 810 604 non
825 574 919 605 modo
933 576 978 605 his
989 576 1151 606 exrraordi—

197 615 289 644 nariis
299 613 521 653 cupiditatibus,
533 613 580 643 sed
590 616 682 644 etiarn
693 614 745 655 ipsi
757 625 867 647 naturae
878 637 886 649 ,
898 627 930 646 ac
940 616 1096 648 necelsitati
1108 618 1153 646 d:-

196 664 338 694 negarem.
371 657 462 684 Nunc
481 655 546 685 sum
562 654 727 697 designatus
745 657 857 687 aedilis:
878 658 972 689 habeo
987 661 1131 689 rationem
1143 679 1151 693 ‚

197 697 273 737 quid
291 696 306 726 a
324 697 439 736 populo
447 698 542 726 Rom.
557 700 737 737 acceperim:
756 700 834 729 milii
853 699 939 730 ludos
958 700 1115 731 sansiiffim
1121 712 1154 731 os

200 740 336 768 maxima
355 748 426 768 cum
442 741 622 769 caeremonia
633 742 750 774 Cereri,
771 741 883 771 Libero
893 761 901 775 ‚
919 742 1094 783 Liberaeque
1112 742 1155 773 sa-

199 779 344 810 ciundos:
369 781 446 809 mihi
456 780 575 810 Floram
586 790 713 811 matrem
723 783 837 822 populo
847 803 854 817 ,
866 783 1006 824 plebique
1017 787 1053 814 R.
1068 784 1155 814 ludo-

200 831 270 852 rum
281 821 447 852 celebritate
457 822 632 861 placandam
644 833 649 852 ;
669 825 748 853 mihi
759 824 846 854 ludos
855 825 1074 866 antiquissimos
1085 846 1093 860 ,
1104 828 1156 867 qui

199 864 294 903 primi
303 865 436 894 Romani
447 864 516 893 sunt
527 866 675 894 nominati
688 885 696 898 ‚
717 868 850 896 maxima
860 876 931 896 cum
949 866 1089 908 dignitate
1097 888 1105 901 ‚
1125 879 1158 898 ac

199 905 348 946 religione
354 906 425 946 Jovi
436 925 444 938 ,
457 906 573 947 Junoni
586 926 594 939 ,
606 908 811 948 Minervaeque
822 906 879 937 effe
889 907 1044 938 faciundos
1056 920 1061 937 :
1078 911 1156 939 mihi

199 947 344 976 sacrarum
355 946 467 977 aeclium
478 949 719 986 procurationem
730 969 738 982 ‚
757 950 835 979 inihi
856 957 946 978 totam
964 949 1060 979 urbem
1077 959 1158 980 tuen-

201 987 267 1017 dam
280 987 327 1026 effi
343 987 532 1025 commistam:
551 987 592 1018 ob
602 1000 702 1019 earum
714 1000 811 1020 rerum
827 991 958 1021 laborem
969 1012 977 1025 ‚
1000 992 1033 1022 &
1044 993 1158 1023 sollici—

201 1029 341 1060 tudinem
351 1029 466 1059 111161115
477 1030 546 1060 illos
556 1030 640 1061 datos
651 1051 660 1064 ‚
675 1034 873 1072 antiquiorem
883 1035 915 1062 in
927 1034 1026 1064 senatu
1038 1036 1156 1065 senten-

201 1073 250 1102 tiae
263 1071 397 1102 dicendae
414 1072 515 1101 locum
529 1091 536 1105 ‚
552 1080 651 1113 togam
669 1082 841 1112 praetextim
853 1095 861 1108 ,
883 1075 983 1105 sellam
1000 1077 1136 1106 cui-ulem
1147 1096 1155 1110 ‚

203 1116 215 1132 ³
224 1113 271 1153 jus
281 1114 422 1154 imaginis
432 1112 467 1142 ad
477 1117 657 1144 memoriam
670 1135 677 1147 ‚
689 1114 949 1157 posteritatemque
959 1117 1154 1157 prodendam.

201 1157 251 1185 Ex
262 1155 306 1184 his
317 1165 372 1195 ego
380 1154 470 1187 rebus
480 1155 625 1185 omnibus
635 1176 643 1189 ,
653 1156 767 1194 judices
776 1177 785 1191 ‚
801 1159 840 1187 ita
854 1160 931 1188 milii
949 1159 1020 1188 deos
1036 1162 1157 1189 omneis

201 1198 350 1236 propitios
358 1194 416 1226 effe
426 1197 531 1229 velim,
547 1207 589 1230 ut,
599 1197 713 1227 tametsi
725 1198 1039 1237 mihijucundiffimus
1049 1200 1093 1231 est
1102 1202 1159 1231 ho-

204 1247 259 1267 nos
274 1238 376 1277 populi
387 1257 395 1271 ‚
421 1246 520 1268 tamen
532 1248 751 1278 NEQAQJAM
765 1250 912 1270 TANTUM
928 1244 1013 1281 capio
1022 1243 1160 1282 volupta-

206 1281 242 1309 tis
253 1300 261 1312 ‚
280 1289 425 1319 quintum
436 1280 647 1310 sollicitudinis
659 1302 667 1314 ,
688 1282 839 1311 &laboris
851 1302 858 1315 ,
883 1292 916 1312 ut
926 1284 985 1313 haec
997 1284 1056 1323 ipsa
1065 1284 1160 1314 aedili-

205 1330 247 1350 tas
259 1341 266 1354 ‚
278 1331 342 1351 non
351 1323 420 1361 quia
429 1320 543 1351 necesse
551 1321 640 1352 fuerit
651 1343 659 1356 ‚
671 1323 760 1353 alicui
769 1323 926 1354 candidato
937 1325 1002 1355 data
1011 1346 1019 1358 ,
1032 1326 1080 1356 sed
1090 1328 1159 1366 quia

206 1361 243 1392 fic
253 1364 434 1402 oportuerit,
454 1362 533 1393 retii&
545 1364 705 1397 collocata,
718 1365 749 1395 3<
765 1367 779 1384 ²
788 1365 903 1403 judicio
916 1367 1021 1406 populi
1038 1369 1072 1397 in
1090 1368 1158 1397 loco

145 1411 157 1435 i
168 1412 186 1442 5
204 1402 297 1445 posita
307 1403 364 1434 ess’e
373 1404 518 1434 videatur.
540 1407 590 1435 Tu
599 1404 672 1435 etim
682 1405 754 1436 effes
763 1416 872 1447 praetor
890 1410 1074 1439 renuntiatus
1082 1419 1160 1450 quo-

205 1455 266 1486 quo
277 1445 370 1476 inodo
381 1445 483 1483 (mitto
496 1448 579 1476 enim
589 1467 598 1481 ‚
619 1447 651 1477 &
660 1457 801 1487 praetereo
812 1469 820 1481 ,
841 1449 916 1489 quid
927 1459 991 1480 tum
1005 1448 1036 1481 fit
1045 1450 1158 1492 aetum)

206 1487 256 1518 sed
266 1486 339 1518 cum
348 1486 420 1517 esses
430 1490 617 1518 renuntiatus
629 1509 637 1522 ,
656 1499 689 1524 ut
699 1489 773 1524 dixi,
788 1500 852 1520 non
863 1491 921 1531 ipsa
929 1494 1075 1531 praeconis
1084 1502 1159 1523 voce

205 1531 350 1559 excitatus
368 1539 398 1559 es
409 1548 417 1562 ,
437 1532 489 1570 qui
507 1538 535 1559 te
550 1533 674 1560 Tonas
693 1541 868 1562 samonum
879 1552 887 1566 ‚
906 1542 1159 1574 JUNIORUMQE

206 1580 391 1601 ensi-uiuis
416 1581 495 1601 iLLo
519 1581 655 1603 HONORE
671 1582 789 1603 AFFiCl
806 1576 1030 1613 pronuntiavit,
1052 1585 1084 1606 ut
1102 1577 1160 1606 hoc

202 1613 339 1653 putarem
358 1613 488 1653 aliquam
498 1615 573 1653 reip.
585 1623 697 1653 partem
716 1615 771 1644 tibi
788 1615 953 1647 creditam?
969 1626 1084 1647 annum
1103 1618 1159 1647 tibi

203 1654 293 1685 illum
302 1664 399 1684 unum
410 1654 504 1684 domo
511 1655 673 1685 carendum
686 1655 742 1686 esie
753 1659 917 1687 meretricis
926 1658 935 1684 ?
944 1657 1021 1688 Cum
1034 1659 1088 1688 tibi
1099 1659 1159 1689 sor-

206 1705 234 1725 te
246 1694 394 1737 obtigisset
404 1715 413 1729 ‚
425 1697 514 1736 utjus
524 1697 637 1727 diceres
648 1707 810 1738 :quantum
823 1701 955 1740 negotii,
1008 1710 1068 1729 trin
1079 1710 1163 1730 osie-

206 1747 262 1767 uis
274 1747 443 1769 HABERES,
462 1747 643 1776 NUMQJAM
660 1748 859 1769 COGXTASTI:
879 1741 1060 1782 nequeillud
1071 1745 1160 1772 ratio-

207 1781 254 1809 i‘iis
263 1778 389 1809 habuisti
399 1799 407 1812 ,
427 1777 447 1808 fi
457 1778 534 1809 forte
544 1780 766 1821 expergefacere
780 1790 807 1811 te
819 1780 917 1822 poffes
926 1802 934 1816 ‚
956 1793 1022 1813 eam
1036 1786 1160 1823 provin—

206 1823 283 1850 ciam
294 1840 301 1854 2
313 1830 402 1860 quam
414 1823 488 1850 tueri
499 1820 635 1860 singulari
647 1823 786 1861 sapientia
797 1843 805 1856 ‚
827 1832 913 1864 atque
926 1826 1091 1865 integritate
1102 1825 1161 1856 dif-

207 1861 284 1892 ficile
296 1860 376 1895 esset,
390 1862 445 1891 3ad
456 1862 785 1898 summamstultitiam,
797 1867 1023 1907 nequitiamque
1035 1865 1160 1897 veniss‘e.

208 1906 308 1944 {taque
326 1913 387 1933 non
402 1903 497 1933 modo
507 1903 602 1934 domo
613 1914 661 1934 tua
671 1905 871 1936 Chelidonem
886 1909 919 1936 in
930 1917 1053 1947 praetuia
1062 1918 1162 1938 0111111-

207 1944 275 1974 dere
292 1944 416 1974 noluisti
427 1965 435 1978 ‚
457 1945 504 1975 scd
521 1956 554 1975 iii
565 1946 741 1976 Chelidonis
760 1947 888 1978 domum
907 1958 1063 1988 praeturam
1079 1959 1160 1980 tuum

207 1995 299 2016 totam
312 1986 453 2016 detulisti
476 1990 578 2018 Secuta
586 1990 740 2028 provincia
749 1988 803 2018 est:
819 1991 851 2019 in
862 2000 918 2031 qua
929 1991 983 2021 tibi
994 2001 1160 2032 numquam

207 2037 332 2058 venitin
344 2037 477 2058 mentem
488 2049 496 2062 ‚
515 2039 583 2058 NON
599 2039 672 2059 Tim
689 2040 830 2060 inciaco
843 2041 995 2066 nescitis,
1011 2043 1052 2062 ET
1068 2043 1162 2064 secu-

206 2079 283 2100 Rais
294 2090 302 2102 ,
325 2070 358 2100 &
368 2079 480 2100 tantam
492 2073 611 2110 imperii
621 2074 685 2101 vim
695 2092 703 2106 ‚
726 2081 899 2113 tantamque
911 2084 1161 2105 ornamentorum

207 2113 350 2141 omnium
363 2111 537 2152 dignitatem
549 2112 645 2143 datam
657 2134 666 2146 ,
689 2123 721 2143 ut
730 2124 831 2144 earum
842 2125 941 2144 rerum
952 2118 999 2150 vi,
1016 2116 1160 2147 &aufflzo-

204 2155 289 2183 ritate
301 2155 406 2182 omnia
416 2154 630 2194 i‘epagulajuiis
639 2175 647 2188 ,
656 2155 792 2195 pudoris,
805 2156 837 2185 &
847 2155 939 2186 officii
949 2157 1144 2200 perfringeres
1156 2169 1161 2187 z

206 2192 393 2224 ut'omnium
404 2194 482 2225 bona
492 2216 500 2229 ,
514 2196 644 2235 praedam
655 2206 735 2227 tuam
747 2197 883 2227 duceres:
903 2199 1015 2228 nullius
1025 2210 1070 2229 res
1081 2209 1140 2230 tuta
1151 2221 1159 2234 ,

207 2236 323 2265 nullius
333 2235 443 2266 domus
452 2237 546 2267 clausa
557 2259 565 2270 ,
584 2238 699 2267 nullius
709 2239 767 2267 vitii
777 2238 854 2277 septa
866 2259 874 2272 ,
889 2240 1004 2270 nullius
1020 2241 1161 2280 pudicitia

207 2279 327 2307 inunita
336 2287 437 2307 contra
446 2287 527 2308 tuam
546 2280 730 2320 cupiditatem
740 2299 749 2313 ,
770 2280 802 2309 &
812 2281 963 2309 audaciam
978 2281 1074 2321 poss'et
1090 2282 1158 2313 effe.

207 2320 240 2348 in
251 2328 307 2360 qua
317 2328 348 2348 tu
359 2328 386 2348 te
397 2321 436 2348 ita
445 2319 548 2360 geflisti
559 2341 568 2355 ‚
580 2329 627 2353 ut,
639 2320 711 2350 cum
721 2322 865 2351 omnibus
873 2332 989 2352 teneare
1001 2324 1088 2353 rebus
1100 2344 1109 2357 ,
1125 2324 1159 2354 ad

206 2360 324 2391 bellurn
334 2359 535 2402 fugitivorum.
545 2362 713 2403 confugias:
735 2373 772 2392 cx
782 2373 842 2403 quo
850 2364 911 2403 jam
924 2365 1066 2405 intelligis
1076 2385 1084 2398 ,
1097 2375 1160 2395 non

208 2401 303 2432 ‘modo
314 2403 370 2432 tibi
379 2403 496 2433 nullam
507 2402 711 2433 defensionem
724 2424 732 2438 ,
745 2405 794 2434 sed
806 2406 972 2435 maximam
983 2408 1046 2435 vim
1057 2409 1160 2436 crimi-

211 2453 287 2474 num
299 2452 444 2473 exortam.
462 2443 517 2474 nisi
526 2444 604 2475 forre
615 2446 711 2475 Italici
721 2446 792 2476 belli
803 2446 1000 2487 fugitivorum
1009 2449 1158 2489 reliquias,

208 2492 296 2526 ‘atque
314 2485 390 2515 illud
402 2487 590 2516 Temsanum
608 2487 842 2517 incommodum
861 2488 1002 2527 proferes.
1025 2489 1059 2520 ad
1078 2489 1160 2530 quod

209 2534 311 2557 recens
330 2536 399 2557 cum
410 2537 438 2557 te
446 2529 668 2568 pei-opportune
675 2529 796 2567 famma
808 2528 946 2567 obtuiiffiit
956 2542 964 2564 3
976 2529 996 2559 fi
1005 2531 1121 2571 quidm
1133 2540 1159 2561 te

212 2570 329 2598 virtutis
340 2588 349 2602 ‚
361 2578 446 2610 atque
457 2570 610 2600 industria:
618 2569 717 2601 fuisset
729 2582 734 2600 :
754 2571 833 2601 idem
845 2591 852 2604 ,
864 2574 916 2612 qui
927 2573 1042 2612 semper
1049 2572 1156 2606 fueras,

150 2612 191 2643 16
210 2610 352 2640 inventus
363 2621 402 2640 es.
427 2610 505 2641 cum
516 2611 550 2642 acl
562 2621 588 2642 te
600 2613 754 2642 Valentini
763 2612 922 2646 venissent,
938 2614 969 2643 &
978 2623 1033 2653 pro
1043 2616 1089 2643 his
1101 2614 1158 2644 ho-

209 2657 262 2680 mo
274 2651 408 2686 disertus,
420 2652 452 2682 &
463 2653 587 2687 nobilis,
598 2655 991 2695 M Mariu3210queretu13ut
1001 2657 1157 2697 negotium

205 2693 364 2732 susciperes
373 2713 381 2727 ,
399 2703 432 2723 111
442 2714 451 2727 ,
465 2693 536 2724 cum
546 2705 637 2734 penes
647 2705 674 2725 te
684 2699 858 2736 praetorium
868 2698 1045 2736 imperium,
1061 2708 1092 2727 ac
1101 2707 1159 2727 no-

207 2744 281 2765 men
290 2733 361 2765 esset
371 2748 380 2770 ·‚
401 2735 436 2766 ad
446 2737 529 2767 illam
539 2747 660 2777 parvam
670 2748 797 2769 manum
807 2738 1056 2781 exstinguendam
1070 2759 1078 2772 ‚
1102 2739 1157 2769 du-

1191 237 1239 268 sed
1259 248 1296 268 eo
1314 238 1378 278 ipso
1397 246 1532 278 tempore
1542 258 1552 272 ,
1569 239 1641 269 cum
1656 238 1728 270 effes
1737 242 1770 270 in
1780 240 1868 270 litore
1879 260 1887 274 ‚
1904 242 2007 271 Tertia
2016 241 2068 270 illa
2079 249 2146 274 ma,

1192 289 1283 321 quam
1295 288 1394 310 tecum
1406 280 1577 321 deportabas
1588 301 1596 314 ,
1616 290 1676 311 erat
1688 283 1719 311 in
1729 283 1873 311 omnium
1883 280 2055 321 conspeEtu.
2081 280 2149 321 ipsis

1192 330 1291 351 autem
1303 322 1471 352 Valentinis
1483 332 1520 352 ex
1530 331 1590 353 tam
1600 322 1718 356 illustri,
1730 323 1890 364 nobilique
1901 325 2149 363 municipio‚tan-

1192 364 1230 393 tis
1239 362 1275 393 de
1285 364 1372 393 rebus
1382 364 1534 404 responsum
1549 365 1657 394 nultum
1666 364 1785 398 dedisti,
1802 363 1874 395 cum
1885 363 1958 395 esses
1969 374 2038 395 cum
2049 365 2152 395 tunica

1193 405 1273 444 pulla
1285 424 1294 438 ,
1320 405 1464 446 &pallio
1497 406 1579 447 Qid
1591 407 1671 436 hunc
1683 405 1938 446 proficiscentem,
1965 406 2038 447 quid
2049 408 2080 436 in
2090 405 2153 446 ipsa

1192 448 1349 486 provincia
1367 445 1467 477 feciss‘e
1488 447 1686 481 existimatis,
1704 450 1836 488 quicum
1845 450 1906 488 jam
1917 458 1955 477 ex
1973 449 2149 488 provincia,

1194 497 1258 517 non
1273 488 1307 517 ad
1320 490 1507 528 triumphum
1518 508 1526 522 ‚
1551 489 1599 519 sed
1610 489 1804 529 adjudicium
1815 489 1986 523 decederet,
2008 499 2046 518 ne
2065 489 2150 520 illam

1194 529 1317 570 quidem
1328 529 1485 560 infamiam
1496 530 1620 572 fugerit,
1643 540 1734 571 quam
1746 531 1805 572 fine
1824 532 1881 560 ulla
1897 531 2044 572 voi'tiprare
2054 532 2151 570 capie-

1197 571 1266 600 bat?
1289 571 1427 601 Odivina
1445 572 1560 602 senatus
1579 571 1742 613 frequentis
1760 575 1793 602 in
1810 573 1871 603 aede
1885 573 2018 602 Bellonae
2030 571 2152 601 admur-

1175 616 1177 644 Ῑ
1198 615 1327 643 muratio
1339 616 1344 642 l
1360 615 1509 644 Memoria
1518 616 1626 644 tenetis
1637 634 1645 646 ,
1658 614 1770 651 judices
1781 635 1789 648 ‚
1802 613 1872 644 clim
1883 614 2129 654 advesperasceret
2138 631 2155 647 ‚-

1197 654 1230 684 &
1239 655 1340 694 paullo
1359 655 1426 685 ante
1445 653 1516 685 esset
1528 655 1564 686 de
1575 656 1632 685 hoc
1642 657 1795 686 Temsano
1814 655 2015 686 incommodo
2031 656 2152 685 nuntia-

1198 705 1262 725 tum
1273 716 1281 729 ‚
1293 694 1365 726 cum
1378 699 1566 727 inveniretur
1573 707 1667 727 nemo
1678 717 1686 731 ‚
1704 699 1757 738 qui
1769 700 1800 727 in
1810 698 1861 728 illa
1869 698 1934 727 loca
1943 697 2152 736 cumimperio

1199 739 1382 771 mitteretur,
1403 736 1510 768 dixisse
1528 738 1678 779 quendam
1691 751 1699 773 3
1723 742 1848 769 Verrem
1865 738 1922 769 effe
1941 748 2006 768 non
2026 737 2117 778 longe
2135 737 2153 769 ἂ

1198 780 1323 809 Temsa:
1334 780 1426 820 quim
1438 780 1523 810 valde
1535 779 1662 810 universi
1672 780 1925 811 admurmurarint
1935 801 1943 813 ‚
1955 780 2044 821 quam
2054 782 2152 819 palam

1197 821 1345 861 principes
1363 823 1466 851 contra
1485 821 1627 852 dixerint.
1651 825 1689 852 Et
1702 825 1726 852 is
1740 831 1785 852 tot
1794 823 1975 853 criminibus
1986 842 1994 854 ‚
2014 820 2152 851 testimo-

1199 863 1315 903 niistiue
1328 862 1486 892 conviSkus
1495 883 1503 897 ‚
1516 865 1548 893 in
1557 874 1664 893 eorum
1673 865 1790 894 tabellis
1801 865 1880 904 spem
1892 862 1945 893 sibi
1956 864 2086 904 aliquam
2095 872 2150 902 po-

1199 905 1244 935 nit
1255 923 1263 936 ,
1273 914 1404 943 quorum
1414 907 1556 935 omnium
1565 906 1662 945 palam
1672 926 1680 939 ,
1692 906 1775 945 causa
1785 906 1937 946 incognita,
1947 915 2020 935 voce
2031 904 2152 934 damna-

1198 953 1245 974 tus
1255 945 1316 976 est?
1339 945 1411 976 Esto
1423 957 1429 975 :
1451 947 1530 976 nihil
1544 957 1581 977 ex
1592 947 1624 977 fu
1648 950 1731 977 itivoi
1740 958 1790 977 um
1801 948 1881 977 bello
1891 967 1899 981 ,
1921 957 1970 977 aut
1986 947 2152 987 suspicione

1200 986 1273 1016 belli
1282 986 1377 1017 laudis
1387 987 1509 1028 adeptus
1518 988 1561 1019 est
1569 1008 1577 1022 ‚
1589 999 1626 1029 qu
1652 989 1670 1019 d
1680 1000 1776 1030 neque
1784 990 1899 1019 bellum
1911 989 2080 1029 ejusmodi,
2100 997 2154 1017 ne-

1199 1037 1257 1070 que
1267 1028 1339 1058 belli
1348 1029 1516 1069 periculum
1527 1029 1586 1060 fuit
1597 1041 1627 1060 in
1637 1033 1736 1061 Sicilia
1747 1051 1756 1064 ,
1776 1041 1873 1072 neque
1882 1031 1918 1060 ab
1928 1030 1984 1060 isto
1995 1029 2153 1069 provisum

1201 1068 1243 1099 est
1253 1089 1261 1103 1
1281 1080 1319 1100 ne
1328 1071 1410 1111 quod
1423 1069 1506 1101 effet.
1530 1081 1557 1102 at
1567 1071 1638 1102 veib
1648 1082 1751 1103 conti-a
1764 1072 1878 1102 bellum
1889 1072 2067 1112 praedonum
2081 1070 2155 1101 clas-

1199 1111 1262 1141 sem
1278 1112 1380 1142 habuit
1389 1122 1523 1143 ornatam
1534 1133 1542 1146 ,
1563 1113 1810 1155 diligentiamque
1819 1114 1957 1144 adhibuit
1966 1116 2000 1143 in
2010 1123 2046 1142 eo
2057 1111 2155 1153 singu·
2196 1139 2201 1143 ,
2240 1131 2243 1134 -
2271 1129 2273 1144 2

1200 1153 1302 1183 larem.
1325 1155 1433 1195 itaque,
1445 1153 1502 1184 isto
1513 1164 1636 1194 praetore
1646 1175 1654 1188 ‚
1666 1156 1801 1195 praeclare
1813 1155 1931 1186 defensa
1938 1156 2091 1194 provincia
2100 1152 2152 1184 est.

1200 1196 1246 1225 Sic
1254 1194 1291 1224 de
1301 1195 1383 1225 bello
1391 1195 1513 1235 praedon
1519 1206 1570 1226 um
1582 1216 1589 1229 ‚
1603 1196 1640 1226 sic
1649 1197 1685 1226 de
1700 1196 1786 1226 class'e
1795 1196 1959 1229 Siciliensi,
1973 1196 2098 1236 judices,
2107 1194 2155 1224 di-

1200 1245 1265 1266 cam
1277 1257 1285 1269 ,
1304 1246 1337 1266 ut
1346 1237 1404 1267 hoc
1410 1237 1472 1276 jam
1483 1238 1550 1268 ante
1562 1237 1743 1268 confirmem
1756 1259 1764 1272 ,
1785 1240 1817 1268 in
1829 1240 1885 1268 hoc
1895 1248 1957 1268 uno
1967 1247 2074 1279 genere
2084 1247 2154 1266 oni-

1201 1279 1265 1308 neis
1276 1277 1366 1308 1110ᾶέ
1375 1279 1474 1318 culpas
1484 1279 1567 1310 istius
1577 1281 1724 1310 maximas
1735 1301 1743 1313 ,
1756 1282 1884 1310 avaritiae
1893 1300 1901 1313 ‚
1914 1279 2074 1317 maiestatis
2083 1299 2091 1312 ‚
2103 1278 2156 1308 de-

1203 1321 1323 1350 mentiae
1332 1339 1340 1353 ,
1353 1320 1489 1350 libidinis
1499 1341 1507 1354 ,
1523 1321 1719 1352 crudelitatis.
1753 1324 1824 1351 Haec
1833 1322 1907 1352 duni
1919 1322 2048 1351 breviter
2060 1330 2156 1360 expo-

1203 1371 1244 1390 no
1255 1380 1264 1394 ,
1283 1362 1383 1403 quaeso
1393 1381 1402 1395 ‚
1423 1371 1456 1391 ut
1469 1361 1580 1392 fecistis
1590 1363 1684 1393 adhuc
1695 1383 1703 1396 ‚
1725 1363 1882 1404 diligenter
1899 1362 2052 1393 attendite.
2074 1364 2158 1392 Rern·

1203 1404 1339 1433 navalem
1349 1402 1487 1443 primum
1499 1406 1537 1434 ita
1546 1404 1614 1434 dico
1625 1403 1682 1434 efi'e
1692 1404 1927 1435 administratam
1937 1425 1948 1438 ‚
1957 1414 2021 1434 non
2031 1406 2076 1434 uti
2087 1413 2158 1444 pro-

1202 1446 1301 1474 vincia
1312 1441 1520 1475 detenderetur
1529 1467 1537 1479 ,
1559 1446 1606 1476 sed
1619 1455 1650 1476 ut
1658 1446 1745 1485 claffis
1761 1448 1870 1476 nomine
1877 1448 2003 1486 pecunia
2011 1454 2158 1486 quaerere-

1203 1495 1258 1516 tur.
1280 1489 1472 1526 Superiorum
1483 1497 1644 1527 praetorum
1655 1489 1842 1519 consuetudo
1851 1498 1921 1518 cum
1932 1489 1993 1517 liaec
2003 1485 2113 1520 millet,
2124 1495 2158 1516 ut

1202 1537 1292 1558 naves
1307 1529 1478 1558 civitatibus
1487 1530 1642 1570 certusque
1651 1540 1793 1560 numerus
1804 1539 1961 1560 nautarum
1973 1550 1982 1562 ‚
2004 1529 2158 1559 militum-

1202 1579 1260 1610 que
1270 1571 1463 1610 imperaretur
1472 1591 1480 1603 ,
1503 1573 1644 1601 maximae
1656 1592 1665 1605 ‚
1681 1572 1714 1601 ὃς
1724 1570 1958 1612 locupletiffimae
1967 1572 2083 1600 Civitati
2091 1572 2158 1600 Ma-

1205 1613 1341 1642 mertinae
1351 1613 1428 1641 nihil
1439 1614 1548 1642 horum
1560 1612 1754 1653 imperavisti.
1778 1615 1818 1643 ob
1827 1623 1917 1654 quam
1927 1622 1990 1643 rem
2010 1612 2082 1653 quid
2101 1611 2157 1641 tibi

1207 1655 1379 1684 Mamertini
1388 1654 1466 1684 clam
1474 1654 1762 1695 dederintpecuuiae,
1774 1654 1840 1695 post
1850 1655 2015 1685 videbitur.
2031 1663 2069 1683 ex
2078 1654 2160 1693 ipso·
2171 1655 2182 1662 '

1204 1704 1272 1724 rum
1291 1696 1397 1725 litteris
1405 1715 1413 1730 ,
1435 1696 1468 1726 &
1479 1695 1600 1726 testibus
1617 1707 1796 1737 quaeremus.
1819 1706 1928 1726 navem
1944 1694 2016 1726 verb
2027 1695 2159 1734 Cybeam

1204 1739 1370 1766 maximam
1380 1757 1388 1770 ,
1401 1737 1630 1768 triremisinstar
1638 1758 1646 1772 ‚
1659 1740 1891 1778 pulcherrimam
1900 1758 1908 1771 ,
1919 1746 2006 1777 atque
2014 1735 2163 1766 ornatissi-

1205 1788 1287 1807 mam
1299 1798 1308 1811 ‚
1319 1779 1417 1818 palam
1427 1778 1602 1810 aedificatam
1613 1781 1711 1810 sumtu
1720 1781 1857 1821 publico,
1869 1780 1978 1809 sciente
1986 1780 2096 1812 Sicilia,
2106 1787 2159 1818 pei·

1204 1819 1407 1859 magistiatum
1417 1841 1426 1854 ,
1436 1821 1631 1862 senatumque
1640 1824 1858 1852 Mamertinum
1870 1821 1925 1851 tibi
1935 1821 2032 1851 datam
2043 1839 2052 1853 ‚
2062 1820 2158 1850 dona-

1205 1869 1325 1901 tamque
1337 1860 1395 1891 effe
1408 1862 1487 1892 dico.
1518 1863 1580 1893 haec
1587 1865 1673 1894 navis
1685 1862 1790 1894 onusta
1799 1864 1894 1903 praeda
1903 1861 2048 1893 Siciliensi
2059 1882 2069 1895 ›
2085 1871 2157 1892 cum

1205 1903 1264 1942 ipsa
1274 1913 1393 1944 quoque
1404 1903 1475 1934 esset
1484 1914 1521 1934 ex
1530 1905 1627 1944 piaeda
1635 1925 1642 1939 ‚
1655 1904 1742 1935 simul
1753 1904 1816 1934 cam
1825 1904 1872 1941 iste
1879 1905 2014 1934 decederet
2022 1924 2029 1937 ‚
2040 1903 2159 1944 appulsa
2175 1941 2180 1944 .

1205 1945 1323 1975 Veliam
1334 1944 1392 1979 est,
1406 1956 1477 1976 cum
1486 1947 1627 1986 plurimis
1637 1948 1726 1977 rebus
1736 1967 1744 1980 ,
1756 1947 1788 1977 δε
1799 1957 1834 1976 iis
1843 1967 1851 1981 ‚
1863 1956 1933 1987 quas
1944 1955 2011 1976 ante
2021 1948 2155 1976 Romam

1204 1988 1322 2016 mittere
1331 1986 1403 2017 curn
1410 1990 1515 2018 ceteris
1524 1987 1610 2018 furtis
1620 1989 1731 2022 noluit,
1742 1988 1823 2030 quod
1835 1997 1915 2018 erant
1924 1986 2087 2020 cariffimae‚
2093 1997 2158 2017 ma-
2176 2028 2179 2030 .

1203 2030 1344 2069 ximeque
1353 2039 1425 2059 eum
1435 2029 1631 2060 dele6tabant.
1653 2033 1728 2061 Eam
1737 2041 1845 2060 navem
1857 2039 1951 2070 nuper
1965 2039 2085 2070 egomet
2094 2028 2158 2058 vidi

1204 2071 1298 2100 Veliae
1309 2091 1318 2104 ,
1332 2072 1479 2113 multique
1488 2072 1540 2101 alii
1550 2072 1704 2106 viderunt,
1715 2073 1948 2112 pulcherrimam
1958 2091 1966 2105 ‚
1976 2081 2060 2111 atque
2069 2080 2158 2101 orna-

1205 2110 1343 2142 tissimam
1356 2133 1365 2146 ‚
1376 2114 1505 2152 judices.
1527 2123 1593 2154 quae
1601 2114 1725 2154 quidem
1736 2114 1881 2143 omnibus
1891 2134 1899 2146 ,
1917 2115 1970 2153 qui
1981 2123 2046 2142 eam
2055 2111 2157 2152 adspe-

1204 2163 1324 2187 xerant,
1339 2154 1523 2194 prospefflfflre
1529 2157 1593 2195 jam
1604 2156 1753 2186 exliilium
1766 2175 1774 2188 ‚
1793 2165 1878 2195 atque
1888 2156 2042 2194 explorare
2051 2154 2157 2195 fugam

1205 2195 1326 2225 domini
1344 2196 1508 2226 videbatur.
1538 2196 1620 2237 Qijd
1632 2198 1709 2226 mihi
1724 2198 1780 2226 hoc
1791 2197 1859 2226 loco
1869 2196 2081 2236 respondebis?
2100 2193 2154 2225 nisi

1203 2235 1280 2266 forte
1292 2237 1322 2267 id
1332 2257 1340 2270 ,
1359 2237 1441 2278 quod
1458 2238 1570 2267 tametsi
1588 2238 1704 2277 probari
1715 2239 1801 2268 nulio
1811 2237 1906 2267 modo
1915 2236 2010 2277 potest
2020 2257 2028 2271 ,
2054 2246 2156 2267 tamen

1203 2277 1262 2307 dici
1276 2279 1401 2318 quidem
1410 2281 1444 2309 in
1461 2279 1573 2318 judicio
1589 2280 1625 2309 de
1641 2282 1777 2319 pecuniis
1787 2279 1958 2319 repetundis
1968 2277 2081 2309 necess'e
2092 2278 2134 2309 est
2144 2297 2154 2312 ,

1203 2323 1220 2346 4
1229 2320 1260 2348 de
1270 2327 1321 2348 tua
1328 2321 1446 2360 pecunia
1455 2320 1587 2350 constare
1597 2320 1770 2351 aedificatam
1782 2320 1838 2351 efl‘e
1852 2331 1918 2351 eam
1932 2323 2046 2351 navim.
2069 2320 2156 2350 Aude

1203 2362 1261 2390 hoc
1271 2361 1372 2391 saltem
1382 2362 1481 2391 dicere
1491 2381 1499 2395 ,
1520 2362 1601 2403 quod
1621 2361 1733 2392 necesse
1751 2362 1803 2393 est.
1827 2364 1892 2393 noli
1904 2371 2035 2393 metuere
2045 2383 2053 2397 ,
2073 2365 2156 2392 Hor-

1205 2400 1277 2431 tensi
1287 2422 1295 2436 ,
1314 2413 1352 2432 ne
1367 2413 1495 2444 quaeram
1507 2423 1515 2437 ,
1540 2403 1592 2444 qui
1607 2405 1723 2434 licuerit
1736 2403 1881 2434 aedificai·e
1894 2414 2004 2434 navem
2017 2405 2152 2435 senatori.

1203 2446 1331 2484 antiquae
1344 2445 1412 2474 sunt
1421 2444 1482 2475 istae
1493 2446 1571 2485 leges
1583 2465 1590 2478 ,
1608 2446 1639 2476 &
1650 2454 1762 2475 mortim
1771 2467 1778 2480 ‚
1797 2446 2056 2486 quemadmodum
2066 2454 2098 2476 tu
2109 2445 2156 2475 so-

1204 2486 1245 2514 les
1259 2486 1366 2520 dicere,
1380 2497 1445 2527 quae
1454 2496 1564 2517 vetant.
1589 2491 1601 2514 5
1611 2490 1680 2518 Fuit
1690 2487 1741 2518 ista
1750 2488 1912 2528 respublica
1920 2488 2087 2528 quondam,
2097 2487 2158 2517 fuit

1203 2525 1255 2556 ista
1265 2528 1402 2559 severitas
1420 2531 1451 2558 i'n
1470 2529 1591 2568 judiciis
1603 2549 1611 2562 ‚
1629 2529 1755 2559 mistim
1767 2539 1830 2559 rem
1841 2530 2028 2560 accusatorin
2039 2530 2157 2570 magnis
2203 2556 2207 2559 .
2253 2523 2254 2526 ¹

1200 2569 1379 2599 criminibus
1400 2571 1602 2609 objiciendam
1624 2579 1746 2610 putaret.
1778 2568 1795 2590 ⁶
1804 2572 1885 2611 Qid
1904 2573 1987 2600 enim
2006 2571 2063 2601 tibi
2081 2579 2156 2600 nave

1199 2619 1274 2649 opus
1284 2610 1361 2642 fuit?
1379 2614 1430 2652 qui
1442 2610 1524 2652 siquo
1535 2612 1653 2652 publice¹
1664 2611 1887 2652 proficiscereris
1895 2633 1903 2646 ,
1928 2612 1961 2642 δε
1969 2611 2093 2652 praesidii
2102 2631 2111 2645 ,
2122 2611 2156 2641 δε

1200 2652 1326 2682 verim-ae
1335 2654 1419 2683 causa
1429 2673 1437 2686 ‚
1453 2654 1553 2684 sumtu
1563 2654 1687 2693 publico
1699 2657 1814 2695 navigia
1821 2654 2023 2693 praeberentur
2034 2664 2040 2683 1
2059 2655 2156 2694 priva-

1200 2695 1255 2723 tim
1267 2704 1367 2724 autem
1378 2705 1434 2725 nec
1443 2695 1589 2734 proficisci
1601 2705 1754 2736 quoquam
1768 2705 1851 2735 potes
1860 2715 1868 2729 ‚
1890 2705 1945 2726 nec
1962 2694 2098 2726 arcessere
2110 2703 2157 2724 res

1200 2736 1406 2767 transmarinas
1417 2746 1454 2766 ex
1464 2739 1501 2767 iis
1511 2738 1596 2771 locis²
1608 2747 1641 2767 in
1650 2738 1757 2778 quibus
1768 2737 1823 2768 tibi
1833 2736 1930 2766 habere
1938 2757 1946 2772 ,
1959 2737 2076 2767 mercari
2085 2735 2158 2765 nihil

1641 2783 1646 2788 '
2078 2779 2159 2813 licet,

247 2857 256 2873 1
264 2868 270 2873 .
287 2851 336 2882 Jm
344 2849 453 2882 imaginis
463 2849 496 2874 ad
503 2852 634 2875 memoriam
646 2870 653 2882 ‚
663 2851 730 2885 (ly-a]
748 2849 828 2877 Haud
839 2850 917 2877 aliter
928 2850 1034 2877 Nonius
1045 2850 1160 2876 Mai-cel-

207 2883 261 2910 liis.
280 2885 352 2919 prius
362 2883 427 2910 editi
439 2886 495 2919 ‚jur
504 2888 616 2919 imagines
627 2887 659 2911 ad
666 2888 718 2917 (lic.

245 2927 274 2944 ι.
293 2920 480 2953 Judiriopopuii,
490 2924 516 2946 in
525 2923 568 2946 loro
574 2923 645 2954 paſsm
654 2923 694 2953 effe
704 2922 844 2956 videatur]
857 2921 983 2957 Vulgata,
990 2922 1079 2956 judicio
1086 2924 1165 2954 populi·

208 2955 272 2988 ligno
281 2957 306 2980 in
315 2957 368 2980 luco.
388 2955 430 2981 sed
440 2955 535 2983 induxi
545 2956 613 2983 iilud
623 2958 686 2991 digno
698 2977 705 2990 ‚
725 2957 852 2994 nusquam
863 2959 890 2985 in
902 2957 963 2984 edd.
975 2957 1106 2984 veteribus
1117 2966 1161 2983 aut

208 2991 368 3017 membranis
379 2990 512 3027 scriptum.

246 3034 273 3061 3.
291 3027 463 3060 <Adfi1mmam
466 3029 620 3062 stulmiam]
632 3029 721 3056 Vei-ris
731 3029 840 3056 scilicet.
861 3029 910 3056 hoc
918 3039 988 3066 pono
1000 3049 1008 3062 ,
1027 3029 1088 3066 quia
1099 3029 1159 3056 Ho-

208 3067 316 3088 tomano
328 3062 398 3090 locus
409 3070 515 3098 putatus
527 3063 704 3091 dete-Eiuol'us.

242 3105 271 3130 4.
290 3101 323 3124 De
331 3105 374 3123 tua
383 3102 481 3130 pecunia
491 3101 591 3131 constare
601 3100 698 3134 aedific.]
719 3100 814 3127 Lamb.
826 3101 935 3128 adnotat
947 3110 1036 3128 vocem
1047 3103 1161 3133 constare,

204 3132 290 3162 abesse
298 3133 422 3163 omnibus
432 3134 506 3164 libi-is
519 3142 583 3164 vett.
594 3134 688 3164 uest-io.
710 3138 731 3165 C
736 3137 802 3173 iijac.
815 3147 868 3167 non
874 3137 965 3167 habet.
977 3138 1062 3167 exstat
1073 3144 1162 3167 tamen

1204 2851 1230 2876 iii
1243 2850 1310 2876 Pau.
1323 2852 1350 2876 &
1359 2850 1425 2876 ‘olini
1437 2850 1496 2876 edd.
1511 2850 1640 2877 Gulielm.
1652 2850 1731 2877 etiam
1742 2849 1851 2876 delevit.
1863 2859 1914 2885 ego
1925 2859 1966 2876 nie
1976 2857 2054 2877 teneo
2064 2849 2158 2876 adhuc.

1242 2895 1267 2919 5.
1288 2889 1342 2911 Fuit
1351 2889 1395 2919 ssa
1406 2888 1534 2919 respublica
1543 2887 1658 2921 quondam
1667 2887 1733 2919 ὡς]
1753 2885 1824 2912 istud
1845 2886 1924 2911 malui
1939 2906 1948 2918 ‚
1965 2888 2045 2921 quam
2065 2886 2158 2921 vulga-

1204 2928 1230 2947 tu
1236 2931 1260 2948 iii
1273 2941 1280 2952 ‚
1292 2924 1427 2955 reprehensio
1436 2924 1551 2955 quondam
1563 2941 1570 2953 ,
1582 2931 1663 2956 nuper
1673 2921 1815 2948 admodum
1827 2928 1928 2947 natum.
1950 2922 2044 2958 quippe
2055 2928 2158 2958 tempo·-

1205 2959 1257 2983 rius
1270 2959 1320 2984 culi
1332 2959 1453 2992 responfim
1464 2957 1534 2993 quod
1545 2958 1571 2983 δε
1583 2958 1609 2984 in
1622 2957 1688 2983 Pali.
1701 2957 1805 2988 nostris,
1817 2958 1896 2984 etiam
1909 2957 1994 2984 minus
2006 2956 2155 2984 absurdum.

1205 2994 1348 3020 Lambinus
1369 2994 1471 3020 monuit
1482 2994 1507 3020 iii
1520 2993 1689 3019 Memiiiiaiiis
1709 2993 1784 3019 sinist
1804 2995 1863 3026 resp.
1875 2997 1958 3018 remia.
1978 2993 2047 3019 unde
2059 2993 2158 3020 foi-mut

1204 3030 1377 3061 Guiieiiiiius,
1389 3032 1533 3062 resprmio.
1552 3038 1609 3055 mea
1619 3028 1745 3064 scriptura
1757 3029 1928 3055 confirmatur
1940 3029 1990 3055 illo
1999 3029 2087 3056 infra:
2108 3030 2156 3056 Va-

1201 3064 1257 3090 leret
1268 3068 1304 3091 ἕως
1314 3069 1400 3091 crimen
1409 3069 1434 3091 i'n
1442 3066 1484 3090 illa
1493 3066 1700 3098 veterifi’weritate
1710 3074 1737 3090 ac
1745 3065 1859 3098 dignitate
1869 3068 1926 3098 reip.

1241 3103 1268 3128 6.
1287 3103 1351 3134 ,Qai
1360 3111 1419 3127 cmm
1428 3103 1472 3126 tihi
1479 3109 1542 3126 nave
1551 3102 1660 3134 opinfuit
1671 3102 1695 3134 ἱ]
1716 3101 1874 3131 Cui-ieiunus
1883 3100 1989 3129 brevius
2000 3111 2007 3129 :
2027 3101 2093 3134 Qid
2098 3101 2158 3126 enim

1203 3138 1246 3165 tibi
1255 3141 1338 3166 navim
1349 3142 1359 3166 ,ἓ
1369 3138 1396 3166 &
1406 3136 1531 3175 profecito
1540 3139 1596 3166 lere
1608 3136 1750 3174 perplacet.
2051 3172 2158 3207 Pustm

2018 3181 2043 3201 Ι.
