2297 3389
615 131 930 181 ORATio
988 148 1124 182 PRO
1184 135 1237 181 L.
1286 134 1662 185 Munatium

125 236 128 238 ψ
155 213 307 245 honorem
318 208 464 252 dispositis
473 227 483 244 2
503 213 578 239 non'
592 206 629 238 de
642 206 729 238 infita
741 208 885 251 cujusque
893 211 1005 240 virtute
1017 209 1119 250 dispu-

157 264 202 286 to.
225 256 338 285 Omnia
353 252 407 283 ista
420 251 508 281 nobis
525 249 621 281 studia
636 250 674 280 de
689 251 830 281 manibus
843 253 1058 285 excutiuntur,
1079 251 1116 281 sl—

1172 209 1214 262 {et
1222 228 1230 244 2
1243 219 1300 250 qua
1311 210 1427 243 effracta
1437 231 1446 246 2
1459 211 1492 243 Sc
1500 213 1613 246 revulsa
1624 233 1633 248 2
1647 221 1706 245 tota
1713 220 1825 255 pateret
1833 215 1990 255 provincia
2002 227 2008 246 e
2023 219 2124 258 pei-fc-

1144 224 1152 299 Ι
1170 262 1215 282 ota
1227 252 1262 282 ab
1274 254 1405 285 Lucullo
1416 255 1478 285 haec
1487 255 1555 286 sunt
1563 257 1683 287 omnia:
1695 265 1728 288 ut
1738 256 1806 287 urbs
1817 256 2061 290 fidelislimoinrn
2074 261 2122 290 so-

156 297 315 337 mulatque
323 295 429 335 aliquis
441 300 541 322 motus
551 301 650 322 novus
666 292 812 323 bellicum
825 302 928 323 canere
941 294 1041 332 coepit.
1065 296 1119 323 Ets
1143 302 1146 328 J
1169 303 1286 324 ciorum
1297 295 1523 332 defenderetur,
1545 307 1578 328 ut
1586 308 1695 329 omnes
1705 301 1797 338 copiae
1817 301 1894 336 regis
1910 319 1919 333 ‚
1943 305 1958 326 7
1968 301 2123 332 diuturni—

155 341 255 372 enim‚
267 338 348 368 utait
361 334 535 376 ingeniosus
545 335 646 373 poeta,
661 333 694 364 85
704 334 809 365 auctor
818 334 904 365 valde
915 333 1025 367 bonus,
1037 343 1117 373 proc·
1141 334 1145 352 l
1168 342 1224 363 tate
1233 335 1397 367 oblidionis
1407 339 1664 370 confirmerentur.
1683 340 1764 380 Qid
1777 343 1785 369 “r
1799 332 1879 372 illain
1892 352 2022 384 pugnam
2031 354 2121 374 nava-

156 381 210 410 ]iis
216 378 415 420 promulgatis
427 397 435 410 ,
447 377 562 421 pellitur
573 374 586 404 ἓ
595 375 685 405 medio
694 386 758 406 non
768 376 867 407 solum
878 375 932 406 ista
941 375 1035 406 vestm
1045 385 1112 406 ver-

157 421 229 454 bosa
245 418 396 450 simulatio
415 418 580 458 prudentiae
591 438 599 451 ,
621 418 668 448 sed
686 419 776 448 etiam
789 419 849 459 ipsa
867 418 920 448 illa
932 416 1058 448 domina
1070 427 1117 447 re-

157 462 247 495 xum;
258 461 423 503 sapientia:
438 461 472 489 ω’
484 460 597 501 geritur
615 470 664 489 res.
687 460 835 501 Spernitur
853 467 964 494 orator,
982 470 1047 490 non
1067 460 1115 490 so-

156 503 226 534 lum
235 503 358 533 odiosus
371 504 403 532 in
419 501 548 532 dicendo
560 523 568 536 ‚
588 512 621 533 ac
639 502 752 543 loquax
763 522 773 536 ‚
792 501 902 533 verum
912 503 1005 533 etiam
1015 500 1111 531 benus.-

154 544 282 574 horria'us
291 544 370 574 miles
379 552 505 574 amatur.
528 543 670 574 Vestrum
684 542 757 574 vero
771 543 906 574 studium
919 553 1019 574 totum
1030 544 1114 584 jacet.

1140 392 1143 402 2
1167 374 1228 404 lem
1239 377 1274 405 ad
1285 379 1446 414 Tenedum
1456 401 1462 413 2
1476 391 1546 411 cum
1556 391 1701 412 contento
1711 382 1794 413 cursu
1807 403 1816 417 ,
1830 385 1982 415 acerrimis
1991 384 2119 418 ducibus,

1139 403 1143 435 l

1165 416 1413 465 hollniro-classis
1431 423 1548 453 Italiam
1566 424 1614 462 spe
1635 433 1721 465 atque
1743 427 1855 455 animis
1876 429 1906 456 in
1913 425 1977 457 flata
1993 437 2118 466 peteret:

1166 458 1312 508 mediocri
1324 465 1486 506 certamine
1497 484 1505 497 ‚
1528 465 1560 494 δε
1571 475 1656 505 parva
1665 468 1862 497 dimicatione
1872 468 2063 500 commistam
2072 480 2120 500 ar·

1166 498 1294 546 bii-raris?
1303 504 1394 532 Mitto
1404 506 1661 545 proeliarprrcteieo
1673 511 1910 549 oppugnationes
1922 511 2117 551 oppidorum.

1165 542 1296 582 expulsat
1305 553 1384 583 regno
1396 545 1516 575 tandem
1533 548 1694 588 aliquando
1704 570 1712 583 2
1734 558 1851 581 tantum
1864 561 1965 582 tamen
1975 552 2114 587 consilio,

155 588 223 616 Non
234 587 338 625 cxjure
345 596 462 615 manum
470 587 625 626 consertum
638 607 646 619 ,
660 586 710 626 sed
721 597 802 627 mage
809 587 885 626 ferro
895 606 904 620 ‚
919 587 1037 627 inquit,
1056 596 1115 615 remi
1162 593 1249 624 atque
1262 584 1436 616 arroteritae
1449 588 1560 622 valuit,
1584 599 1615 619 ut
1633 591 1659 620 se
1669 610 1677 624 ,
1698 602 1764 632 rege
1774 597 1990 624 Armeniorum
2008 595 2117 635 adjun-

151 635 292 669 repetunt.
314 628 407 667 Qod
419 627 439 658 si
460 631 502 658 ita
512 628 554 658 est
565 649 573 662 ,
592 628 676 659 cedat
685 648 694 662 ,
714 631 825 669 opinor
833 648 842 662 ‚
858 628 972 667 Sulpici
981 647 990 660 ‚
1009 627 1110 657 forum

156 669 258 700 castris
268 690 277 705 ‚
289 673 388 701 otium
399 671 518 701 militiae
528 690 536 704 ,
551 670 635 700 stilus
643 670 744 712 gladio
755 690 764 704 ,
777 670 885 700 umbra
896 670 966 699 soli:
980 667 1014 699 sit
1023 668 1112 698 deni—

152 714 255 753 quein
264 714 383 743 civitate
404 717 414 733 ¹
426 724 459 743 ea
467 715 564 753 prima
574 723 618 742 res
629 733 638 746 ‚
650 721 771 752 propter
779 721 869 752 quam
880 711 941 750 ipsa
951 709 994 755 est
1005 712 1109 741 civitas

151 756 298 784 omnium
312 757 460 795 princeps.
484 753 599 784 Verum
616 755 698 787 haec,
718 755 811 787 Cato,
830 751 969 783 nimium
983 762 1039 782 nos
1053 763 1112 782 no-

152 794 220 826 stris
230 796 328 826 verbis
338 807 444 839 magna
456 796 551 826 facere
560 794 746 825 demonstrat
762 805 767 824 :
785 795 818 825 δε
829 795 942 825 oblitos
952 792 1009 824 effe
1018 815 1027 828 ,
1046 794 1110 825 bel—

151 837 219 867 lum
239 838 316 869 illud
335 849 428 869 omne
449 838 690 867 Mithridaticum
713 846 779 865 cum
796 836 966 866 mulierculis
984 835 1042 866 effe
1060 847 1110 878 ge-

150 878 245 910 stum⁴
268 880 350 921 quod
361 890 416 920 ego
427 879 517 920 long-'3
528 879 610 909 secus
623 877 767 908 existimo
776 898 786 912 ³
805 878 940 918 judices:
959 878 1055 920 deque
1066 889 1104 909 eo

149 931 242 962 pauca
250 921 397 952 differam.
409 931 505 962 neque
514 922 597 950 enim
607 920 692 951 causa
702 922 735 950 in
747 921 804 950 hoc
811 922 993 951 continetur.
1007 923 1086 951 Nam
1093 941 1101 954 ‚

149 962 174 993 si
184 965 290 993 omnia
299 963 375 993 bella
388 983 396 996 ‚
413 973 481 1004 quae
496 973 566 993 cum
579 965 692 992 Graecis
705 961 845 1003 geffimus
855 982 864 996 ,
883 963 1107 993 contemnentia

150 1005 238 1036 sunt:
255 1004 422 1035 derideatur
438 1006 474 1035 de
493 1015 558 1046 rege
569 1005 681 1046 Pyrrho
698 1005 869 1045 triumphus
891 1006 933 1034 M.
945 1006 1045 1034 Curii:
1069 1004 1106 1034 de
1130 1010 1133 1023 ⁷

147 1047 309 1087 Philippo,
331 1050 369 1077 T.
386 1048 568 1077 Flaminini:
586 1046 622 1076 de
636 1046 747 1077 AEtolis
760 1066 768 1081 ,
789 1049 833 1076 M.
847 1047 963 1077 Fulvii:
983 1046 1019 1077 de
1039 1056 1106 1088 rege

148 1088 233 1121 Perse
243 1110 251 1122 ‚
273 1091 307 1119 L.
321 1090 416 1120 Paulli
428 1100 433 1118 t
446 1089 483 1119 de
495 1088 749 1129 Pseudophilippo
761 1108 769 1123 ,
788 1089 957 1130 QMetelli
970 1099 977 1119 ε
999 1088 1035 1119 de
1046 1091 1107 1118 Co-

144 1131 289 1164 rinthiis,
310 1133 345 1161 L.
357 1133 516 1161 Mummii.
539 1129 582 1161 fin
601 1132 664 1160 haec
680 1130 777 1164 bella,
796 1129 983 1172 graviffima,
1002 1129 1104 1160 vi&o—

145 1173 259 1214 riaequc
268 1183 374 1203 eorum
385 1174 538 1204 bellorum
549 1193 558 1207 ‚
570 1171 744 1214 graviffimae
754 1172 879 1202 fuerunt
890 1183 896 1202 :
910 1183 964 1203 cur
972 1171 1103 1203 Afiaticae

145 1217 285 1245 nationes
296 1235 304 1249 ‚
323 1224 411 1256 atque
420 1217 473 1245 ille
483 1216 499 1245 ὲ
509 1224 537 1245 te
549 1214 641 1245 hostis
649 1216 857 1244 contemnitur
868 1217 880 1244 ?
901 1217 993 1255 Atqui
1003 1224 1042 1244 ex
1052 1224 1105 1244 ve-

145 1264 246 1286 terum
263 1267 362 1287 rerum
383 1259 594 1288 monumentis
605 1276 614 1290 ,
633 1257 682 1286 vel
692 1258 866 1286 maximum
877 1256 992 1286 bellum
1007 1266 1104 1297 popu-

142 1297 211 1328 lum
222 1301 318 1329 Rom.
329 1309 400 1330 cum
412 1300 566 1330 Antiocho
580 1296 691 1340 geffiffe
700 1298 790 1328 video
801 1310 810 1333 ς
829 1299 914 1338 cujus
925 1298 1106 1329 bellivi&or

144 1343 161 1361 ²
173 1342 208 1370 L.
218 1342 319 1381 Scipio
330 1361 338 1375 ,
356 1351 438 1381 parta
447 1351 517 1371 cum
529 1341 638 1371 Publio
651 1339 739 1370 fratre
747 1340 844 1381 gloria
854 1361 862 1373 ,
879 1350 970 1381 quam
981 1340 1102 1370 laudem

143 1382 198 1412 ille
209 1402 218 1415 ,
232 1383 328 1412 Africa
336 1381 470 1423 opprefla
478 1403 486 1417 ‚
500 1383 688 1422 cognomine
697 1382 762 1421 ipso
772 1392 832 1422 prae.
845 1383 872 1412 se
881 1382 995 1412 ferebat
1003 1402 1012 1416 ‚
1029 1392 1100 1412 ean-

144 1423 216 1454 dem
235 1425 286 1454 hic
305 1422 359 1454 fibi
373 1434 413 1455 ex
428 1424 503 1455 Afiae
524 1425 654 1454 nomine
671 1422 814 1454 ass'umfit.
837 1425 908 1466 Qo
924 1423 1051 1465 quidem
1069 1426 1102 1454 in

143 1465 228 1496 bello
246 1467 339 1496 virtus
357 1468 470 1497 enituit
486 1468 605 1508 egregia
617 1468 660 1496 M.
673 1467 815 1500 Catonis,
835 1469 940 1506 proavi
961 1468 1017 1496 tui.
1039 1464 1101 1507 quo

140 1507 196 1537 ille
206 1527 215 1541 ,
231 1517 327 1549 quum
337 1507 409 1539 efl'et
419 1529 428 1543 ‚
443 1513 456 1537 3
468 1518 500 1539 ut
508 1518 565 1550 ego
576 1509 653 1538 mihi
665 1507 762 1538 statuo
771 1528 779 1542 ,
791 1508 856 1538 talis
867 1527 876 1542 ‚
891 1508 1011 1549 qualem
1022 1517 1050 1538 te
1059 1508 1104 1538 es—

139 1549 172 1579 se
181 1549 272 1580 video
282 1569 291 1584 ‚
310 1560 478 1591 numquam
491 1561 562 1581 cum
573 1551 715 1590 Scipione
724 1548 797 1580 effet
805 1549 959 1591 profectus
969 1569 978 1584 ,
998 1548 1020 1579 fi
1029 1560 1100 1580 cum

142 1591 332 1622 mulierculis
350 1591 507 1622 bellandum
524 1590 582 1622 efl'e
600 1592 800 1623 arbitraretur.
823 1594 933 1632 Neque
942 1591 1015 1622 vero
1027 1591 1101 1622 cum
1116 1616 1118 1618 .

139 1634 173 1663 P.
184 1633 329 1664 Africano
339 1635 456 1666 senatus
468 1632 589 1676 egisset,
605 1641 641 1663 ut
654 1633 862 1675 legarusftatri
870 1633 1102 1675 proficzfieretur:

140 1673 286 1716 cumipse
296 1695 305 1710 ‚
327 1678 431 1716 paullo
447 1686 515 1708 ante
526 1696 535 1710 ‚
558 1677 730 1707 Hannibale
745 1686 784 1706 ex
794 1676 878 1707 Ita-lia
892 1676 1021 1717 expulso
1031 1696 1039 1709 ‚
1059 1685 1100 1706 ex
1113 1713 1115 1717 ,

141 1716 243 1748 Africa
259 1717 357 1756 eje-&o
376 1738 385 1753 ‚
410 1720 591 1761 Karthagine
610 1716 744 1759 oppressa
762 1738 772 1753 ‚
794 1719 941 1749 maximis
958 1718 1101 1758 periculis

141 1768 239 1799 remp.
254 1760 451 1796 liberavisset,
468 1760 527 1792 nisi
544 1760 621 1791 illud
636 1770 723 1802 grave
738 1759 853 1790 bellum
865 1780 874 1794 ‚
893 1759 1102 1790 &vehemens

75 1805 95 1841 'g
104 1814 124 1846 5
140 1810 302 1841 putaretur.
324 1805 438 1844 Atqui,
455 1802 475 1833 si
485 1803 660 1848 diligenter,
673 1802 747 1844 quid
756 1801 947 1833 Mithridates
957 1804 1100 1842 potuerit,

145 1842 179 1873 &
188 1843 260 1884 quid
269 1842 400 1875 effecerit
409 1864 418 1879 ‚
437 1846 470 1875 δε
478 1847 532 1887 qui
543 1847 688 1875 virtuerit
699 1865 708 1878 ‚
725 1843 918 1875 confideraris
930 1855 936 1874 t
952 1844 1101 1874 omnibus

141 1885 262 1926 regibus
272 1905 281 1919 ,
300 1887 480 1927 quibuscum
495 1887 625 1927 populus
636 1889 731 1917 Rom.
741 1886 858 1916 bellum
867 1884 950 1928 geffit
959 1906 967 1920 ‚
990 1890 1008 1913 4
1017 1887 1098 1916 hunc

138 1936 242 1968 regem
257 1929 405 1958 nimirum
418 1938 592 1968 antepones.
616 1938 708 1969 quern
721 1930 754 1958 L.
766 1929 846 1958 Sulla
856 1948 866 1962 ,
885 1930 1044 1961 maximo,
1063 1928 1098 1958 δε

141 1967 310 1999 fortiflimo
318 1971 451 2000 exercitu
461 1990 469 2003 ,
494 1974 508 1998 5
515 1979 614 2011 pugna
623 1972 790 2000 excitatum
801 1989 810 2003 ‚
832 1978 898 1999 non
907 1969 990 1999 rudis
999 1971 1099 2009 impe-

138 2019 238 2044 rator,
255 2012 377 2041 utaliud
389 2013 468 2042 nihil
482 2012 579 2042 dicam
591 2031 599 2046 ‚
614 2021 686 2042 eum
696 2010 779 2041 bello
787 2010 948 2040 invectum
959 2019 1054 2040 toram
1064 2013 1097 2040 in

140 2051 241 2082 Asiam
250 2073 259 2086 ‚
272 2063 344 2083 cum
352 2063 422 2094 pace
431 2052 546 2084 dimifit
557 2064 562 2082 :
575 2063 668 2094 quem
679 2055 714 2083 L.
727 2055 862 2082 Muraena
873 2072 882 2085 ‚
902 2061 983 2093 pater
991 2052 1097 2090 huius-

136 2103 172 2124 ce
183 2114 191 2128 ,
202 2094 477 2129 vehementissime,
486 2094 772 2137 vigilantiffimeque
781 2103 922 2125 vexatum
933 2114 941 2127 ‚
952 2093 1097 2136 repreſjiom

137 2139 248 2178 magna
257 2147 296 2167 ex
305 2145 401 2177 parte,
422 2147 485 2168 non
495 2136 645 2179 opprefflm
657 2137 779 2178 reliquit
792 2147 797 2166 :
816 2145 867 2177 qui
882 2145 936 2166 rex
947 2155 955 2169 ,
973 2134 1028 2166 fibi
1040 2137 1096 2166 ali—

138 2187 215 2220 quot
223 2180 300 2208 annis
308 2180 415 2210 i‘umtis
424 2179 458 2210 ad
466 2178 689 2210 confirmandas
700 2181 841 2211 rationes,
855 2178 888 2207 ὃς
898 2180 1000 2217 copias
1009 2177 1091 2211 belli,

137 2228 256 2251 tantum
275 2222 337 2261 ipse
354 2221 463 2261 opibus
474 2240 482 2255 ‚
500 2230 670 2262 conatuque
685 2221 829 2254 invaluit,
850 2228 883 2250 ut
896 2219 926 2250 se
938 2222 1093 2250 Oceanum

134 2272 209 2293 cum
217 2265 316 2293 Ponto
326 2283 335 2297 ‚
355 2265 477 2293 Sertorii
494 2266 595 2304 copias
606 2271 678 2293 cum
687 2263 746 2292 suis
761 2261 1001 2301 conjunEturum
1011 2270 1096 2301 puta—

134 2313 188 2335 ret.
212 2304 259 2335 Ad
269 2304 352 2346 quod
362 2305 476 2335 bellum
487 2305 606 2336 duobus
615 2305 791 2335 consulibus
802 2305 841 2333 ita
853 2302 946 2333 miffis
956 2323 964 2336 ,
981 2312 1014 2334 ut
1025 2300 1040 2323 ⁶
1051 2304 1094 2333 al-

132 2354 179 2376 ter
188 2346 396 2377 Mithridatem
414 2348 655 2388 persequeretur,
672 2347 745 2377 alter
762 2347 936 2386 Bithyniam
953 2353 1093 2375 tueretur.

133 2388 255 2418 alterius
269 2398 314 2418 res
331 2389 366 2418 ὃς
388 2398 462 2420 terra
475 2409 484 2423 ‚
504 2390 537 2419 δε
551 2391 626 2419 mari
643 2387 811 2428 calamitosa
823 2406 831 2420 ‚
852 2388 1091 2418 vehementer&

133 2439 207 2470 opes
216 2432 311 2470 regis,
326 2430 359 2461 &
370 2440 486 2460 nomen
495 2439 659 2461 auxerunt:
683 2432 717 2460 L.
731 2429 854 2460 Luculli
863 2427 937 2459 vero
947 2439 993 2459 res
1002 2449 1010 2463 ,
1026 2439 1092 2460 tan÷

133 2479 173 2502 tae
182 2471 358 2502 exstiterunt
366 2492 375 2505 ‚
389 2481 423 2503 ut
433 2482 531 2514 neque
541 2474 638 2511 majus
650 2473 766 2503 bellum
775 2474 1010 2502 commemorari
1018 2472 1088 2512 pos-

131 2512 167 2544 [ιι
177 2534 186 2547 ‚
198 2523 295 2554 neque
305 2514 417 2554 majore
425 2514 553 2545 conlilio
563 2533 572 2548 ‚
589 2515 621 2545 &
631 2517 740 2545 virtute
749 2513 879 2555 gestum„
898 2516 980 2543 Nam
993 2534 1002 2547 ,
1017 2512 1089 2544 cum

131 2557 226 2586 totius
243 2559 374 2596 impetus
391 2556 464 2586 belli
480 2556 516 2587 ad
527 2559 752 2597 Cyzicenorum
770 2565 885 2585 moenia
898 2553 1088 2589 constitisset,

130 2607 259 2639 eamque
271 2597 376 2629 urbem
391 2597 444 2629 sibi
454 2599 643 2630 Mithridates
652 2598 731 2640 Asia
738 2599 859 2637 januam
876 2597 941 2628 fore
958 2598 1087 2637 putavis-

168 2709 179 2727 1
187 2721 193 2727 .
212 2704 336 2734 Eaprlma
346 2701 410 2735 res.]
432 2701 587 2732 Lambinus,
597 2711 625 2727 ea
634 2704 712 2734 prima
722 2710 776 2732 ars,
786 2709 883 2737 praeter
893 2701 976 2728 libros
986 2708 1086 2728 tamen.

165 2745 195 2763 2.
213 2739 409 2770 L.sc1‘piopaerta
419 2746 470 2762 cum
478 2741 509 2764 ¹1².
513 2739 593 2771 fratre
596 2739 673 2771 gloria
685 2757 693 2769 ‚
711 2738 778 2772 ἐγὼ]
800 2736 863 2764 Mss'.
882 2738 909 2764 &
924 2736 989 2764 editi
999 2747 1087 2771 quon-

128 2771 190 2799 dam
209 2773 309 2799 voculis
328 2773 429 2799 duabus
439 2774 572 2801 auctiores
584 2793 592 2806 ‚
611 2776 643 2800 L.
653 2776 902 2807 Scipiosiquaparta.
924 2773 1088 2810 habebatque

129 2810 158 2835 S.
168 2808 314 2844 Victor-issi
321 2811 478 2844 quapartha.
499 2810 662 2837 Gulielmius
672 2810 829 2846 conjiciebat
841 2829 848 2842 ,
860 2812 896 2844 fic
912 2811 979 2845 quast
993 2813 1089 2844 partita

129 2853 202 2878 cunt,
218 2847 270 2877 &c.
290 2855 341 2872 non
353 2845 435 2873 male.

135 2898 138 2900 -
167 2889 194 2916 3.
213 2885 242 2906 Ut
250 2891 285 2915 ego
293 2883 447 2913 mihisr'auun
457 2883 543 2917 talis]
554 2883 659 2910 Cohors
669 2881 727 2910 mis.
741 2883 809 2910 item
820 2881 951 2910 editiones
961 2882 1088 2916 exoletae,

120 2917 238 2949 statuam.
248 2927 305 2954 quae
315 2926 377 2944 vera
388 2918 480 2951 lectio,
493 2919 534 2945 vel
544 2918 618 2946 ducit
627 2918 661 2946 ad
673 2929 772 2947 veram.

164 2963 194 2989 4.
211 2960 278 2984 Ham
288 2966 358 2990 rfflcm
366 2962 479 2985 nimirum
489 2962 637 2996 antepones]
663 2960 826 2988 Gulielmius
837 2967 941 2988 mutare
958 2959 1031 2996 cupit
1048 2963 1089 2987 ni-

129 2993 250 3020 mirnmin
261 2997 369 3021 nimium.
387 3005 437 3031 ego
455 2995 568 3032 suspicor
578 3016 587 3029 ‚
607 3007 679 3031 regem
695 3000 808 3023 nimirum
819 3017 827 3028 ,
847 2997 897 3024 ess‘e
906 2996 1046 3034 glossulam
1055 2997 1087 3025 ad

132 3036 278 3064 pronomen
287 3031 348 3056 hunc
358 3050 367 3062 ‚
384 3032 505 3068 quamvis
514 3033 543 3060 &
553 3033 621 3060 illud
631 3033 714 3060 abeffe
723 3034 790 3060 item
802 3041 919 3070 poterat.

131 3103 141 3110 .
171 3076 197 3102 5.
215 3071 299 3102 Pugna
308 3072 460 3106 excitatum]
487 3074 531 3099 Ita
543 3073 599 3100 Pal.
610 3082 651 3109 pr.
663 3081 723 3099 nam
734 3074 815 3099 ceteri
825 3077 940 3100 excitaret
951 3092 959 3105 ‚
979 3072 1050 3109 quod
1060 3073 1088 3098 ὅτ

133 3114 159 3131 m
171 3103 233 3130 edd.
244 3112 311 3131 vett.
321 3107 349 3131 S.
357 3106 430 3133 Vist.
441 3115 580 3135 exetaceret.
601 3109 745 3136 Lambinus
757 3109 814 3136 heic
824 3110 910 3137 multa
919 3109 1034 3141 divinat,
1046 3108 1088 3135 sed

133 3139 179 3166 suo
190 3139 328 3177 Apolline.
343 3141 455 3181 *videtur
466 3153 511 3179 par
521 3144 588 3171 istud
598 3145 750 3174 dichorium
762 3145 813 3176 effe
823 3148 839 3177 it
849 3155 930 3177 manu
940 3146 1021 3175 mala.
1032 3154 1089 3175 cer-

132 3180 161 3208 te
171 3195 181 3212 ‚
195 3176 214 3206 si
222 3176 287 3206 abl-it
297 3196 307 3212 ‚
325 3175 391 3207 mini
400 3177 517 3210 defuerit
526 3179 673 3213 sententia.

1163 624 1213 655 Sto
1224 646 1233 659 ,
1246 629 1334 656 novis
1345 628 1453 667 opibus
1467 648 1474 662 ,
1492 631 1644 671 copiisque
1654 636 1812 664 renovarit.
1836 639 1898 669 Ac,
1914 634 1934 665 si
1944 638 2023 666 m.hi
2033 647 2114 667 nunc

1162 666 1298 698 derebus
1308 669 1398 710 gestis
1405 669 1475 701 efl'et
1484 671 1578 701 nostri
1588 675 1744 707 exercitus,
1759 678 2002 719 imperatui-inpie
2010 679 2115 709 dicen-

1159 707 1235 739 dum
1245 730 1252 743 ‚
1267 711 1398 750 plurima
1407 731 1416 746 ,
1436 713 1469 742 8:
1480 715 1615 744 maxima
1623 716 1728 754 proelia
1735 726 1975 750 commemorare
1986 719 2114 759 poss‘em.

1159 751 1208 781 sed
1221 762 1285 782 non
1294 753 1325 783 id
1334 756 1461 795 agimus.
1482 756 1540 785 hoc
1552 756 1638 785 dico:
1659 754 1681 784 si
1691 756 1805 787 bellum
1816 761 1874 788 hoc
1889 771 1894 789 z
1913 760 1932 790 si
1943 763 1990 791 liic
2001 762 2108 796 hostis,

1158 790 1180 822 fi
1188 793 1241 823 ille
1250 804 1303 824 rex
1314 797 1521 825 contemnendus
1530 795 1631 828 fnisset
1643 808 1647 826 z
1659 806 1756 838 neque
1767 808 1844 830 tanta
1853 811 1920 832 cura
1931 804 2044 833 senatus
2055 825 2064 837 ,
2079 805 2111 834 &

1156 836 1286 881 populus
1297 839 1428 868 Roman.
1439 838 1662 879 suscipiendum
1678 838 1823 879 putasset,
1842 852 1937 883 neque
1959 853 2001 874 tot
2017 855 2114 876 annos

1157 876 1285 917 gestisset
1295 898 1303 912 ,
1324 889 1421 920 neque
1433 889 1513 910 tanta
1522 881 1616 921 gloria
1625 883 1662 912 L.
1673 882 1814 912 Luculli:
1831 893 1928 924 neque
1937 886 2008 915 veto
2023 882 2037 904 8
2048 889 2113 919 eius

1158 919 1230 949 belli
1257 919 1441 952 conficiendi
1470 932 1572 953 summ
1593 932 1676 954 tanto
1695 923 1794 954 studio
1812 934 1870 964 pop
1876 926 1940 955 ¹ilus
1963 929 2045 957 Rom
2076 929 2113 960 ad

1159 962 1204 991 Cn
1225 964 1405 1003 Pompeium
1416 963 1580 995 detuiiss'et:
1608 966 1692 1005 cujus
1703 975 1741 996 ex
1751 968 1896 996 omnibus
1906 970 2013 1008 pugnis
2025 989 2032 1002 ,
2045 980 2111 1009 qua:

1155 1002 1223 1033 sunt
1234 1006 1473 1036 innumerabiles
1483 1026 1492 1040 ,
1512 1007 1560 1036 vel
1572 1010 1714 1037 acerrima
1728 1009 1805 1038 mihi
1823 1010 1937 1038 videtui
1950 1011 2001 1040 illa
2013 1031 2021 1043 ‚
2042 1021 2110 1044 uri-‚u

1152 1054 1224 1076 cum
1242 1056 1310 1087 rege
1326 1046 1486 1079 commista
1501 1047 1561 1082 est,
1581 1050 1614 1079 &
1630 1050 1748 1080 summa
1764 1052 1961 1080 contentione
1974 1045 2111 1091 puon'ata.

1150 1096 1208 1127 qua
1217 1097 1255 1117 ex
1265 1085 1363 1130 pugri'a
1372 1089 1445 1120 cum
1457 1090 1545 1120 seille
1554 1090 1944 1132 eripuifl‘et,&Bosphorum
1956 1076 2113 1134 coniugis—

1153 1129 1196 1159 set
1207 1149 1215 1163 ‚
1234 1130 1296 1171 quo
1308 1134 1456 1175 exercitus
1465 1132 1543 1162 adire
1552 1143 1618 1163 non
1628 1132 1723 1174 poffet
1736 1144 1741 1163 :
1762 1136 1852 1164 etiam
1863 1136 1896 1164 in
1905 1143 2040 1165 extrema
2048 1140 2111 1165 ior-

1153 1179 1222 1202 tuna
1233 1191 1242 1205 ‚
1261 1172 1294 1202 &
1303 1177 1372 1214 tuga
1383 1193 1391 1207 2
1412 1185 1507 1203 nomen
1525 1183 1627 1206 tamen
1646 1177 1771 1206 retinuit
1785 1178 1910 1216 regium.
1934 1179 2039 1217 Itaque
2048 1178 2112 1217 ipse

1151 1214 1315 1254 Pompeius
1325 1235 1334 1249 ,
1352 1225 1445 1257 regno
1454 1215 1583 1257 pofi‘effo
1596 1236 1605 1250 ‚
1625 1227 1664 1247 ex
1674 1218 1819 1248 omnibus
1829 1221 1890 1248 oris
1902 1238 1910 1252 ‚
1930 1228 1961 1249 ac
1972 1221 2054 1249 notis
2064 1219 2110 1249 se-

1151 1255 1240 1286 dibus
1250 1255 1334 1286 hoste
1344 1258 1430 1297 pulso
1440 1278 1449 1292 ,
1468 1267 1570 1289 tamen
1585 1268 1702 1296 tantum
1719 1262 1752 1289 in
1770 1261 1862 1290 unius
1876 1260 1976 1289 anima
1990 1260 2103 1301 posuit,

1150 1305 1202 1330 ut,
1217 1297 1288 1328 cum
1300 1302 1425 1334 omnia,
1441 1310 1507 1341 quae
1521 1301 1574 1331 ille
1585 1310 1738 1336 tenuerat,
1756 1302 1883 1336 adierat,
1901 1302 2043 1342 sperarat,
2060 1305 2110 1333 vi-

1153 1338 1248 1370 &oria
1256 1339 1414 1380 poffideret
1423 1353 1433 1376 3
1451 1352 1556 1373 tamen
1566 1353 1631 1374 non
1640 1343 1709 1374 ante
1720 1363 1729 1378 ‚
1741 1343 1832 1384 quam
1841 1344 1930 1374 illum
1940 1345 2001 1374 vita
2011 1354 2110 1384 expu-

1149 1381 1186 1411 lit
1199 1401 1207 1415 ,
1229 1381 1345 1412 bellum
1355 1383 1532 1415 confe&um
1544 1385 1697 1425 judicarit.
1721 1388 1812 1416 H-unc
1823 1395 1854 1416 tu
1864 1385 1982 1416 hostem
1993 1406 2002 1420 ‚
2022 1388 2107 1422 Cato,

1148 1426 1324 1454 contemnis
1333 1445 1341 1459 ‚
1352 1435 1504 1466 quo-cum
1517 1437 1567 1467 per
1578 1436 1726 1458 totam-ios
1737 1448 1746 1461 ‚
1756 1436 1801 1457 tot
1808 1427 1923 1468 proeliis
1934 1447 1943 1461 ‚
1954 1436 1998 1458 tot
2010 1429 2110 1468 impe-

1149 1474 1260 1495 ratores
1272 1466 1348 1497 bella
1357 1466 1528 1508 gefl‘erunt?
1541 1470 1626 1508 cujus
1639 1468 1753 1510 expulsi
1762 1489 1771 1503 ‚
1785 1469 1819 1500 ὃς
1833 1468 1922 1509 eJ'esti
1933 1470 1995 1500 vita
2005 1489 2013 1503 ,
2033 1471 2108 1501 tanti

1150 1506 1293 1539 aeflimata
1301 1507 1345 1538 est
1353 1528 1362 1543 ‚
1380 1519 1411 1540 ut
1421 1529 1430 1544 >
1443 1520 1540 1541 morte
1549 1512 1576 1551 ej
1581 1521 1614 1541 us
1624 1513 1759 1542 nuntiata
1769 1531 1778 1545 ‚
1797 1515 1814 1538 9
1824 1520 1890 1541 tum
1901 1511 2032 1552 denique
2042 1511 2108 1541 bel-

1150 1549 1217 1579 lum
1227 1549 1405 1581 confectum
1415 1553 1619 1583 arbitraretur?
1638 1555 1706 1584 Hoc
1716 1554 1806 1594 igitur
1814 1554 1848 1584 in
1856 1552 1938 1583 bello
1948 1555 1983 1583 L.
1994 1555 2108 1584 Murae-

1149 1601 1220 1621 nam
1231 1612 1240 1625 ‚
1259 1591 1389 1633 legatum
1402 1593 1559 1624 fortiss'irni
1568 1596 1665 1625 animi
1675 1615 1684 1629 ‚
1704 1593 1944 1625 summiconsilii
1954 1616 1964 1629 ,
1975 1596 2107 1626 maximi

1146 1633 1260 1663 laboris
1277 1637 1435 1676 cognitum
1454 1634 1511 1666 effe
1526 1636 1741 1667 defendimus:
1760 1636 1793 1667 δε
1811 1637 1889 1667 hanc
1904 1637 1969 1677 ejus
1982 1647 2106 1677 operam

1150 1685 1216 1705 non
1227 1675 1332 1705 minsis
1341 1676 1376 1707 ad
1389 1678 1580 1709 consulatum
1593 1678 1821 1718 adipiscendum
1832 1699 1841 1712 ,
1860 1678 1952 1720 quam
1962 1680 2038 1709 hanc
2046 1689 2105 1709 no-

1147 1716 1239 1747 stram
1247 1716 1400 1749 forensem
1410 1719 1589 1751 industriam
1601 1740 1610 1755 ‚
1631 1721 1783 1762 dignitatis
1797 1719 1941 1751 habuiss'e.
1965 1724 2005 1751 At
2014 1723 2100 1752 enim
2129 1730 2139 1755 ,⁷

1149 1761 1182 1789 in
1199 1768 1332 1799 praeturae
1346 1763 1495 1801 petitione
1513 1764 1596 1802 prior
1603 1764 1791 1793 renuntiatus
1800 1761 1843 1792 est
1851 1764 1980 1793 Servius.
2004 1766 2104 1804 Pergi-

1145 1801 1223 1831 tisne
1233 1811 1288 1832 vos
1299 1822 1308 1836 ‚
1331 1811 1472 1843 tanquam
1489 1814 1527 1834 ex
1538 1804 1716 1846 syngrapha,
1735 1815 1819 1845 agere
1827 1815 1897 1835 cum
1907 1805 2022 1845 populo
2033 1824 2041 1838 2
2062 1815 2104 1839 ut,

1144 1853 1238 1884 quem
1248 1844 1352 1874 locum
1364 1845 1457 1875 semel
1467 1846 1592 1876 honoris
1602 1848 1734 1886 cuipiam
1744 1846 1877 1880 dederit,
1888 1847 2020 1877 eundem
2033 1847 2107 1877 reli-

1143 1887 1212 1925 quis
1233 1886 1403 1916 honoribus
1424 1887 1528 1920 debeat
1546 1890 1557 1917 ?
1584 1891 1678 1929 Qon
1700 1898 1791 1918 ENtM
1820 1898 1958 1919 FRETuM
1978 1908 1987 1922 ‚
2011 1898 2106 1929 quem

1144 1929 1293 1967 Euripum
1305 1937 1350 1958 tot
1359 1938 1462 1959 motus
1471 1949 1480 1963 ‚
1497 1938 1591 1960 tantas
1599 1949 1608 1964 ,
1630 1938 1692 1960 tarn
1702 1931 1795 1960 varias
1805 1929 1912 1960 habere
1922 1933 2030 1970 putatis
2040 1941 2105 1971 agi-

1144 1971 1272 1999 tationes
1291 1968 1443 2000 flustuum
1458 1982 1468 2004 3
1488 1980 1613 2011 quantas
1633 1971 1872 2010 perturbationes
1891 1990 1900 2004 ‚
1925 1971 1957 2001 δε
1976 1982 2105 2012 quantos

1143 2009 1231 2040 aestus
1243 2010 1329 2040 habet
1338 2013 1413 2040 ratio
1425 2014 1621 2042 comitiorum
1633 2015 1644 2041 ?
1662 2014 1738 2042 Dies
1748 2012 1917 2050 intermtffiu
1930 2023 2007 2042 unus
2023 2033 2031 2046 ‚
2052 2022 2103 2044 aut

1144 2061 1209 2082 nox
1217 2050 1405 2091 interposita,
1422 2053 1498 2093 saepe
1513 2053 1664 2093 perturbat
1682 2057 1806 2084 omnia:
1827 2054 1859 2084 &
1871 2063 1963 2084 totam
1979 2057 2103 2094 opinio—

1143 2103 1216 2123 nem
1226 2103 1314 2133 parva
1331 2103 1567 2135 nonnumquam
1583 2104 1754 2126 commutat
1769 2105 1838 2126 aura
1854 2097 1996 2126 rumoris.
2019 2100 2102 2137 Saepe

1141 2137 1234 2165 etiam
1245 2133 1305 2165 fine
1317 2136 1402 2166 nulla
1419 2147 1516 2177 aperta
1526 2138 1610 2167 causa
1620 2136 1653 2167 fit
1661 2137 1742 2167 aliud
1753 2158 1762 2171 ,
1781 2148 1868 2178 atque
1878 2137 2101 2172 existimamus,

1141 2186 1173 2207 ut
1183 2187 1416 2218 nonnumquam
1429 2177 1593 2217 irafadium
1608 2178 1656 2216 effe
1672 2181 1762 2209 etiam
1779 2179 1912 2220 populus
1926 2180 2099 2210 admiretur:

1142 2218 1221 2260 quasi
1229 2217 1303 2249 vero
1315 2229 1380 2249 non
1388 2220 1451 2259 ipse
1459 2220 1572 2251 fecerit.
1596 2219 1727 2257 Nihilest
1736 2223 1877 2252 incertius
1887 2222 1980 2263 vulgo
1991 2243 1998 2255 ‚
2022 2223 2102 2253 nihil

1140 2261 1295 2291 obscurius
1309 2261 1464 2292 voluntate
1477 2263 1641 2293 hominum
1653 2283 1661 2296 ,
1681 2264 1760 2293 nihil
1770 2262 1902 2293 fallacius
1912 2273 2026 2294 ratione
2038 2273 2099 2295 tota

1139 2304 1348 2333 comitiorum.
1373 2305 1448 2344 Qis
1458 2305 1671 2345 LPhilippum
1688 2308 1717 2324 ¹0
1728 2306 1848 2335 summo
1858 2306 2097 2346 ingenimopera,

1135 2348 1226 2387 gratia
1238 2364 1247 2378 ,
1259 2344 1422 2375 nobilitate
1432 2366 1441 2379 ,
1452 2346 1469 2376 a
1477 2348 1524 2376 M.
1536 2349 1694 2377 Herennio
1705 2348 1831 2387 superari
1841 2346 1921 2387 poste
1932 2348 2103 2382 arbitratus,

1139 2386 1181 2417 est
1192 2389 1203 2416 ?
1215 2388 1281 2427 quis
1292 2388 1350 2429 Q
1364 2388 1506 2419 Catulum
1519 2409 1528 2422 ,
1541 2389 1728 2420 humanitate
1739 2409 1747 2423 ‚
1762 2389 1901 2429 sapientia
1910 2410 1918 2422 ‚
1931 2391 2100 2430 integritate

1138 2429 1367 2460 antecellentem
1382 2449 1391 2464 ,
1411 2428 1427 2460 a
1445 2433 1500 2461 Cn.
1512 2432 1654 2461 Manlio?
1675 2433 1743 2472 quis
1760 2433 1955 2461 M.Scaurum
1968 2450 1975 2463 ‚
1996 2432 2101 2461 homi-

1138 2482 1211 2501 nem
1222 2470 1430 2512 graviffimum
1441 2492 1449 2505 ‚
1464 2475 1564 2503 civem
1574 2474 1728 2514 egregium
1742 2493 1750 2506 ,
1768 2471 1967 2502 fortiil'imuin
1981 2472 2101 2503 senato—

1138 2524 1203 2544 rem
1214 2533 1223 2547 ,
1242 2513 1258 2544 a
1269 2516 1328 2553 Q.
1339 2515 1482 2544 Maximo
1494 2517 1505 2544 ?
1522 2525 1587 2545 non
1598 2513 1692 2545 modo
1704 2516 1814 2544 horum
1824 2514 1902 2543 nihil
1912 2516 1952 2544 ita
1964 2513 2028 2544 fore
2038 2525 2094 2555 pu·

1136 2565 1231 2586 tatum
1243 2554 1286 2585 est
1295 2575 1304 2589 ,
1323 2556 1373 2586 sed
1384 2566 1422 2585 ne
1435 2555 1507 2586 cum
1519 2555 1589 2586 effet
1600 2555 1714 2586 factum
1731 2555 1856 2596 quidem
1871 2577 1878 2588 ,
1901 2566 1989 2597 quare
1998 2556 2098 2597 irafa·

1136 2597 1215 2628 dium
1224 2596 1288 2635 mser
1297 2618 1306 2632 ‚
1320 2598 1451 2639 intelligi
1465 2600 1575 2639 potuit.
1599 2601 1681 2628 Nam
1691 2607 1722 2628 ut
1733 2597 1920 2638 tempestates
1930 2598 2003 2639 ssepe
2012 2608 2097 2629 certo

1992 2642 2097 2682 ahquo

1164 2702 1192 2728 6.
1215 2703 1299 2729 tAlter
1317 2701 1486 2728 Mithridatem
1500 2699 1703 2734 persequentum]
1725 2700 1784 2725 Imo
1793 2705 1885 2724 contra
1896 2697 1968 2730 suit,
1988 2699 2004 2725 si
2024 2691 2100 2726 stau-⁶

1126 2737 1192 2765 dum
1203 2737 1261 2765 mss.
1272 2738 1299 2764 δε
1311 2736 1372 2764 edd.
1388 2744 1454 2763 vett.
1466 2735 1561 2772 quibus
1582 2734 1737 2772 inter-polita
1747 2735 1854 2771 negatio
1865 2753 1874 2766 ‚
1892 2737 2095 2769 nonpttsequeie-

1128 2782 1192 2845 mri-
1212 2813 1382 2837 Diuturnitare
1390 2808 1541 2848 ohsidioni's.]⁴
1556 2809 1584 2834 S.
1594 2807 1711 2834 ViStoris
1730 2808 1758 2834 8<
1769 2806 1826 2834 Pal.
1838 2806 1888 2834 sec-
1900 2813 1965 2835 tert.
1977 2802 2033 2835 0&ss
2051 2809 2094 2834 ab-

1122 2847 1225 2882 seffionis
1237 2866 1245 2878 ,
1264 2856 1350 2883 neque
1363 2847 1441 2873 video
1451 2855 1496 2871 cur
1508 2845 1581 2879 rejici
1591 2843 1696 2871 debeat.

1166 2883 1193 2910 8.
1213 2886 1274 2919 Ejus
1292 2885 1343 2909 belli
1361 2882 1493 2916 conficiendi
1511 2882 1620 2915 curam]
1641 2882 1683 2907 Ita
1700 2879 1807 2917 quidem
1818 2878 1907 2916 paffim
1918 2878 2025 2907 editur:
2047 2878 2093 2907 sed

1128 2920 1277 2956 antiquitus
1289 2919 1354 2951 culi,
1364 2918 1407 2945 sed
1418 2917 1473 2944 Pall
1481 2937 1486 2943 .
1496 2918 1524 2943 &
1536 2919 1562 2943 S.
1573 2916 1689 2944 Vi&oris
1701 2918 1865 2952 conficiendum
1875 2919 1973 2943 exitum.
1987 2915 2094 2943 vitlctur

1128 2955 1214 2984 diftio
1224 2956 1388 2990 conficiendum
1397 2954 1429 2981 ab
1439 2953 1640 2990 interpretibus.

1163 3005 1193 3033 9.
1211 2998 1268 3023 Tum
1276 2996 1373 3030 denique
1382 2996 1462 3021 ballum
1480 2995 1605 3027 conftc'lum
1624 2994 1815 3028 arbitraretur]
1837 2988 2021 3023 Παθκτικὰἷς.
2044 3001 2093 3019 nec

1132 3036 1210 3063 aliter
1227 3044 1320 3062 omncs
1339 3033 1397 3061 mss.
1415 3033 1497 3061 nostri
1515 3039 1559 3060 aut
1569 3031 1702 3069 quondam
1719 3033 1818 3060 excusi.
1838 3033 1986 3061 Lambinus
1997 3033 2095 3061 maluit

1131 3075 1320 3136 arbltgagfsszz)
1329 3109 1417 3141 mgenio
1425 3126 1433 3139 ,
1443 3113 1522 3140 opera,
1528 3106 1640 3141 gratia]
1661 3106 1832 3133 Hotomanus
1843 3106 1906 3132 lilm
1914 3115 1924 3133 1
1932 3126 1938 3132 .
1949 3104 2093 3132 observat.

1128 3155 1184 3182 cap.
1199 3154 1206 3171 ι
1216 3154 1241 3180 3.
1253 3144 1358 3180 reponit
1370 3163 1377 3176 ‚
1386 3145 1475 3177 opibus.
1497 3143 1539 3169 sed
1550 3149 1644 3179 praeter
1655 3142 1737 3168 libros
1747 3150 1816 3172 vett.
1826 3142 1990 3180 intelligitur
1999 3147 2090 3169 autem

1122 3182 1209 3218 sorcnfi
1215 3193 1225 3216 ,-
1245 3179 1318 3218 quod
1326 3180 1466 3211 annotavit
1473 3178 1508 3209 ad
1516 3189 1591 3209 oram
1602 3178 1776 3210 Gulielmius.
2008 3219 2021 3241 ¹
2050 3212 2089 3240 m

2027 157 2128 206 415

2139 637 2182 671 16
