2337 3400
93 208 135 236 12

97 967 139 1000 1¹3

107 2495 152 2529 ¹4

149 119 249 181 754
554 103 1062 158 M.Tu1..1.11

172 187 732 229 1x1.T.C.11¹.1P.L.PAULLO‚
751 185 847 214 COS.
871 183 1082 213 DESIGN.

567 233 596 261 5.
610 232 640 260 P.
655 230 696 257 D.

234 285 292 312 Tsi
305 280 382 310 mihi
394 285 563 318 numquam
574 275 632 306 fuit
641 272 769 304 dubium
781 292 790 306 s
800 272 875 312 quin
888 279 917 301 te
926 270 1055 311 populus
1068 270 1107 309 R.

157 282 289 362 Epio
309 324 366 352 tuis
377 321 504 351 summis
515 321 547 348 in
558 326 652 356 remp.
665 317 781 345 meritis
793 334 802 347 ,
825 314 857 344 δε
868 323 922 353 pro
931 310 1111 353 ampliffima

157 367 279 396 famili'ae
290 364 433 404 dignitate
446 382 455 394 ‚
467 362 588 391 summo
599 357 708 390 studio,
720 355 837 386 cunetis
846 353 991 395 suffragiis
1001 353 1111 383 consu-

155 408 218 437 lem
227 406 358 436 faeturus
368 402 453 434 estet:
478 411 579 433 tamen
591 398 764 430 incredibili
782 398 882 428 laetitia
892 397 956 426 sum
974 394 1110 428 alfenus,

157 447 229 479 cum
252 447 283 477 id
303 448 378 476 mihi
400 446 573 475 nuntiatum
594 441 636 472 est
647 452 653 470 :
665 449 796 480 eumque
808 440 957 468 honorem
971 438 1027 468 tibi
1038 437 1111 466 deos

158 490 311 520 fortunare
324 488 408 520 volo,
420 486 436 517 ἒι
446 496 533 526 teque
542 495 580 515 ex
591 493 649 517 tua,
660 484 869 521 majorumque
881 490 1001 510 tuorum
1012 479 1113 520 digni-

156 540 214 562 tate
224 529 433 561 administrari.
457 532 556 568 Atque
567 529 681 556 utinam
696 524 823 565 praesens
833 523 924 552 illum
935 521 1017 552 diem
1030 521 1111 550 milii

157 572 372 614 optatiffimum
390 570 492 601 videre
511 566 672 609 potuissem
684 586 693 600 ,
715 574 828 606 proque
846 566 905 594 tuis
924 561 1112 603 amplissimis

157 625 225 657 erga
244 624 293 644 me
303 613 408 644 studiis
418 632 427 646 ,
447 621 534 652 atque
543 608 700 640 beneficiis
711 608 764 638 tibi
778 616 898 647 operam
911 615 1009 636 meam
1022 624 1031 638 ,
1052 603 1113 634 stu-

156 657 302 697 drumque
325 664 441 685 navare.
465 656 565 694 Qam
584 652 663 682 mihi
680 649 851 680 facultatem
868 657 964 688 quum
983 647 1034 677 hic
1043 655 1114 676 nec-

158 701 300 738 opinatus
309 717 319 731 ‚
347 697 380 726 &
395 695 577 736 improvisus
589 693 752 734 provinciae
762 690 844 721 casus
854 691 978 729 eripuit:
1000 696 1111 731 tamen,

158 750 192 770 ut
213 749 240 770 te
249 739 408 771 consulem
418 736 555 777 rempub.
569 745 625 776 pro
635 743 682 765 tua
692 734 838 774 dignitate
848 740 1002 772 gerentem
1013 729 1114 759 videre

156 780 265 823 poffim
279 801 288 815 ‚
310 789 491 823 magnopere
501 778 518 809 a
527 787 554 809 te
564 786 633 818 peto
643 797 652 811 ‚
673 785 706 806 ut
716 783 836 815 operam
847 774 911 806 des,
922 770 1043 805 efficias,
1057 780 1112 801 ne-

158 823 232 865 quid
254 823 332 854 mihi
356 823 406 852 siat
416 821 535 862 injuriae
544 839 554 854 ‚
575 829 652 849 neve
661 817 734 859 quid
747 824 891 855 temporis
900 814 936 844 ad
947 823 1052 843 meum
1062 822 1116 860 an-

158 876 257 896 nuum
277 874 390 895 munus
399 862 524 895 accedat.
548 860 639 903 Qod
651 859 784 890 fifeceris
794 877 802 892 ‚
817 866 943 897 magnus
953 854 988 886 ad
1000 864 1048 886 tua
1055 864 1116 896 pri-

160 906 237 938 stina
246 917 312 948 erga
322 916 371 936 me
381 905 475 936 studia
485 905 626 935 cumulus
636 901 765 933 accedet.

223 959 366 987 M.T.c.
390 952 787 986 1MP.L.PAULLO‚
807 951 830 980 C
846 951 909 980 OS.
931 950 1051 980 S.P.D.

275 1006 397 1034 Aruina
408 1003 484 1032 mihi
498 1001 557 1031 fuit
567 1009 703 1040 optatum
717 1001 827 1029 Romae
837 996 895 1028 effe
909 1006 1023 1030 tecum,
1036 995 1117 1025 mul—

277 1055 320 1076 tas
330 1045 370 1075 ob
379 1044 476 1074 causas
487 1063 495 1076 ,
507 1043 556 1073 sed
567 1042 715 1082 praecipue
729 1061 737 1074 ‚
749 1049 782 1070 ut
793 1040 867 1070 &in
877 1039 1008 1080 petendo
1019 1058 1027 1071 ,
1040 1038 1072 1067 &
1086 1039 1117 1067 in

158 1087 290 1130 gerendo
311 1086 467 1117 consulatu
479 1094 582 1115 meum
597 1084 653 1114 tibi
663 1083 800 1113 debitum
812 1081 945 1112 studium
955 1080 1118 1121 perspicere

158 1127 266 1170 poss'es.
290 1132 334 1159 Ac
352 1129 510 1168 petitionis
532 1125 658 1167 quidem
676 1134 734 1155 tua:
751 1126 826 1154 ratio
845 1124 923 1153 mihi
935 1120 1120 1161 semperfuit

162 1171 317 1211 explorata
332 1181 337 1199 ·.
355 1169 405 1200 secl
426 1178 528 1200 tamen
539 1178 646 1198 navare
656 1176 776 1207 operam
788 1165 940 1196 volebam.
964 1166 1000 1193 In
1010 1162 1120 1193 consu-

160 1213 223 1242 latu
234 1211 307 1242 vero
318 1213 409 1251 cupio
420 1211 560 1252 equidem
573 1219 601 1240 te
614 1211 717 1239 minus
731 1208 836 1238 habere
847 1207 963 1248 negotii
975 1216 980 1234 z
992 1204 1040 1234 sed
1052 1214 1120 1233 mo-

159 1253 234 1284 leste
253 1253 318 1284 fero
334 1275 342 1287 2
363 1264 412 1283 nv:
435 1252 591 1283 consulem
607 1251 740 1281 studium
752 1259 839 1280 tuum
848 1248 1044 1279 adolescentis
1053 1255 1119 1286 per-

162 1295 305 1336 spexiffe:
325 1305 352 1325 te
374 1305 497 1328 meum,
517 1294 589 1324 cum
610 1293 638 1323 id
664 1294 755 1323 atatis
775 1290 829 1321 sim
844 1311 852 1324 ,
874 1290 1037 1331 perspicere
1055 1297 1120 1317 non

162 1336 254 1378 posse.
278 1337 334 1368 Sed
349 1339 389 1367 ita
397 1337 458 1368 sato
470 1337 568 1366 nescio
579 1346 639 1376 quo
649 1331 804 1375 contigisse
815 1333 941 1363 arbitror
952 1351 961 1365 ‚
973 1339 1006 1360 ut
1015 1329 1070 1360 tibi
1083 1329 1119 1359 ad

161 1390 212 1410 me
224 1380 395 1410 ornandum
405 1378 613 1419 semper-detur
625 1376 749 1407 facultas
764 1387 770 1405 2
793 1376 870 1405 mihi
881 1374 916 1404 ad
927 1381 1121 1403 remuneran-

159 1423 235 1452 dum
255 1422 333 1451 nihil
345 1421 495 1461 suppetat,
519 1419 830 1460 praetervoluntatem.
856 1414 973 1447 Ornasti
983 1413 1119 1444 consula-

162 1473 239 1496 tum,
252 1463 363 1493 ornasti
372 1463 504 1493 reditum
513 1472 627 1492 meum.
652 1460 763 1491 Incidit
773 1469 879 1489 meum
889 1466 1008 1497 tempus
1018 1465 1118 1486 rerum

156 1505 361 1546 vgerendarum
383 1507 415 1535 in
433 1505 533 1544 ipsum
550 1503 739 1534 consulatum
760 1510 860 1531 tuum.
882 1503 983 1540 Itaque
998 1496 1071 1528 cum
1086 1497 1118 1527 ὃς

164 1557 214 1577 tua
237 1547 354 1577 summa
364 1546 532 1586 amplitudo
544 1565 552 1579 ‚
574 1545 606 1574 δε
616 1544 745 1586 dignitas
755 1563 763 1577 ,
783 1543 816 1573 δε
831 1552 916 1572 meus
927 1550 1052 1581 magnus
1063 1540 1118 1569 ho-

164 1598 220 1618 nos
231 1608 239 1622 ,
252 1599 415 1629 magnaque
424 1587 609 1617 existimatio
618 1585 765 1626 postulare
779 1584 913 1614 videatur
924 1603 932 1617 ‚
945 1592 975 1612 ut
987 1583 1002 1612 a
1016 1590 1043 1626 te
1053 1581 1120 1621 plu—

164 1632 251 1661 rimis
260 1632 360 1661 verbis
369 1629 549 1660 contendam
562 1649 570 1662 ,
589 1639 620 1659 ac
630 1637 728 1668 petam
740 1647 748 1661 ‚
769 1635 801 1656 ut
810 1625 902 1667 quam
913 1625 1022 1668 honori
1029 1624 1120 1652 licen-

164 1671 313 1703 tissimum
339 1671 626 1703 senatusconsultum
646 1670 682 1700 de
704 1670 781 1699 meis
798 1667 886 1698 rebus
905 1666 991 1707 gestis
1007 1667 1120 1695 iacien-

164 1714 239 1744 dum
249 1724 332 1744 cures
347 1725 351 1742 ς
366 1724 430 1743 non
440 1714 535 1743 audeo
545 1714 742 1742 vehementer
750 1711 765 1740 a
775 1719 802 1740 te
812 1708 993 1739 contendere
1005 1727 1013 1741 ,
1025 1716 1063 1736 nc
1073 1714 1121 1736 aut

163 1757 225 1796 ipse
246 1766 302 1787 tua:
321 1765 467 1796 perpetua:
484 1754 712 1785 consuetudinis
730 1762 797 1793 erga
814 1761 865 1780 me
883 1747 1063 1780 oblitusesse
1077 1750 1122 1777 vi-

165 1798 234 1828 dear
245 1817 252 1831 ,
265 1807 312 1828 aut
324 1807 351 1827 te
361 1797 492 1826 oblitum
504 1806 570 1836 pute
577 1806 619 1825 m.
642 1798 750 1835 anze2
760 1804 793 1824 ut
803 1802 830 1822 tc
841 1793 918 1822 velle
928 1792 1052 1821 arbitror
1063 1809 1071 1822 ³
1084 1791 1124 1819 ita

163 1840 292 1870 fat-iam:
315 1849 401 1880 atque
419 1839 455 1867 ab
474 1849 511 1868 eo
524 1859 531 1871 2
550 1847 641 1877 quem
661 1846 769 1866 omnes
789 1844 891 1875 gentes
911 1834 1007 1863 stiunt
1026 1832 1062 1877 de
1075 1841 1123 1860 me

165 1881 281 1922 cpnme
302 1883 446 1911 meritum
457 1900 465 1912 7
493 1881 622 1910 breviter
632 1887 741 1918 petam.
765 1881 794 1907 Si
804 1877 855 1906 alii
865 1875 1002 1905 consules
1013 1872 1116 1907 ostent,

163 1924 200 1954 ad
219 1933 245 1954 te
267 1921 457 1961 potitiimum
470 1942 477 1956 ,
498 1922 616 1955 Mulie,
640 1922 791 1950 mitterem
803 1939 813 1952 ‚
831 1927 864 1948 ut
882 1926 933 1947 ees
945 1916 1124 1956 mihiquam

165 1964 364 1996 amicissimos
384 1964 532 1995 redderes.
554 1973 634 1993 nnnc
650 1983 658 1996 2
683 1960 755 1992 cum
776 1968 826 1991 tua
845 1961 964 1990 summa
985 1956 1123 2003 potestas,

165 2008 342 2048 summaque
353 2006 523 2039 auetoriras,
537 2015 666 2045 notaque
676 2004 822 2033 omnibus
833 2001 931 2032 nostra
940 1999 1126 2045 necessi'tudo

166 2048 220 2082 fit,
243 2050 440 2079 veliementer
459 2057 487 2078 te
506 2058 579 2088 rogo
592 2068 600 2081 ,
623 2057 653 2076 ot
672 2046 807 2086 &qu-Lim
820 2041 1123 2074 honorificentiilime

165 2101 250 2122 cures
269 2090 492 2121 decernendum
504 2090 540 2119 de
552 2090 627 2119 meis
639 2089 724 2118 rebus
733 2087 821 2129 gestis
833 2107 841 2120 ‚
861 2087 894 2116 δε
904 2086 994 2126 quarn
1006 2083 1125 2114 celerri-

166 2143 226 2163 me.
251 2136 364 2173 Dignas
374 2143 419 2162 res
429 2131 486 2162 esse
498 2134 612 2162 honore
624 2151 631 2164 ‚
648 2131 680 2160 ὃς
694 2130 900 2171 gratulatione,
915 2126 1077 2168 cognosces
1088 2135 1125 2154 ex

160 2176 206 2205 'iis
225 2175 330 2205 litteris
343 2196 351 2207 ‚
370 2185 442 2215 quas
460 2173 495 2204 ad
507 2183 534 2203 te
548 2194 556 2206 ,
577 2173 763 2212 &collegam
777 2192 786 2204 ‚
810 2172 986 2200 &senatum
1002 2167 1122 2207 publice

169 2215 255 2246 misi:
277 2217 481 2256 omniumque
501 2225 637 2245 mearum
648 2214 828 2253 reliquarum
837 2222 936 2242 rerum
949 2231 957 2243 ,
976 2211 1126 2239 maxime-

168 2269 226 2298 que
247 2257 480 2288 existimationis
501 2267 575 2286 meae
593 2259 834 2296 procurationem
857 2254 1019 2292 susceptam
1029 2252 1124 2281 velim

168 2300 284 2330 habeas.
308 2303 343 2329 In
353 2299 518 2339 primisque
530 2299 586 2328 tibi
596 2308 672 2327 curae
684 2295 812 2337 s1t7quod
824 2296 874 2326 abs
885 2305 911 2325 te
922 2293 1127 2333 superioribus

168 2352 290 2382 quoque
302 2342 408 2371 litteris
419 2341 511 2380 petivi
523 2360 531 2373 ,
544 2350 582 2369 ne
599 2339 675 2368 mihi
690 2347 809 2378 tempus
819 2345 1006 2377 prorogetur.
1029 2336 1126 2373 Cupio

169 2393 199 2413 te
218 2384 375 2414 consulem
391 2382 492 2412 videre
503 2401 512 2415 ,
534 2382 696 2420 omniaque
712 2380 812 2419 spero,
835 2377 907 2408 cum
918 2377 1039 2409 absens,
1060 2385 1126 2405 tum

168 2427 260 2455 etiam
272 2425 399 2465 praescns
413 2434 441 2454 te
451 2424 575 2455 consule
586 2421 708 2462 ass'equi.
731 2422 814 2451 Vale.

219 2483 359 2511 M.T.C.
383 2481 466 2510 ῙΜΡ.
491 2481 523 2508 C.
536 2480 681 2510 CASSIO,
699 2476 941 2516 PROQJAEST.
964 2476 1086 2505 S.P.D.

302 2532 442 2560 Fanum
460 2528 629 2570 quodmihi
641 2529 774 2558 amicum
796 2536 843 2557 tua
861 2524 1128 2556 commendatione

288 2576 295 2583 “
303 2573 353 2602 das
363 2592 372 2606 ‚
385 2571 505 2601 nullum
517 2572 550 2601 in
560 2580 596 2600 eo
605 2569 683 2601 facio
694 2567 852 2611 quaestum.
861 2567 953 2597 Multi
963 2569 1046 2597 enim
1057 2568 1129 2597 anni

173 2615 241 2644 sunt
253 2633 260 2647 ‚
280 2624 351 2643 cnm
370 2613 421 2644 ille
440 2617 472 2642 in
491 2623 547 2643 aere
566 2622 637 2642 meo
655 2610 716 2645 est,
737 2610 855 2641 &ame
866 2609 1001 2650 diligitur
1010 2617 1130 2649 propter

172 2656 322 2685 summam
334 2655 415 2685 snam
427 2656 645 2684 humanitatem
655 2673 664 2687 ,
676 2653 708 2684 ὃ(
718 2653 946 2683 observantiam.
961 2651 1016 2681 Sed
1028 2659 1128 2680 tamen

171 2695 253 2736 quod
268 2697 303 2727 ab
317 2707 354 2727 eo
367 2696 480 2739 egregie
494 2696 580 2737 diligi
593 2693 667 2726 sensi
679 2715 686 2728 ‚
710 2695 808 2725 multo
825 2695 951 2724 amicior
965 2693 992 2722 ei
1006 2692 1069 2723 sum
1085 2691 1129 2722 fa—

173 2738 248 2768 bius.
271 2741 373 2782 Itaque
389 2747 572 2780 quamquam
591 2736 784 2779 profecerunt
804 2737 912 2767 litterae
930 2743 1007 2765 tuae:
1027 2743 1128 2765 tamen

1125 105 1680 155 Cicanonrs

1146 181 1300 255 alipuanto
1318 184 1385 225 plus
1403 186 1679 217 commendationis
1696 186 1773 228 apud
1790 197 1840 219 me
1859 186 1963 219 habuit
1980 187 2111 220 animae

1149 227 1181 266 ip
1194 235 1241 255 ms
1251 235 1316 267 erga
1326 235 1354 256 te
1366 246 1374 259 ‚
1392 227 1470 256 mihi
1479 227 1648 268 perspectus
1659 249 1668 262 ‚
1688 223 1877 270 &cdgnltus.
1898 229 1955 261 Sed
1965 229 2001 259 de
2012 229 2107 260 Fabio

1151 267 1297 298 faciemus
1317 267 1449 298 studiose
1460 288 1469 301 ‚
1490 278 1556 313 quae
1568 279 1670 311 rogas:
1687 281 1718 301 tu
1730 273 1834 302 multis
1844 272 1880 302 de
1890 269 1980 302 causis
1989 271 2105 301 vellem

1153 319 1204 340 me
1220 311 1383 339 convenire
1400 309 1543 350 potuisses
1559 321 1565 339 z
1588 311 1723 351 primum
1736 333 1744 347 ,
1764 323 1797 344 ut
1816 323 1861 348 te,
1882 322 1973 355 quem
1988 313 2110 353 jamdiu

1152 349 1382 391 plurimifacio,
1405 359 1487 381 tanto
1501 352 1659 382 intervallo
1672 354 1804 385 viderem
1820 367 1830 389 ·‚
1846 355 1955 385 deinde
1966 375 1974 388 ,
1995 363 2028 384 ut
2041 355 2108 389 tibi,

1153 392 1234 434 quod
1248 391 1304 422 feci
1323 402 1373 433 per
1389 393 1500 423 litteras
1511 413 1520 427 ,
1539 392 1653 433 possem
1665 396 1790 435 praesens
1798 398 1947 438 gratulari:
1970 405 2036 426 tum
2048 416 2056 430 ,
2077 405 2112 427 ut

1153 434 1262 476 quibus
1281 434 1318 464 de
1336 435 1424 465 rebus
1440 435 1607 469 vellemus,
1627 444 1658 466 tu
1675 439 1733 466 tuis
1745 457 1754 471 ‚
1776 448 1832 479 ego
1847 441 1942 472 meis,
1960 440 2038 468 inter
2054 447 2112 468 nos

1153 478 1464 507 communicaremus:
1479 476 1645 517 postremo,
1656 481 1829 509 utamicitia
1836 479 1943 514 nostra,
1955 490 2020 520 quae
2029 481 2114 510 sum-

1156 520 1215 548 mis
1223 515 1332 548 officiis
1343 518 1378 548 ab
1389 527 1515 558 utroque
1525 519 1602 549 culta
1611 519 1653 549 est
1663 540 1677 553 ,v
1692 519 1741 550 sed
1750 521 1849 562 longis
1859 522 2024 551 intervallis
2033 531 2112 552 tem-

1133 568 1135 584 1
1154 569 1263 601 porum
1275 562 1469 600 interruptam
1478 561 1730 591 consuetudinem
1745 562 1868 595 habuit,
1887 561 2115 594 confirmaretur

1155 601 1378 633 vehementius.
1402 602 1437 632 Id
1454 612 1549 643 quum
1567 612 1631 633 non
1648 602 1775 637 accidit,
1795 613 1916 634 utemur
1933 604 2015 635 bono
2034 607 2116 635 litte-

1155 653 1253 674 rarum
1266 664 1274 677 ‚
1294 644 1327 674 δε
1345 643 1450 674 eadem
1468 642 1531 674 fei-e
1549 644 1703 679 absentes,
1723 655 1808 686 quae,
1827 643 1849 674 fi
1862 645 1962 675 coram
1972 645 2114 680 essemus,

1155 685 1384 726 consequemur.
1409 689 1419 704 ¹
1431 688 1520 715 Unus
1529 684 1644 717 fruetus
1655 707 1666 720 ,
1682 689 1734 727 qui
1745 689 1777 717 in
1788 696 1815 716 te
1825 687 1957 717 videndo
1968 687 2010 718 est
2020 707 2029 722 ‚
2046 697 2117 728 per-

1157 730 1217 768 cipi
1228 729 1333 758 litteriz
1345 738 1408 757 non
1418 727 1523 767 potest.
1547 729 1618 758 alter
1627 748 1636 762 ,
1654 729 1861 768 gratulationis
1874 727 1916 759 est
1927 749 1935 762 ‚
1959 731 1983 759 is
1991 729 2118 770 quidem

1157 771 1287 803 exilior,
1307 770 1399 810 quam
1418 768 1439 799 si
1457 769 1514 799 tibi
1530 770 1656 810 teipsum
1676 771 1798 800 intuens
1812 771 1980 811 gratularer.
2002 770 2058 802 Sed
2075 780 2119 801 ta-

1159 808 1231 842 me'n
1246 811 1278 841 &
1292 810 1350 841 feci
1362 811 1429 841 ante
1441 831 1450 845 ,
1470 811 1591 841 &facio
1602 822 1701 846 nunc,
1724 812 1837 852 tibique
1854 812 1927 842 cum
1946 823 2000 852 pro
2017 821 2119 843 rerum

1159 853 1366 896 magnitudine
1381 873 1390 887 ‚
1408 863 1479 894 quas
1490 852 1595 894 geffisti
1611 874 1620 887 ‚
1643 862 1708 884 tum
1727 864 1781 894 pro
1800 857 2023 894 opportunitate
2040 863 2118 884 tem-

1157 899 1238 937 poris
1256 895 1405 936 gratulor,
1427 894 1512 936 quod
1530 905 1558 925 te
1576 895 1613 926 de
1633 897 1787 935 provincia
1797 896 1991 927 decedentem
2004 896 2122 926 summa

1158 940 1242 972 laus,
1265 938 1297 967 &
1309 937 1427 967 summa
1443 939 1533 978 gratia
1551 939 1715 977 provinciae
1732 938 1884 978 prosecuta
1900 938 1952 968 est.
1977 940 2122 968 Tertium

1161 980 1203 1010 est
1212 1000 1221 1014 ³
1243 988 1275 1009 ut
1285 979 1316 1009 id
1327 998 1335 1012 ‚
1350 978 1431 1019 quod
1442 980 1478 1009 de
1489 979 1597 1010 nostris
1608 980 1694 1009 rebus
1703 979 1804 1010 coram
1813 978 2122 1010 communicassemus

1159 1024 1238 1052 inter
1247 1030 1303 1051 nos
1315 1040 1323 1055 ‚
1334 1019 1530 1051 conficiamus
1539 1021 1621 1051 idem
1633 1022 1748 1051 litteris.
1772 1024 1836 1062 Ego
1847 1030 2008 1052 ceterarum
2021 1031 2122 1052 rerum

1139 1080 1141 1085 ⁴
1159 1064 1242 1094 causa
1257 1062 1312 1093 tibi
1323 1064 1458 1092 Romam
1475 1062 1694 1102 properandum
1710 1073 1888 1104 magnopere
1898 1064 2014 1094 censeo.
2039 1066 2121 1093 Nam

1140 1125 1141 1140 ¹
1160 1105 1193 1136 ὃ(
1203 1115 1251 1138 ea,
1268 1114 1334 1144 quae
1345 1104 1450 1143 reliqui
1462 1123 1471 1137 ‚
1487 1104 1646 1144 tranquilla
1656 1104 1692 1134 de
1703 1113 1729 1133 te
1739 1114 1837 1134 erant:
1856 1105 1889 1135 ὃ(
1899 1107 1952 1136 hac
1963 1114 2124 1135 tuarecen-

1161 1149 1183 1177 ti
1193 1146 1325 1176 vistoria
1334 1153 1423 1179 tanta,
1435 1145 1722 1175 clarumadventum
1734 1154 1820 1175 tuum
1830 1145 1894 1175 fore
1904 1147 2052 1188 intelligo.
2063 1146 2120 1177 Sed

1162 1187 1242 1229 siqua
1253 1187 1321 1217 sunt
1331 1196 1422 1217 onera
1433 1195 1553 1216 tuorum
1566 1206 1575 1220 ‚
1593 1195 1625 1216 ut
1636 1185 1655 1216 si
1667 1196 1745 1217 tanta
1757 1187 1840 1220 sunt,
1859 1197 1892 1217 ea
1901 1188 2043 1219 sustinere
2054 1189 2125 1228 pos-

1162 1230 1205 1260 sis.
1230 1234 1396 1269 ²propera:
1417 1228 1496 1258 nihil
1511 1228 1566 1258 tibi
1581 1230 1635 1258 erit
1650 1228 1759 1258 lautius
1770 1249 1780 1263 ,
1802 1229 1878 1258 nihil
1890 1230 2056 1270 gloriosius.
2079 1229 2124 1260 sm

1162 1272 1274 1312 majora
1287 1281 1291 1299 z
1304 1269 1464 1304 considera,
1476 1280 1514 1300 ne
1525 1271 1555 1300 in
1569 1269 1782 1300 alieniffimum
1793 1279 1911 1311 tempus
1921 1271 2002 1302 cadat
2011 1271 2125 1302 adven·

1163 1323 1208 1344 tus
1219 1323 1295 1344 tuus.
1308 1313 1406 1352 Hujus
1420 1314 1461 1342 rei
1476 1321 1573 1342 totum
1585 1310 1746 1342 consilium
1759 1322 1845 1343 tuum
1856 1312 1907 1343 est.
1920 1322 1952 1343 tu
1964 1315 2047 1343 enim
2058 1314 2125 1348 scis,

1162 1355 1237 1398 quid
1250 1354 1392 1385 sustinere
1412 1352 1507 1394 possis.
1530 1357 1560 1384 Si
1577 1364 1677 1394 potes:
1696 1354 1843 1385 laudabile
1856 1375 1863 1389 ‚
1881 1365 1967 1396 atque
1984 1356 2128 1395 populare

1162 1397 1214 1428 est.
1238 1396 1280 1426 sm
1291 1396 1378 1436 plane
1390 1406 1454 1426 non
1465 1405 1550 1436 potes
1563 1406 1569 1425 2
1586 1396 1690 1426 absens
1708 1398 1874 1426 hominurn
1888 1398 2041 1427 sermones
2052 1397 2126 1428 faci-

1163 1439 1224 1469 lius
1240 1438 1408 1469 sustinebis.
1433 1440 1480 1467 De
1495 1448 1544 1467 me
1558 1439 1660 1468 autem
1676 1437 1756 1467 idem
1769 1448 1868 1468 tecum
1880 1440 1926 1468 his
1940 1449 1994 1479 ago
2008 1440 2125 1473 litteris,

1160 1480 1242 1522 quod
1253 1480 1454 1521 superioribus
1464 1481 1528 1521 egi,
1540 1489 1571 1510 ut
1581 1481 1700 1509 omneis
1713 1489 1780 1510 tuos
1791 1490 1899 1510 nervos
1910 1482 1940 1510 in
1952 1490 1988 1510 eo
1996 1490 2125 1511 conten-

1159 1524 1210 1554 das
1220 1543 1228 1556 ‚
1250 1533 1287 1552 ne
1307 1521 1380 1562 quid
1393 1522 1473 1551 mihi
1486 1521 1521 1551 ad
1537 1522 1612 1552 hanc
1624 1523 1810 1562 provinciam
1822 1542 1831 1554 ‚
1849 1532 1939 1562 quam
1951 1522 1983 1551 δε
1994 1523 2123 1555 senatus,

1162 1566 1195 1595 <Sc
1206 1564 1335 1605 populus
1344 1573 1476 1593 annuam
1487 1562 1544 1593 esse
1555 1563 1672 1596 voluit,
1692 1566 1836 1603 temporis
1846 1572 2030 1604 prorogetur.
2055 1566 2126 1595 Hoc

1162 1607 1177 1637 a
1197 1616 1224 1637 te
1244 1615 1282 1636 ita
1298 1606 1450 1636 contendo
1462 1625 1470 1639 ‚
1493 1615 1524 1635 ut
1542 1607 1575 1635 in
1595 1615 1632 1635 eo
1649 1604 1785 1635 fortunas
1799 1615 1880 1635 meas
1890 1602 1996 1645 positas
2005 1615 2121 1645 putem.

1165 1649 1263 1679 Habes
1273 1647 1411 1678 Paullum
1431 1646 1568 1677 nostrum
1589 1646 1682 1677 nostri
1701 1646 1939 1687 cupidiffimum.
1962 1647 2005 1677 est
2022 1650 2124 1677 Curio:

1163 1690 1206 1721 est
1217 1692 1354 1720 Furnius.
1377 1691 1424 1719 Sic
1442 1690 1535 1719 velim
1556 1690 1685 1722 enitare,
1709 1687 1790 1729 quasi
1808 1691 1842 1719 in
1862 1699 1899 1719 eo
1919 1688 1974 1718 sint
1994 1690 2071 1719 mihi
2090 1699 2126 1718 o-

1165 1734 1260 1762 mnia.
1285 1734 1464 1762 Extremum
1474 1730 1550 1760 illud
1561 1730 1603 1760 est
1613 1731 1649 1760 de
1660 1732 1696 1759 iis
1707 1751 1715 1763 ‚
1731 1741 1797 1771 qua:
1808 1731 2017 1770 proposueram
2029 1751 2037 1764 ‚
2051 1741 2126 1761 con-

1167 1773 1297 1803 firmatio
1309 1771 1416 1802 nostras
1426 1774 1565 1802 amicitiae
1578 1783 1581 1800 :
1594 1772 1629 1802 de
1639 1782 1697 1813 qua
1705 1772 1841 1812 pluribus
1850 1772 1949 1801 verbis
1961 1773 2039 1801 nihil
2050 1781 2128 1812 opus

1165 1815 1217 1846 est.
1243 1817 1292 1844 Tu
1313 1824 1385 1854 puer
1402 1824 1450 1843 me
1469 1813 1623 1855 appetisti:
1642 1824 1697 1855 ego
1706 1823 1806 1843 aurem
1819 1814 1931 1853 semper
1947 1823 2129 1844 ornamento

1167 1867 1196 1888 te
1216 1858 1294 1886 mihi
1313 1854 1376 1886 fore
1390 1855 1475 1884 duxi.
1500 1855 1592 1886 Fuisti
1612 1857 1700 1885 etiam
1718 1853 1853 1895 praefidio
1868 1853 2036 1885 tristiffimis
2052 1857 2129 1886 meis

1167 1898 1364 1939 temporibus.
1387 1895 1499 1927 acceffit
1509 1897 1574 1937 post
1584 1906 1670 1927 tuum
1682 1896 1841 1927 disceffum
1852 1896 2037 1927 familiaritas
2048 1898 2128 1927 mihi

1169 1951 1240 1971 cum
1252 1942 1341 1970 Bruto
1353 1948 1403 1969 tuo
1415 1941 1558 1969 maxima.
1581 1941 1682 1980 Itaque
1700 1941 1731 1969 in
1748 1938 1845 1969 vestro
1864 1940 1988 1980 ingenio
1999 1959 2007 1973 ,
2029 1939 2061 1969 &
2077 1941 2129 1969 in-

1166 1982 1276 2013 dustria
1290 1983 1368 2011 mihi
1383 1982 1550 2021 plurimum
1565 1981 1597 2011 &
1609 1982 1759 2011 suavitatis
1771 2001 1778 2014 ‚
1801 1981 1833 2011 &
1843 1980 1997 2021 dign-itatis
2011 1980 2127 2011 consti-

1167 2033 1267 2055 tutum
1277 2032 1359 2063 puto.
1384 2023 1418 2053 Id
1429 2032 1460 2052 tu
1472 2043 1480 2056 ,
1502 2033 1534 2054 ut
1545 2032 1596 2054 tuo
1612 2022 1711 2053 studio
1720 2021 1902 2056 confirmes,
1923 2032 1952 2052 te
1960 2024 2128 2052 vehemen-

1167 2076 1210 2096 ter
1228 2076 1319 2107 rogo:
1341 2065 1511 2106 litterasque
1523 2065 1558 2095 ad
1572 2075 1622 2095 me
1632 2085 1640 2098 ‚
1662 2065 1694 2095 &
1704 2063 1854 2095 continuo
1866 2067 1965 2095 mit-tas
1976 2084 1985 2099 ‚
2011 2064 2043 2095 ὃς
2053 2064 2126 2095 cum

1167 2111 1301 2139 Romam
1315 2109 1432 2138 veneris
1444 2127 1452 2141 ‚
1463 2117 1554 2147 quam
1569 2106 1735 2147 saepiffime.

1398 2151 1492 2179 MT.
1506 2152 1538 2179 C.
1563 2152 1747 2184 CASSIO,
1771 2152 1844 2180 S.P.
1856 2151 1897 2179 D.

1170 2191 1305 2268 ETsr
1320 2199 1443 2232 uterque
1454 2189 1592 2221 nostrum
1604 2191 1651 2231 spe
1662 2193 1743 2231 pacis
1752 2210 1763 2225 ,
1773 2191 1805 2221 &
1816 2191 1890 2221 odio
1897 2190 1996 2221 civilis
2007 2189 2127 2230 sangui-

1246 2236 1346 2275 guinis
1361 2237 1375 2260 3
1385 2232 1480 2263 abess'e
1490 2233 1506 2263 a
1517 2233 1589 2263 belli
1598 2235 1757 2272 pertinacia
1765 2233 1877 2264 voluit:
1897 2241 1997 2263 tamen
2009 2252 2017 2264 ,
2029 2241 2127 2272 quum

1168 2277 1231 2315 ejus
1245 2275 1363 2306 consilii
1380 2277 1518 2315 princeps
1536 2285 1591 2315 ego
1607 2273 1696 2304 fuiffe
1715 2274 1835 2307 videor,
1856 2274 1923 2314 plus
1937 2272 2054 2303 fortass'e
2068 2273 2126 2303 tibi

1167 2317 1372 2357 praestareipse
1382 2316 1497 2350 debeo,
1517 2319 1607 2357 quam
1626 2316 1642 2345 a
1660 2325 1688 2345 te
1705 2315 1882 2356 exspefihire.
1908 2313 1986 2348 Etsi,
2004 2323 2037 2344 ut
2050 2315 2126 2355 saepe

1171 2359 1253 2389 soleo
1264 2367 1386 2388 mecum
1398 2358 1542 2388 recordari
1554 2377 1562 2390 ‚
1583 2358 1681 2387 sermo
1690 2356 1846 2387 familiaris
1857 2366 1942 2386 meus
1952 2365 2069 2390 tecum,
2092 2357 2126 2387 &²

1171 2403 1241 2429 item
1255 2410 1375 2430 mecum
1386 2408 1453 2429 tuus
1463 2420 1471 2432 ,
1493 2399 1616 2429 adduxit
1627 2407 1786 2439 utrumque
1797 2397 1933 2428 nostrum
1944 2397 1978 2429 ad
1989 2398 2020 2428 id
2028 2396 2128 2428 consr-

1170 2442 1246 2471 lium
1258 2461 1267 2475 ‚
1287 2451 1319 2471 ut
1329 2451 1391 2470 uno
1401 2442 1509 2481 prcelio
1518 2443 1689 2481 putaremus
1701 2461 1709 2475 ,
1728 2440 1747 2470 si
1763 2450 1827 2471 non
1838 2449 1931 2471 totam
1942 2440 2059 2470 causam
2070 2459 2078 2474 ‚
2098 2449 2131 2471 at

1168 2484 1247 2513 certe
1268 2482 1404 2513 nostrum
1423 2483 1569 2521 iudicium
1588 2481 1709 2513 definiri
1725 2484 1898 2513 convenire.
1923 2484 2032 2523 Neque
2046 2482 2128 2523 quis-

1169 2535 1259 2566 quam
1271 2526 1346 2556 hanc
1356 2523 1487 2554 nostram
1499 2525 1675 2554 sententiam
1685 2525 1755 2554 vere
1770 2534 1915 2565 umquam
1926 2523 2126 2564 reprehendit,

1171 2576 1273 2607 praeter
1291 2577 1362 2600 eos,
1391 2569 1444 2606 qui
1460 2566 1639 2596 arbitrantur
1655 2567 1765 2596 melius
1783 2565 1841 2596 effe
1855 2586 1864 2600 ‚
1884 2566 1976 2596 deleri
1995 2567 2128 2595 omnino

1170 2618 1264 2648 remp.
1276 2608 1367 2649 quam
1379 2610 1573 2639 imminutam
1587 2628 1595 2641 ,
1611 2608 1835 2638 &debilitatam
1847 2617 1976 2638 manere.
1998 2609 2063 2647 Ego
2074 2616 2130 2636 au-

1172 2660 1234 2680 tem
1253 2661 1291 2680 ex
1309 2652 1432 2680 interitu
1450 2651 1514 2690 ejus
1533 2650 1648 2680 nullam
1664 2651 1745 2690 spem
1760 2650 1872 2680 scilicet
1883 2649 1960 2680 mihi
1973 2657 2128 2688 propone-

1171 2693 1259 2722 bam:
1281 2702 1318 2722 ex
1328 2692 1462 2732 reliquiis
1474 2702 1625 2734 magnam.
1647 2691 1703 2723 Sed
1715 2697 1748 2722 ea
1757 2690 2007 2722 suntconsecuta‚
2021 2699 2130 2720 utma-

1171 2736 1216 2775 gis
1227 2736 1342 2765 mirum
1353 2733 1386 2764 sit
1396 2754 1405 2769 2
1418 2734 1551 2765 accidere
1560 2735 1612 2764 illa
1620 2732 1747 2773 potuiffe
1757 2753 1766 2768 ‚
1779 2732 1868 2775 quam
1879 2741 1936 2762 nos
1944 2740 2010 2762 non
2020 2731 2130 2764 vidiss'e

2095 2784 2130 2806 ea

589 2835 2134 2845 Μ

807 2863 821 2898 ]
1172 2862 1256 2888 Palat.
1266 2861 1366 2902 primo,
1375 2859 1520 2891 Vaticanis,
1532 2858 1632 2885 Peckio
1642 2857 1774 2893 excerptis
1788 2876 1796 2888 ,
1806 2855 1980 2887 editionibus,
1990 2856 2128 2891 primaria,

214 2872 224 2890 r
232 2884 237 2889 .
260 2866 525 2900 UnmscIIicctfi-ussm,
535 2867 610 2899 quiin
620 2872 642 2890 te
651 2863 753 2890 videndo
762 2865 804 2889 eff.
843 2863 885 2889 Sic
895 2861 993 2897 scripsi,
1004 2860 1075 2896 quod
1085 2860 1129 2887 alii

173 2899 234 2925 libri
248 2900 370 2935 ignorant
390 2904 419 2927 Tb
437 2904 475 2927 ille
487 2901 561 2928 (ficut
572 2901 640 2927 Pall.
653 2900 841 2935 Hittorpianns
854 2919 862 2930 ,
883 2898 983 2925 Peckio
994 2904 1130 2933 excerpta,

173 2935 258 2961 editio
269 2934 349 2971 prisea
360 2937 386 2961 δε
400 2937 562 2970 Manutiana)
575 2937 619 2963 alii
632 2937 662 2962 τῖι
678 2936 764 2967 scincet
775 2955 782 2967 ‚
793 2944 849 2971 quae
861 2943 954 2961 revera
963 2934 1021 2959 duae
1033 2934 1130 2959 vocula:

173 2970 207 2997 ab
216 2971 402 3007 glol'sograplio
412 2972 551 3004 interje6'ta
564 2972 634 2999 sunt.
655 2971 789 2998 Palatinus
800 2974 872 2997 certe
884 2971 972 2997 sextus
985 2989 994 3001 ‚
1012 2970 1130 3004 nnussri-

171 3007 334 3041 litetfi-uflm.
351 3006 422 3042 quod
434 3018 565 3043 nunqnam
576 3008 641 3035 alias
654 3007 739 3034 facere
758 3006 840 3034 soleat
852 3026 860 3038 ,
880 3014 909 3035 ut
928 3009 997 3033 inter
1015 3005 1130 3032 scriben-

173 3042 238 3069 dum
253 3043 374 3104 (poluerit
393 3042 526 3069 consulere
545 3045 631 3079 captui
649 3043 704 3070 suo.
725 3043 804 3070 Nihil
824 3043 910 3070 verius
929 3042 966 3069 est
980 3042 1026 3069 hac
1045 3041 1133 3069 nostra

173 3087 250 3106 emen
272 3087 368 3105 atione.

210 3123 238 3141 2.
257 3115 332 3147 'Propi
347 3116 412 3141 nihil
418 3115 461 3140 ribi
478 3115 522 3138 eri:
531 3115 644 3145 lautius,
663 3116 727 3140 nihil
736 3115 880 3148 glorioſsim]
901 3113 1002 3149 Recepi
1022 3112 1130 3149 quidem

169 3148 238 3179 lianc
250 3150 396 3180 lostionem
406 3149 440 3179 ub
449 3148 602 3178 consensum
612 3157 654 3178 tot
664 3150 794 3180 libroruin
805 3161 812 3180 z
833 3150 945 3179 habetur
960 3150 1034 3189 *enim
1044 3150 1092 3179 illa
1103 3149 1131 3178 in

1174 2897 1338 2927 Viestoriana,
1350 2895 1391 2923 sed
1404 2904 1490 2922 tamen
1502 2902 1530 2921 ut
1541 2894 1623 2929 magis
1633 2892 1742 2928 probem
1753 2893 1865 2919 Palatini
1877 2891 1944 2919 sexti
1955 2892 2127 2928 scripturam:

1169 2941 1269 2966 propera
1280 2943 1288 2964 3
1309 2934 1372 2958 nihil
1377 2934 1421 2958 tibi
1429 2935 1473 2956 erit
1481 2933 1573 2956 lautius·
1581 2941 1589 2955 .·
1609 2937 1638 2955 ut
1648 2929 1800 2955 emendavit
1811 2927 1882 2955 reete
1894 2928 2045 2960 Manutius,
2056 2926 2130 2964 qnod

1172 2970 1199 2996 in
1211 2979 1264 2996 nno
1274 2968 1432 2995 Maffeorum
1442 2966 1567 2992 invenisse
1578 2965 1699 2996 testatur,
1709 2965 1773 2991 &in
1784 2964 1869 2991 altero
1879 2972 2043 2998 unopropere.
2061 2963 2130 2990 Vul-

1173 3012 1236 3041 gatu
1241 3015 1266 3031 m
1278 3004 1312 3031 est
1325 3014 1330 3030 ι
1353 3012 1380 3028 ut
1389 3012 1417 3028 ea
1424 3004 1534 3035 fitflinere
1539 3004 1605 3035 poffls
1615 3013 1622 3027 .-
1631 3000 1746 3026 mmm&
1753 3004 1799 3026 erit
1806 3003 1910 3027 lautius.

1211 3049 1238 3076 3.
1257 3041 1335 3073 Abeffiv
1344 3039 1359 3065 ti
1369 3040 1420 3064 belli
1425 3037 1562 3070 paninum
1570 3037 1672 3070 volum]
1693 3037 1783 3072 Vulgi>
1793 3037 1922 3069 neceffaria
1927 3037 2075 3069 pertinacia.
2086 3034 2131 3061 sod

1174 3086 1222 3103 nos
1233 3085 1289 3103 tum
1303 3074 1421 3100 voculam
1433 3083 1483 3100 non
1495 3073 1660 3100 necessariam
1672 3073 1700 3098 Sc
1711 3072 1753 3098 liic
1767 3074 1882 3109 ineptam
1893 3091 1901 3104 ‚
1915 3079 1971 3099 tum
1983 3073 1998 3098 ιὶ
2009 3071 2132 3098 Palatino

1175 3112 1262 3143 sexto,
1277 3110 1462 3145 Hittorpimo,
1473 3108 1601 3136 Medicaeo
1613 3129 1620 3142 ‚
1632 3108 1786 3138 Victoriana
1796 3107 1914 3138 editione
1923 3107 2057 3136 exclusam
2067 3116 2134 3144 pro-

1168 3148 1258 3178 *zelare
1268 3146 1315 3183 ipfi
1325 3154 1431 3183 quoque
1442 3145 1586 3174 voluimus.
2099 3181 2134 3205 Et

2057 3187 2081 3206 1,

2149 2165 2192 2198 ¹5
