2297 3389
16 2269 26 2452 ‚-„,„‚,„,.
18 2187 23 2246 «-

30 2404 38 2477 —n-.

16 2632 45 2660 ‚J
16 2574 43 2619 na
18 2484 22 2494 -

16 2770 23 2783 »
17 2754 21 2758 .

27 2753 36 2784 ἢ

12 3107 49 3389 r*-
16 2789 43 3092 mxi-Ais·

644 141 986 185 -ORAi-io

174 228 211 260 in
220 227 339 260 audacia
346 224 497 259 Saturnini
505 243 513 258 ‚
526 221 599 254 &in
610 222 785 252 colluvione
795 220 880 252 Drusi
895 242 903 255 ,
915 222 946 252 Sc
958 223 989 251 in
999 230 1127 251 conten-

178 279 260 301 tione
269 271 410 310 Sulpicii,
430 268 463 297 &
475 269 508 296 in
521 274 627 295 cruore
637 266 776 294 Cinnano
787 284 795 297 ‚
816 266 905 294 etiarn
916 266 994 293 inter
1006 263 1125 292 Sullana

178 322 260 343 arma
269 314 427 342 vixerunt,
447 308 527 338 solus
537 305 720 336 conculcaris
732 324 740 338 ‚
759 315 791 334 ac
809 315 862 344 pro
879 305 979 334 nihilo
995 306 1124 343 putaris:

177 356 232 394 qui
241 353 395 384 consulem
407 349 498 379 morti
507 348 649 385 objeceris
660 366 668 379 ‚
687 346 835 376 inclusum
846 346 994 376 obsederis
1007 364 1016 378 ‚
1030 353 1126 374 extra-

176 395 249 425 here
266 403 303 424 ex
314 393 372 423 suis
389 391 473 421 testis
491 398 615 419 conatus
635 387 686 417 sis:
707 390 759 428 qui
776 390 808 417 in
825 398 860 417 eo
877 386 1045 427 magistratu
1061 395 1125 415 non

179 430 274 466 modo
287 433 439 463 emerseris
451 442 486 460 ex
497 430 676 460 mendicitate
687 449 695 463 ‚
714 429 761 459 sed
773 432 862 459 etiam
873 429 986 459 divitiis
997 437 1053 457 nos
1060 428 1124 466 jam

175 478 237 507 tuis
247 485 351 506 terreas
361 485 366 503 z
376 473 506 503 fuerisne
517 481 595 502 tanta
604 471 774 501 crudelitate
785 491 791 504 ‚
805 480 837 500 ut
845 469 976 500 dele&os
986 471 1079 501 viros,
1093 468 1124 498 ὃς

175 519 324 558 principes
342 517 470 545 civitatis
484 514 588 545 tollere
599 533 608 546 ‚
629 513 661 542 ὃς
674 512 771 542 delere
783 522 831 542 tua
842 514 995 553 rogatione
1004 519 1127 540 conare-

117 565 160 591 10
176 561 238 589 ris?
280 556 358 587 Cum
377 558 560 586 L.Vettiutn
573 575 581 588 ,
602 556 654 595 qui
673 557 704 584 in
723 554 824 584 senatu
843 551 991 583 confess'us
1010 549 1080 581 ess'et
1098 551 1127 580 se

175 609 247 630 eum
257 599 317 628 telo
326 597 413 628 fuiss'e
424 618 432 631 ,
445 600 500 628 Cn.
511 598 657 636 Pompejo
666 617 674 628 ‚
691 596 812 626 summo
822 615 830 629 ‚
844 595 877 624 ὃ(
885 592 1045 624 clarissimo
1054 594 1124 625 civi,

172 641 234 672 suis
245 640 382 670 manibus
392 649 497 669 necem
507 637 610 668 afferre
618 636 748 667 voluifl'e
758 658 766 671 ‚
784 639 816 666 in
824 638 1005 666 concionem
1016 633 1128 673 produ-

174 684 256 713 xeris
265 702 273 715 ‚
285 681 417 711 indicem
429 683 460 711 in
472 679 588 711 Rostris
596 700 603 713 ,
615 682 648 709 in
659 679 714 708 illo
724 699 733 712 ,
745 681 869 718 inquam
880 697 888 709 ,
901 685 1040 716 augurato
1050 683 1127 705 tem-

174 724 227 765 plo
237 743 245 758 ‚
267 733 299 754 ac
309 724 376 753 loco
388 723 546 752 'collocaris
555 742 564 755 ,
579 720 640 762 quo
649 719 831 750 austeritatis
842 716 1032 757 exquirendae
1043 715 1127 745 causa

174 767 265 795 ceteri
275 765 388 794 tribuni
399 765 477 804 pleb.
489 766 637 803 principes
651 763 777 791 civitatis
788 758 952 798 producere
963 757 1128 787 consueve-

174 816 247 837 runt
256 826 264 840 ,
286 805 328 836 ibi
341 816 373 836 tu
386 806 518 836 indicem
531 806 667 834 Vettium
677 822 685 835 ‚
708 803 842 841 linguam
852 819 861 832 ⁵
883 799 915 828 &
925 808 1031 828 vocem
1044 798 1124 828 suam

175 852 187 868 ¹
198 848 316 881 sceleri,
332 849 365 878 &
375 850 472 877 menti
483 856 542 876 tuae
549 845 677 885 praebere
687 841 827 874 voluisti,
843 850 875 870 ut
885 840 995 870 diceret
1004 841 1042 869 L„
1054 842 1124 869 Vet-

172 891 232 919 tius
244 892 275 920 in
286 892 435 919 concione
448 898 496 918 tua
506 908 516 920 ‚
535 894 652 924 rogatus
663 883 678 914 ὲ
690 892 716 913 te
726 903 734 916 ‚
755 883 784 913 se
797 882 932 913 auetorcs
941 901 950 915 ,
971 882 1004 911 &2
1013 881 1128 921 impul-

172 932 251 962 sores
263 952 271 964 ,
293 931 325 961 &
335 931 430 961 socios
448 926 580 958 habuisse
589 926 704 956 sceleris
717 925 798 954 illius
808 934 859 954 eos
871 925 952 954 viros
961 942 970 957 ‚
990 923 1098 963 quibus
1110 922 1126 952 ὲ

170 974 290 1003 civitate
300 972 419 1002 sublatis
429 991 437 1004 ‚
457 969 538 1010 quod
557 978 588 998 tu
607 977 644 997 eo
661 976 796 1006 tempore
817 965 984 995 moliebare
994 984 1002 998 ‚
1021 966 1126 994 civitas

166 1013 242 1050 stare
250 1024 312 1044 non
321 1011 416 1053 poffet
428 1015 438 1041 ?
455 1013 498 1040 M.
509 1009 653 1040 Bibulum
663 1028 670 1042 ‚
690 1010 776 1047 cujus
787 1005 953 1038 inclusione
963 1015 1126 1036 contentus

171 1066 238 1086 non
247 1064 318 1088 eras,
327 1052 492 1083 interficere
501 1052 638 1082 volueras
649 1071 657 1083 ‚
670 1051 844 1089 spoliaveras
854 1048 1008 1078 consulatu
1018 1067 1026 1081 ,
1036 1049 1127 1087 patria

169 1098 285 1136 privare
294 1095 432 1135 cupiebas
444 1105 450 1123 z
465 1093 671 1124 L.Lucullum
680 1112 688 1125 ,
699 1092 783 1131 cujus
793 1100 824 1121 tu
835 1090 921 1120 rebus
931 1089 1030 1130 gestis,
1042 1089 1126 1129 quod

170 1138 232 1178 ipse
241 1137 275 1167 ad
286 1138 488 1177 imperatorias
497 1135 622 1165 laudesa
632 1143 723 1173 puero
735 1132 873 1163 videlicet
887 1133 905 1162 s
899 1131 1028 1171 pe&atas
1039 1150 1047 1164 ‚
1072 1141 1124 1160 ve-

168 1178 344 1209 hementius
363 1177 518 1208 invidebas
534 1187 540 1206 z
567 1179 598 1206 C.
610 1177 774 1205 Curionem
785 1194 794 1207 ‚
814 1183 990 1214 perpetuum
1003 1171 1120 1202 hostem

168 1220 383 1261 improborum
398 1221 539 1250 omnium
551 1238 559 1251 2
579 1216 733 1247 auci-orem
748 1216 860 1256 publici
878 1213 1013 1248 consilii,
1034 1214 1124 1243 liber-

168 1270 226 1293 tate
236 1263 397 1292 communi
407 1261 515 1291 tuenda
533 1259 668 1289 maxime
688 1258 817 1288 liberum
830 1277 837 1290 ‚
856 1267 927 1287 cum
940 1255 1002 1285 filio
1011 1257 1125 1295 princi-

168 1314 206 1344 pe
216 1305 383 1343 juventutis
395 1323 405 1336 ,
424 1312 495 1332 curn
506 1302 569 1341 reip
589 1300 657 1339 conj
662 1299 798 1329 unffiore
807 1300 897 1328 etiam
909 1318 917 1331 ‚
929 1298 1019 1337 quam
1030 1297 1066 1327 ab
1075 1298 1126 1326 1113

168 1353 250 1374 arare
268 1344 480 1385 postulandum
498 1343 556 1372 fuit
564 1363 573 1376 ‚
596 1342 694 1372 delere
713 1339 835 1374 voluisti
855 1350 860 1368 2
890 1341 921 1369 L.
934 1340 1124 1372 Domitium,

170 1388 218 1427 cuj
223 1397 256 1416 us
267 1387 394 1427 dignitas
404 1405 413 1419 ‚
429 1386 461 1415 &
471 1385 610 1424 splendor
628 1387 642 1402 2
649 1381 869 1422 praestringebat
879 1400 887 1414 ,
899 1381 988 1410 credo
999 1400 1007 1413 ‚
1022 1380 1125 1410 oculos

169 1431 302 1461 Vatinii,
315 1437 405 1468 quern
417 1436 447 1456 tu
457 1435 576 1466 propter
584 1433 751 1454 commune
762 1425 869 1453 odium
880 1425 913 1451 in
924 1422 1022 1452 bonos
1030 1441 1038 1455 ‚
1051 1421 1125 1451 ode-

167 1479 230 1500 ras:
250 1471 283 1499 in
303 1468 455 1509 posterum
475 1477 575 1497 autem
593 1474 712 1506 propter
728 1465 871 1494 omnium
891 1464 972 1504 spem
983 1483 992 1497 ‚
1011 1473 1075 1504 quae
1090 1463 1125 1492 de

125 1529 127 1531 ·
165 1511 222 1542 illo
234 1509 276 1540 est
285 1531 293 1543 ,
310 1519 396 1550 atque
405 1518 482 1542 erat,
499 1509 569 1539 ante
577 1510 729 1548 aliquanto
740 1506 866 1536 timebas
880 1517 885 1535 2
908 1507 947 1535 L.
959 1506 1124 1535 Lentulum

60 2043 141 2081 211

166 1554 250 1582 hunc
263 1552 398 1591 judicem
413 1550 548 1581 nostrum
558 1571 570 1583 .‚
592 1549 749 1578 flaminem
762 1547 930 1577 Martialem
941 1567 950 1581 ,
970 1545 1052 1587 quod
1066 1556 1126 1576 erat

168 1604 205 1624 eo
215 1602 349 1633 tempore
359 1593 483 1623 Gabinii
495 1594 538 1622 tui
547 1593 745 1631 competitor,
758 1590 892 1629 ejusdem
903 1592 997 1618 Vettii
1007 1588 1123 1618 indicio

168 1637 338 1675 opprimere
349 1634 481 1665 voluisti.
505 1636 566 1674 Qi
585 1631 606 1663 si
623 1642 688 1663 tum
707 1632 791 1662 illam
811 1631 909 1661 labem
922 1651 930 1664 ‚
946 1629 1123 1675 ⁴pestemque

168 1675 295 1710 viciss'et,
305 1677 388 1718 quod
398 1679 426 1706 ei
435 1685 487 1707 tuo
497 1677 604 1707 scelere
613 1685 677 1705 non
687 1674 783 1707 licuit,
794 1674 866 1713 resp.
878 1672 958 1703 vista
968 1682 1032 1702 non
1042 1671 1121 1702 esset.

167 1719 269 1759 Hujus
277 1721 367 1749 etiam
380 1718 477 1748 filiuni
487 1718 595 1748 eodem
608 1717 722 1747 indicio
733 1737 742 1749 ,
764 1716 797 1746 &
814 1717 961 1749 crimine,
981 1715 1016 1745 ad
1035 1716 1122 1754 patris

166 1762 322 1790 interitum
332 1770 480 1801 aggregare
491 1759 625 1790 voluisti.
651 1759 826 1789 L.Paullum
838 1778 846 1792 ‚
858 1759 986 1798 quitum
997 1755 1123 1797 quaestor

167 1801 382 1832 Macedoniarn
392 1802 546 1832 obtinebat
556 1822 565 1835 ‚
584 1811 675 1842 quem
685 1802 786 1830 civem
798 1802 809 1828 ?
828 1809 919 1840 quem
929 1801 1031 1829 virum
1042 1801 1052 1827 ?
1070 1800 1122 1838 qui

166 1844 245 1874 duos
258 1843 389 1874 nefarios
401 1840 499 1883 patriae
509 1843 686 1883 proditores,
697 1840 878 1872 domesticos
891 1839 1122 1880 hosteis,leg1bm

169 1887 391 1917 exterminati-at,
400 1886 558 1915 hominem
567 1884 604 1914 ad
614 1883 845 1914 conservandam
854 1891 949 1921 remp.
961 1890 1077 1915 natum,
1089 1883 1123 1911 in

170 1926 253 1956 idem
265 1927 358 1955 Vettii
368 1926 535 1960 indicium,
554 1935 641 1966 atque
659 1926 694 1954 in
711 1924 841 1954 eundem
861 1925 941 1953 hunc
957 1932 1120 1952 numerum

171 1967 362 2009 congregasti.
385 1967 467 2008 Qd
477 1978 530 2008 ego
541 1967 576 1997 de
587 1977 637 1996 me
647 1969 770 2006 querar?
786 1967 838 2006 qui
848 1967 937 1995 etiam
949 1966 1054 2005 gratias
1065 1965 1119 1994 tibi

169 2019 252 2051 agere
262 2009 357 2038 debeo
367 2029 376 2043 ‚
397 2008 480 2049 quod
499 2019 549 2038 me
567 2018 605 2038 ex
622 2006 850 2037 fortissimorum
865 2009 979 2037 civium
993 2016 1121 2036 numero

168 2051 386 2091 sejungendum
405 2061 468 2081 non
486 2053 606 2091 putaris.
649 2049 707 2080 Sed
724 2051 777 2090 qui
794 2048 852 2078 fuit
869 2049 921 2078 ille
939 2057 1006 2078 tuus
1025 2056 1122 2078 tantus

165 2091 269 2126 furor,
290 2102 322 2122 ut
332 2113 340 2126 ‚
362 2092 432 2122 cum
448 2094 506 2129 jam
518 2094 633 2122 Vettius
643 2092 678 2122 ad
690 2091 843 2121 arbitrium
856 2099 942 2121 tuum
952 2088 1120 2130 perorass'et,

166 2134 202 2164 δε
216 2135 344 2164 civitatis
363 2135 482 2164 lumina
500 2133 624 2164 notasset
636 2154 645 2166 ‚
668 2131 921 2173 descendissbtque
939 2133 975 2162 de
994 2131 1119 2165 Rostris,

162 2185 235 2206 eum
253 2175 373 2215 repente
392 2186 544 2205 revocares
556 2196 564 2208 ,
588 2176 792 2215 colloquerere
807 2195 816 2207 ‚
839 2175 952 2214 populo
970 2177 1115 2204 Romano

163 2216 285 2247 vidente
297 2220 307 2246 ?
325 2217 433 2247 deinde
445 2219 638 2257 interrogares
650 2237 658 2250 ,
679 2217 858 2256 ecquosnam
869 2218 944 2246 alios
954 2214 1048 2255 poss'et
1059 2226 1117 2245 no-

105 2268 118 2292 ¹„
164 2260 278 2289 minare
293 2260 304 2287 ?
325 2259 520 2288 inculcarisne
532 2278 540 2291 ,
553 2268 594 2288 ·ut
612 2261 644 2288 C.
654 2259 794 2288 Pisonem
807 2278 816 2291 ‚
835 2268 979 2299 generum
998 2267 1115 2290 meum,

163 2302 334 2331 nominaret
349 2310 354 2329 :
376 2301 428 2340 qui
445 2301 478 2330 in
500 2300 618 2330 summa
635 2301 721 2339 copia
740 2301 929 2338 optimorum
947 2299 1119 2329 adolescen-

161 2344 239 2372 tium
249 2362 258 2376 ,
269 2343 331 2381 pari
341 2343 528 2372 continentia
538 2362 546 2374 ‚
559 2343 667 2370 virtute
678 2360 686 2373 ‚
698 2342 803 2380 pietate
815 2341 938 2380 reliquit
948 2343 1119 2369 neminem?

162 2385 294 2424 itemque
306 2384 543 2414 M-Laterensem
556 2403 565 2417 ‚
584 2383 743 2412 hominem
755 2381 817 2411 dies
829 2401 838 2416 ‚
859 2391 944 2422 atque
954 2381 1071 2411 noeteis
1082 2381 1118 2411 de

160 2425 248 2455 laude
260 2445 269 2459 ‚
289 2425 321 2454 &
333 2425 369 2454 de
382 2434 441 2464 rep.
452 2427 634 2466 cogitantem
649 2426 660 2453 ?
677 2423 915 2464 promulgaril'ne
925 2443 934 2457 ,
957 2422 1116 2463 impurissi-

162 2476 213 2497 me
221 2486 230 2500 ‚
244 2467 275 2496 &
285 2465 477 2506 perditiffime
487 2465 580 2496 hostis
590 2486 598 2500 ,
610 2466 807 2506 quaestionem
818 2465 853 2495 de
865 2474 908 2495 tot
917 2463 1115 2505 ampliffirnis‚

163 2508 198 2538 &
219 2508 327 2538 talibus
345 2509 434 2542 viris,
461 2508 633 2538 3indicium
643 2509 746 2537 Vettio
764 2526 772 2540 ‚
795 2507 908 2548 praemia
925 2506 1116 2547 ampliffima?

159 2549 270 2591 quibus
287 2549 398 2582 rebus,
422 2552 564 2580 omniurn
583 2549 757 2579 mortalium
778 2559 842 2578 non
862 2549 1017 2578 voluntate
1035 2568 1044 2582 ‚
1067 2548 1116 2578 sed

160 2592 304 2621 convicio
324 2590 484 2630 repudiatis
494 2611 502 2624 ‚
522 2590 680 2632 fregerisne
695 2592 727 2619 in
740 2600 852 2620 carcere
863 2591 992 2619 cervices
1007 2588 1059 2629 ipsi
1069 2590 1115 2619 illi

160 2634 264 2663 Vettio
274 2652 282 2666 ‚
299 2631 417 2674 nequod
428 2633 574 2662 indicium
585 2633 715 2671 corrupti
728 2631 955 2668 indicii‚extaret
965 2651 973 2665 ‚
992 2631 1113 2671 ejusque

160 2675 276 2705 sceleris
286 2676 318 2703 111
331 2683 359 2704 te
370 2674 465 2714 ipsum
476 2673 583 2715 questio
595 2673 772 2714 flagitaretur
786 2676 796 2702 ?
819 2675 856 2702 Et
866 2693 874 2706 ,
893 2674 1038 2713 quoniam
1049 2683 1112 2703 cre-

157 2714 215 2746 bro
226 2716 343 2756 usurpas
355 2736 364 2749 ,
385 2716 481 2756 legem
493 2725 520 2745 te
531 2716 567 2746 de
576 2716 695 2746 alternis
705 2712 836 2744 consiliis
847 2714 1018 2752 rejiciendis
1030 2714 1113 2744 tulis-

160 2757 207 2791 se,
229 2766 261 2787 ut
273 2767 380 2787 omnes
396 2758 580 2798 intelligant,
601 2766 629 2787 te
649 2767 686 2786 ne
702 2755 782 2786 reue
800 2755 922 2796 quidem
940 2754 1034 2785 facere
1054 2754 1112 2785 sine

163 2798 270 2830 scelere
279 2797 406 2839 potuifle
417 2818 426 2832 ‚
446 2809 562 2839 quaem,
585 2799 657 2830 cum
677 2799 726 2828 lex
744 2797 815 2828 ess'et
831 2807 913 2838 aequa
928 2798 1113 2839 promulgata

198 2917 222 2934 ι.
238 2911 323 2934 Sceleri
338 2909 447 2939 &menti
464 2916 507 2934 tux
521 2908 646 2942 νῶιν-6,]
668 2908 726 2934 Pal.
738 2907 788 2934 sec.
807 2912 857 2934 mci
875 2916 927 2933 tux.
949 2907 1112 2934 Gulielmius

157 2944 315 2978 conjiciebat
331 2946 446 2970 (It-mentite
455 2953 507 2972 tue.
526 2943 569 2971 sed
579 2944 662 2981 potest
681 2944 746 2971 stare
769 2945 875 2979 vulgata
886 2963 894 2976 ‚
915 2943 1070 2979 respicitquc
1080 2942 1112 2969 ad

159 2979 266 3015 sequens
277 2982 405 3006 molit-hare.

198 3024 226 3040 2.
244 3016 445 3050 Praestringcblqt]
465 3016 508 3042 Sic
517 3016 574 3043 Pal.
586 3015 636 3042 sec.
648 3023 736 3052 quart.
755 3015 811 3042 οξὶ.
823 3026 873 3042 uon
884 3015 942 3042 dcc.
963 3015 1043 3051 vulgo
1056 3023 1111 3042 crat

153 3051 332 3084 perstringebat.

198 3093 223 3119 3.
243 3085 356 3124 Indicium
365 3088 435 3112 Vinio
447 3105 454 3117 ‚
462 3091 559 3120 praemia
569 3088 729 3122 ampltffima]
751 3088 824 3114 Mali:
838 3087 914 3114 hodic
924 3087 989 3114 editi
1001 3107 1009 3119 ,
1029 3088 1112 3113 indici.

154 3119 269 3147 alterum
280 3121 303 3145 1:
315 3128 404 3146 tuctur
414 3121 477 3147 olim
488 3123 552 3149 'CUfiS
562 3131 591 3149 ac
601 3124 668 3149 i’all.
679 3125 743 3150 item
754 3123 823 3150 libro
834 3126 861 3150 5.
872 3124 1000 3150 Vicum-is.

192 3163 219 3188 4.
242 3156 326 3190 (Αἰακέ
342 3159 386 3182 Cn.
407 3159 532 3184 Lentulum
550 3159 722 3195 Clodianum]
744 3160 858 3196 Vulgata
876 3164 921 3187 Cn.
941 3161 1067 3187 Lentulum
1086 3169 1115 3191 ω·

1058 147 1151 184 IN*v

1202 138 1631 188 VATiNJUM.
2055 154 2146 205 513

1182 224 1273 253 initio
1285 222 1474 263 magistratus
1485 242 1493 257 ‚
1509 224 1618 254 multas
1628 223 1716 253 etiam
1729 223 1799 253 alias
1810 222 1922 253 tulisses
1931 242 1939 257 ‚
1952 221 2146 262 exspeStaris-

1183 275 1219 294 ne
1231 285 1239 298 ,
1255 265 1329 294 dum
1343 266 1535 295 C-Antonius
1545 275 1611 295 reus
1622 263 1704 295 fieret
1718 264 1818 304 4apud
1830 267 1884 295 Cn.
1894 265 2060 294 Lentulum
2071 264 2144 294 Clo-

1181 306 1328 336 dianum?
1349 307 1381 336 &
1391 306 1581 347 posteaquam
1596 307 1647 336 illc
1661 305 1703 336 est
1715 316 1781 336 reus
1790 305 1884 336 faetus
1896 326 1904 340 ‚
1926 305 2023 336 statim
2036 305 2140 335 tuleris

1179 348 1211 375 in
1223 357 1292 376 eum
1305 367 1313 380 ,
1334 350 1386 387 qui
1403 357 1483 378 tuam
1502 347 1568 388 post
1585 348 1683 388 legem
1701 357 1766 377 reus
1781 347 1874 377 fusius
1888 346 1975 377 ess'et:
1996 357 2028 377 ut
2041 348 2138 376 homo

1177 389 1339 417 consularis
1357 389 1513 422 exclusus,
1537 390 1627 419 miser
1641 409 1649 422 ,
1672 388 1786 428 pun&o
1804 392 1949 429 temporis
1966 389 2139 428 spoliaretur

1176 427 1300 473 beneficio
1311 449 1319 461 ,
1333 430 1364 458 &
1375 432 1510 469 aequitate
1521 431 1594 470 legis
1604 439 1661 460 tua:
1673 433 1683 459 ?
1707 433 1816 463 Dices,
1832 430 2067 460 familiaritatem
2078 429 2135 460 tibi

1174 468 1261 498 fuisse
1278 479 1348 498 cum
1367 473 1563 510 QMaximo.
1611 472 1747 502 Praeclara
1766 471 1897 502 defensio
1917 471 2059 502 facinoris
2079 473 2135 501 tui.

1178 520 1249 540 nam
1264 512 1394 541 Maximi
1407 513 1531 551 quidem
1545 513 1661 542 summa
1673 513 1734 542 laus
1752 514 1813 546 est,
1833 514 1939 544 sumtis
1950 515 2136 546 inimicitiis,

1176 552 1302 591 suscepta
1320 552 1403 582 causa
1413 572 1421 585 ‚
1441 552 1592 592 quaesitore
1604 574 1611 586 ‚
1634 553 1821 595 consilioque
1833 554 1950 584 deleSto
1961 575 1969 588 ‚
1991 564 2139 589 commo-t

1174 593 1291 623 diorem
1302 597 1315 620 5
1324 595 1453 622 inimico
1465 594 1517 623 suo
1528 595 1741 624 conditionem
1752 596 1926 634 re11‘e8ti0nis
1936 596 2003 627 dare
2013 596 2132 626 noluis-

1176 635 1221 664 se:
1243 634 1380 674 nihilque
1391 636 1545 664 Maximus
1563 636 1633 665 fecit
1654 637 1785 666 alienum
1804 647 1854 667 aut
1871 638 1919 668 sua
1934 640 2063 670 virtute,
2084 646 2134 667 aut

1179 676 1240 705 illis
1258 677 1330 705 viris
1342 674 1527 709 clariffimis,
1548 677 1643 706 Paulis
1656 696 1663 708 ,
1684 679 1845 711 Maximis,
1869 679 2036 709 Africanis:
2056 689 2133 719 quo-

1176 727 1241 746 rum
1262 717 1390 757 gloriam
1410 718 1500 756 hujus
1519 718 1631 746 virtute
1651 727 1823 748 renovatam
1842 730 1905 750 non
1924 720 2018 750 modo
2037 721 2133 760 spera-

1180 768 1248 787 mus
1260 778 1268 791 ,
1287 757 1394 788 verum
1406 759 1496 788 etiam
1505 758 1567 797 jam
1577 758 1726 787 videmus.
1749 768 1798 789 tua
1807 760 1883 790 fraus
1893 781 1900 794 ,
1919 772 2005 791 tuum
2016 760 2133 792 malefi-

1177 802 1258 829 cium
1271 820 1279 833 ,
1293 809 1379 829 tuum
1390 800 1484 829 scelus
1495 799 1570 829 illud
1582 799 1623 829 est
1633 819 1641 832 ‚
1657 808 1684 829 te
1695 800 1725 829 id
1739 820 1747 832 .
1761 802 1842 840 quod
1853 802 2066 844 promulgasses
2075 804 2134 831 mi-

1166 842 1317 880 sericorum
1334 843 1461 871 nomine
1481 861 1489 874 ,
1519 840 1554 870 ad
1576 840 1755 870 crudelitatis
1774 851 1891 881 tempus
1909 843 2064 874 distulisse.
2088 849 2133 875 Ac

1172 893 1254 913 nunc
1265 882 1390 923 quidem
1405 885 1440 913 C.
1450 884 1602 912 Antonius
1616 883 1668 912 hac
1684 893 1741 912 una
1755 893 1783 912 16
1798 885 1948 914 miseriam
1962 886 2043 915 suam
2057 896 2130 916 con-

1169 924 1296 957 solatur,
1317 923 1399 965 quod
1413 926 1558 964 imagines
1574 926 1662 964 patris
1674 944 1682 956 ‚
1702 923 1837 955 &fratris
1847 926 1889 955 sui
1902 946 1909 959 ,
1928 925 2079 967 fratrisque
2092 926 2128 957 fi-

1172 966 1245 995 liam
1258 986 1266 1000 ‚
1286 976 1350 996 non
1364 967 1396 995 in
1410 965 1525 996 familia
1534 986 1542 999 ‚
1563 966 1611 995 sed
1624 967 1655 995 'in
1664 976 1776 996 carcere
1786 967 1946 997 collocatas
1956 968 2054 997 audire
2065 979 2129 999 ma-

1174 1008 1246 1040 luit,
1269 1007 1358 1048 quam
1378 1007 1489 1037 videre.
1536 1010 1573 1037 Et
1585 1009 1729 1048 quoniam
1744 1010 1883 1047 pecunias
1893 1009 2022 1039 aliorum
2034 1010 2130 1049 despi-

1177 1051 1221 1079 cis
1229 1068 1238 1083 ‚
1249 1049 1285 1079 de
1296 1051 1354 1079 tuis
1361 1048 1472 1078 divitia
1482 1047 1739 1079 intolerantissime
1749 1050 1884 1090 gloriaris
1895 1071 1903 1083 ,
1915 1050 1988 1080 volo
1997 1053 2041 1080 uti
2053 1053 2129 1081 1111111

1174 1091 1349 1131 respondeas
1361 1111 1368 1124 ‚
1390 1090 1533 1120 fecerisne
1551 1089 1661 1120 foedera
1679 1091 1814 1121 tribunus
1827 1092 1907 1132 pleb.
1919 1102 1989 1122 cum
2000 1094 2126 1122 civitati-

1175 1132 1230 1162 bus
1241 1152 1249 1167 ,
1260 1143 1332 1163 cum
1342 1133 1460 1173 regibus
1472 1152 1480 1165 ,
1497 1131 1568 1162 cum
1581 1134 1727 1162 tetrarchis
1741 1136 1750 1161 ?
1763 1134 1929 1175 erogarisne
1939 1135 2081 1173 pecunias
2092 1144 2131 1164 ex

1173 1177 1274 1205 aerario
1293 1176 1353 1205 tuis
1371 1174 1504 1215 legibus:
1525 1175 1704 1214 eripuerisne
1718 1177 1823 1213 parteis
1834 1176 1888 1205 illo
1900 1184 2034 1215 tempore
2043 1178 2132 1206 caris-

1171 1214 1256 1246 simas
1265 1218 1372 1256 partim
1381 1215 1398 1246 a
1408 1216 1516 1246 Caesare
1528 1236 1536 1249 ,
1555 1218 1664 1255 partim
1682 1215 1697 1245 a
1715 1216 1898 1255 publicanis?
1921 1220 1994 1259 Qae
2005 1217 2077 1247 cum
2088 1219 2129 1248 ita

1173 1256 1229 1288 sint
1237 1278 1245 1292 ‚
1257 1268 1359 1298 quaero
1369 1267 1406 1288 ex
1416 1267 1456 1290 te,
1468 1256 1540 1287 sisne
1550 1267 1588 1286 ex
1596 1260 1786 1297 pauperrimo
1797 1259 1879 1288 dives
1891 1258 1985 1289 faetus
1995 1259 2050 1289 illo
2061 1260 2127 1299 ipso

1173 1309 1253 1329 anno
1264 1320 1273 1332 ‚
1293 1309 1354 1339 quo
1365 1300 1414 1328 lex
1424 1300 1479 1329 lata
1489 1298 1531 1329 est
1542 1299 1578 1328 de
1588 1300 1725 1339 pecuniis
1734 1301 1906 1339 repetundis
1916 1302 2074 1331 acerrima:
2095 1310 2129 1331 ut

1173 1350 1280 1370 omnes
1289 1341 1456 1382 intelligere
1465 1339 1582 1380 poffent
1593 1360 1601 1374 ,
1613 1340 1628 1370 a
1639 1349 1667 1369 te
1679 1350 1742 1370 non
1753 1340 1848 1371 modo
1860 1341 1958 1372 nostra
1968 1341 2041 1375 asta,
2051 1352 2130 1383 quos

1174 1391 1315 1422 tyrannos
1324 1392 1411 1413 vocas
1423 1403 1431 1415 ,
1452 1382 1501 1412 sed
1515 1384 1604 1412 etiam
1618 1381 1788 1412 amiciffimi
1803 1386 1845 1412 tui
1861 1383 1959 1424 legem
1977 1382 2035 1413 effe
2053 1394 2128 1413 con-

1173 1433 1306 1454 temtam.
1330 1424 1406 1464 apud
1421 1434 1512 1464 quem
1529 1432 1561 1453 tu
1575 1425 1663 1454 etiam
1676 1434 1732 1454 nos
1742 1426 1893 1454 criminari
1905 1425 1980 1454 soles
1990 1444 1998 1458 ‚
2019 1427 2073 1464 qui
2083 1425 2129 1455 1111

1172 1466 1274 1495 sumus
1283 1464 1452 1496 amiciffimi
1463 1485 1472 1498 ‚
1489 1465 1560 1495 curn
1572 1475 1603 1495 tu
1616 1467 1642 1495 ei
1651 1464 1952 1496 contumeliofiffime
1964 1468 2054 1496 toties
2064 1477 2128 1496 ma-

1171 1507 1278 1540 ledicas
1289 1527 1297 1541 ,
1319 1509 1437 1548 quoties
1457 1507 1504 1536 illi
1519 1505 1642 1537 affinem
1661 1516 1688 1536 te
1703 1506 1760 1537 ess'e
1775 1507 1860 1537 dicis,
1883 1511 1981 1548 Atque
1993 1507 2070 1537 illud
2084 1517 2128 1537 ct-

1171 1550 1231 1579 iam
1241 1550 1313 1579 scire
1324 1559 1362 1578 ex
1371 1557 1400 1578 te
1410 1549 1500 1588 cupio
1510 1568 1519 1582 ‚
1538 1559 1598 1588 quo
1608 1547 1734 1579 confilio
1743 1569 1752 1582 ‚
1769 1558 1820 1578 au:
1829 1559 1886 1589 qua
1896 1558 1998 1579 mente
2007 1548 2126 1583 feceris,

1172 1600 1204 1620 ut
1213 1593 1246 1620 in
1255 1590 1345 1631 epulo
1355 1592 1474 1630 an'i
1484 1610 1491 1623 ,
1503 1589 1658 1620 familiaris
1670 1592 1748 1624 mei,
1759 1600 1830 1620 cum
1839 1600 1905 1631 toga
1913 1592 1994 1631 pulla
2002 1601 2125 1621 accum-

1171 1632 1253 1662 beres
1263 1636 1273 1662 ?
1282 1642 1375 1674 quem
1386 1641 1532 1672 umquam
1542 1631 1672 1662 videris?
1685 1642 1775 1672 quem
1785 1632 1914 1662 audieris
1925 1636 1935 1662 ἓ
1945 1643 2007 1674 quo
2017 1643 2125 1662 exem-

1166 1675 1219 1714 plo
1230 1694 1238 1708 ‚
1258 1684 1320 1715 quo
1331 1684 1416 1704 more
1425 1673 1530 1704 feceris
1541 1676 1552 1703 ?
1575 1675 1665 1703 Dices
1675 1693 1684 1707 ‚
1704 1674 1934 1714 supplicationes
1945 1684 1972 1704 te
1983 1675 2048 1704 illas
2059 1685 2123 1705 non

1166 1715 1309 1756 probasse.
1337 1718 1462 1757 optime.
1490 1716 1581 1746 nullae
1596 1715 1709 1746 fuerint
1727 1717 1966 1755 supplicationes.
1989 1716 2125 1750 videsne„

1170 1768 1220 1788 me
1236 1759 1314 1789 nihil
1326 1758 1363 1789 de
1377 1760 1448 1788 anni
1461 1758 1545 1792 illius
1556 1758 1657 1791 causa,
1679 1758 1755 1787 nihil
1769 1758 1806 1788 de
1821 1768 1857 1788 eo
1868 1778 1876 1791 ‚
1897 1758 1979 1798 quod
1990 1758 2128 1789 tibicum

1169 1801 1298 1830 summis
1308 1802 1379 1830 viris
1390 1809 1556 1830 commune
1568 1798 1625 1829 effe
1635 1798 1788 1832 videatur,
1809 1799 1857 1829 sed
1871 1800 1907 1830 de
1921 1802 1979 1829 tuis
1996 1802 2126 1840 propriis

1168 1842 1327 1872 sceleribus
1347 1851 1386 1871 ex
1404 1851 1432 1872 tc
1450 1844 1600 1883 quaerere?
1623 1841 1717 1871 Nulla
1726 1841 1899 1880 supplicatio
1908 1840 2008 1871 fuerit.
2031 1840 2120 1875 cedo,

1168 1885 1235 1923 quis
1251 1893 1397 1924 umquam
1415 1885 1528 1913 cenarit
1545 1885 1673 1913 atratus?
1691 1884 1731 1911 ita
1748 1885 1832 1911 enim
1849 1883 1924 1912 illud
1937 1883 2063 1922 epulum
2077 1883 2122 1914 est

1168 1925 1294 1955 funebre
1305 1945 1313 1958 ‚
1326 1934 1358 1954 ut
1367 1934 1479 1954 munus
1488 1923 1521 1954 sit
1530 1923 1643 1954 funeris
1658 1935 1663 1952 1
1679 1924 1773 1962 epulae
1782 1923 1906 1964 quidem
1916 1925 1983 1964 ipsae
1993 1945 2000 1957 ‚
2022 1924 2122 1965 digni-

1166 1968 1242 1996 tatis.
1287 1966 1343 1997 Sed
1354 1968 1466 1996 omitto
1476 1966 1600 2005 epulum
1609 1966 1713 2005 populi
1725 1967 1818 1994 Rom.
1830 1964 1941 1995 festum
1952 1966 2034 1996 diem
2045 1986 2053 1999 ‚
2074 1976 2120 1996 ar—

2141 1979 2178 2011 [Ξ

1165 2017 1275 2049 gento,
1300 2007 1379 2037 veste
1394 2028 1402 2040 ‚
1426 2009 1513 2037 omni
1530 2016 1683 2046 apparatu,
1706 2015 1871 2047 ornatuque
1891 2007 2029 2037 visendo.
2052 2010 2120 2047 quis
2148 2033 2152 2035 1

1169 2060 1313 2090 umquam
1327 2051 1361 2078 in
1374 2047 1455 2078 lustu
1462 2048 1603 2084 domestico
1615 2068 1623 2081 ‚
1645 2050 1711 2088 quis
1722 2050 1755 2078 in
1767 2048 1872 2078 funere
1881 2048 2021 2079 familiari
2031 2059 2122 2079 66113-

1167 2093 1211 2121 ν11
1221 2102 1291 2121 611111
1303 2101 1368 2133 toga
1377 2092 1477 2131 pulla?
1492 2093 1540 2122 cui
1550 2090 1586 2120 de
1597 2090 1710 2120 balneis
1722 2093 1865 2125 exeunti,
1879 2100 1983 2130 praeter
1992 2100 2020 2120 te
2031 2111 2039 2125 ‚
2055 2100 2122 2132 toga

1166 2133 1247 2172 pulla
1259 2144 1405 2174 umquam
1419 2133 1483 2163 data
1499 2132 1561 2162 est?
1579 2132 1651 2162 cum
1663 2140 1707 2161 tot
1719 2133 1883 2162 hominum
1895 2133 1992 2162 millia
2001 2143 2121 2163 accum-

1169 2176 1272 2205 berent
1281 2195 1290 2209 ‚
1306 2175 1377 2205 curn
1388 2175 1450 2214 ipse
1460 2175 1540 2214 epuli
1551 2174 1695 2203 dominus
1707 2193 1715 2206 ,
1728 2176 1877 2213 QArrius
1887 2194 1896 2208 ‚
1913 2174 2027 2204 albatus
2036 2173 2117 2208 efl'et,

1167 2225 1198 2246 tu
1210 2219 1243 2246 in
1258 2217 1406 2256 templum
1419 2216 1547 2246 Castoris
1565 2213 1579 2235 ⁶
1589 2225 1616 2245 te
1627 2225 1695 2244 cum
1708 2218 1741 2245 C.
1753 2216 1862 2245 Fidulo
1872 2225 1962 2246 atrato
1974 2236 1982 2249 ,
2002 2217 2122 2246 ceteris-

1166 2268 1222 2298 que
1239 2261 1299 2288 tuis
1316 2259 1412 2288 Furiis
1430 2256 1583 2287 funestum
1604 2257 1742 2287 intulisti.
1773 2259 1849 2298 Qis
1867 2267 1932 2287 tum
1953 2267 2015 2288 non
2035 2259 2122 2297 inge-

1166 2301 1261 2329 muit?
1279 2301 1347 2340 quis
1357 2309 1420 2329 non
1431 2299 1529 2328 doluit
1537 2301 1608 2338 reip.
1619 2299 1717 2328 casum
1730 2302 1740 2328 ?
1753 2309 1820 2339 quis
1830 2299 1927 2329 sermo
1937 2300 2011 2329 alius
2021 2301 2053 2329 in
2064 2300 2121 2328 illo

1165 2341 1254 2380 epulo
1263 2340 1323 2371 fuit
1334 2361 1342 2374 ,
1363 2339 1417 2370 nisi
1429 2360 1437 2374 ‚
1459 2341 1534 2370 hanc
1548 2349 1658 2370 tantam
1669 2360 1677 2373 ,
1700 2341 1732 2370 &
1746 2349 1804 2370 tam
1818 2350 1938 2382 gravem
1952 2343 2117 2374 civitatem,

1166 2382 1328 2422 subjeetam
1344 2380 1401 2412 efl'e
1415 2392 1479 2412 non
1493 2381 1588 2412 mode)
1602 2381 1715 2415 furori,
1736 2381 1844 2412 verum
1857 2385 1947 2413 etiam
1959 2402 1966 2416 ,
1987 2381 2117 2412 irrisioni

1165 2427 1241 2454 tuae?
1264 2426 1356 2454 Hunc
1373 2433 1405 2454 tu
1423 2434 1542 2454 morem
1559 2424 1736 2464 ignorabas?
1756 2433 1922 2464 numquam
1933 2425 2056 2464 epulum
2071 2425 2120 2454 vi-

1163 2465 1256 2496 deras.
1281 2476 1450 2506 numquam
1470 2476 1543 2505 puer
1561 2475 1609 2495 aut
1629 2465 1798 2496 adolescens
1815 2466 1887 2495 inter
1899 2476 1996 2507 coquos
2008 2464 2119 2495 fueras?

1163 2507 1260 2537 Fausti
1271 2528 1279 2542 ‚
1300 2508 1495 2538 adolescentis
1505 2505 1681 2536 nobiliffimi
1691 2527 1699 2540 ‚
1720 2507 1821 2546 paullo
1831 2516 1897 2537 ante
1907 2517 1945 2536 ex
1953 2507 2041 2546 epulo
2051 2517 2118 2537 ma-

1160 2547 1404 2589 gnificentiffimo
1421 2548 1534 2578 famem
1548 2549 1631 2578 iliam
1645 2557 1777 2578 veterem
1792 2556 1873 2578 tuam
1888 2558 1950 2578 non
1965 2549 2117 2588 expleras?

1160 2601 1251 2631 quem
1263 2591 1438 2622 accumbere
1448 2599 1572 2620 atratum
1582 2589 1707 2622 videras,
1717 2589 1882 2619 dominum
1892 2599 1962 2620 cum
1971 2598 2038 2631 toga
2048 2590 2118 2630 pul-

1162 2634 1205 2666 la,
1227 2633 1260 2662 &
1277 2633 1341 2672 ejus
1359 2633 1472 2662 amicos
1490 2640 1557 2660 ante
1576 2632 1774 2660 convivium?
1792 2641 1858 2671 quae
1876 2640 1903 2661 te
1921 2640 2000 2661 tanta
2018 2633 2118 2662 tenuit

1161 2676 1291 2704 amentia
1301 2695 1309 2707 ‚
1323 2684 1354 2703 ut
1366 2683 1394 2702 tu
1405 2693 1412 2705 ,
1429 2672 1483 2702 nisi
1494 2673 1523 2702 id
1534 2670 1648 2702 fecisses
1657 2691 1665 2705 ‚
1677 2672 1758 2712 quod
1768 2671 1810 2702 fas
1820 2683 1884 2703 non
1893 2672 1968 2707 fuir,
1980 2671 2037 2702 nisi
2046 2675 2118 2704 vio—-

1162 2714 1242 2745 lass'es
1261 2716 1409 2755 templum
1429 2713 1556 2744 Castoris
1569 2733 1577 2747 ‚
1601 2723 1717 2743 nomen
1735 2714 1838 2753 epuli,
1862 2715 1967 2744 oculos
1984 2717 2112 2749 civium,

1163 2767 1279 2786 morem
1291 2766 1422 2786 veterem
1436 2776 1445 2789 ‚
1460 2756 1522 2795 ejus
1533 2776 1541 2789 ,
1556 2757 1608 2795 qui
1620 2764 1647 2784 te
1657 2757 1809 2789 invitarat,
1821 2755 2024 2787 auCtoritatem
2037 2777 2045 2790 ,
2063 2755 2115 2796 pa-'

1161 2809 1226 2829 ium
1241 2808 1357 2838 putares
1372 2796 1559 2828 testificatum
1575 2795 1632 2826 css'c
1643 2816 1651 2830 ,
1671 2797 1900 2837 supplicationes
1918 2807 1946 2828 te
1964 2799 2030 2828 illas
2048 2808 2113 2830 non

1997 2844 2112 2880 putare?

1158 2908 1328 2940 gQClaudmm
1340 2926 1347 2938 ,
1370 2906 1410 2931 scd
1422 2913 1517 2941 practer
1531 2906 1586 2932 1111ῖῖ
1599 2906 1699 2932 nostros
1717 2905 1896 2940 aliorumque.
1916 2906 1970 2932 imo
1990 2907 2018 2932 &
2029 2899 2113 2938 edi‘tiq

1160 2943 1285 2969 vetustior
1297 2946 1341 2969 Cn.
1353 2945 1479 2967 Lenmi'um
1489 2943 1703 2976 &Claudianum
1716 2941 1837 2968 videatur
1847 2941 1987 2968 Turnebus
1997 2941 2084 2967 lib.xx
2090 2950 2112 2968 1.

1158 2988 1215 3015 cap.
1230 2987 1270 3004 11.

1197 3023 1220 3047 5.
1241 3016 1336 3039 Inimico
1346 3021 1384 3038 mo
1394 3014 1566 3047 conditionem]
1579 3015 1618 3040 lta
1629 3013 1735 3049 quidem
1748 3013 1858 3040 lii-fuid.
1870 3014 2019 3050 recepitque
2030 3014 2112 3040 Lam-

1157 3050 1244 3081 binus,
1256 3049 1297 3075 sed
1310 3049 1363 3075 Pal!
1372 3070 1377 3075 .
1388 3051 1414 3074 ὃς
1427 3051 1454 3074 S.
1465 3049 1536 3075 tiit.
1546 3053 1680 3076 concionem.
1693 3050 1809 3085 vulgata,
1820 3054 1991 3075 contentionem.

1191 3086 1219 3112 6.
1239 3087 1266 3111 ‘Tr
1278 3096 1327 3110 cnm
1345 3088 1373 3110 C.
1385 3086 1490 3119 Fidulo]
1513 3085 1588 3112 Nihil
1603 3086 1703 3112 variant
1724 3086 1847 3112 Palatini.
1867 3093 1894 3112 at
1906 3087 1932 3111 S.
1943 3085 2059 3111 Vic'toris
2071 3088 2113 3117 Εἰς

1156 3124 1217 3148 bulo.
1237 3122 1281 3147 alii
1294 3121 1384 3155 legunt
1396 3123 1483 3154 142:qu⁴
1502 3121 1662 3150 Gulielmius
1673 3122 1773 3150 Fidulio.
1792 3124 1876 3158 Supra
1887 3121 1930 3149 ubi
1941 3128 1996 3149 erat
2007 3123 2114 3152 canaan,

1158 3156 1258 3194 reposui
1268 3157 1339 3186 suasu
1350 3156 1408 3185 mss'.
1420 3159 1522 3185 cenarit.
2098 3181 2106 3188 x

1589 3194 1615 3221 T
1627 3200 1636 3221 t
1650 3201 1661 3222 t
2016 3201 2039 3219 1.
2050 3189 2117 3217 Lici-
