2295 3400
197 123 295 159 212
631 107 1128 160 M.·1⁴ur.1.11

195 189 369 224 concess‘um
387 191 414 222 ei
434 200 498 221 non
515 188 574 222 effe
589 200 842 224 commemorant.
866 195 910 225 Ac
923 194 986 234 jam
1006 193 1084 224 nihil
1101 192 1155 228 est,

217 233 280 265 uod
291 234 446 275 quisquam
457 242 504 262 aut
516 242 573 262 tam
587 232 693 262 stultus
703 253 712 267 ,
730 244 779 264 aut
790 244 850 266 tarn
861 235 1018 275 improbus
1029 233 1062 265 sit
1071 255 1079 268 ,
1108 237 1160 276 qui

193 244 273 306 dicat
293 296 302 309 ,
336 278 480 304 VELLEM
512 283 644 312 Qum-:M
675 285 822 306 meanz-r
844 287 849 305 τ
874 279 948 308 Hoc
978 287 1160 307 mxrssEM:

191 319 286 347 Dicas
305 318 386 346 licet.
415 318 488 346 Hoc
511 325 674 346 FEctssEM
697 327 702 346 :
726 319 824 349 Facias
835 318 904 348 licet
926 329 932 347 :
955 329 1049 350 nemo
1058 320 1161 359 prohi—

190 358 254 389 bet.
278 361 350 388 Hoc
373 366 623 386 DECREVISSEM:
647 360 804 393 Decerne,
830 359 923 390 mode
933 359 1032 391 recte:
1051 370 1160 391 omnes

191 399 408 439 approbabunt.
435 401 506 428 Hoc
527 404 733 436 JuDICASSEM
755 411 761 430 :
786 401 966 432 Laudabunt
983 412 1114 437 omnm,
1138 401 1158 433 si

191 441 276 472 reete
287 441 319 470 δε
329 440 433 470 ordine
443 439 596 478 judicaris.
610 444 695 471 Dum
707 441 822 473 necess‘e
833 453 909 478 erat,
921 445 1024 484 resque
1036 444 1096 484 ipsa
1104 454 1157 475 co-

190 482 372 524 gebat,unus
382 483 485 511 omnia
493 486 671 523 poteratzqui
683 483 875 526 posteaquam
886 486 1071 526 magistratus
1080 496 1159 516 crea-

192 527 239 554 vit
250 544 259 557 ‚
273 523 407 594 legesque
417 523 573 554 constituit
584 544 591 558 ‚
606 525 655 555 sua
664 527 773 567 cuique
785 529 953 566 procuratio
965 548 974 561 ‚
986 527 1159 559 auctoritas-

194 575 254 607 que
265 564 307 595 est
317 576 345 594 re
375 566 456 595 itura.
480 568 579 606 Qam
592 564 612 595 si
622 568 750 598 retinere
761 569 868 599 volunt
879 571 899 599 ii
913 590 920 603 ,
943 571 996 610 qui
1007 580 1161 609 recupera-

195 615 269 638 runt
281 617 286 636 2
310 608 342 636 in
352 615 527 646 perpetuum
539 616 680 647 poterunt
689 609 834 640 obtinere.
862 609 905 641 sm
916 612 966 641 has
977 611 1082 642 caedeis
1094 631 1102 644 ‚
1127 612 1160 641 &

193 651 312 688 :rapinas
321 668 329 681 ,
345 649 377 678 ὅ(
388 649 444 678 hos
456 657 551 679 tantos
561 669 569 683 ‚
581 657 700 691 tamque
711 650 846 691 profusos
858 653 971 683 sumtus
981 662 1031 684 aut
1039 653 1159 688 facient,
1178 638 1182 695 1

197 700 249 720 aut
266 690 483 730 approbabunt:
498 692 573 721 nolo
584 692 616 721 in
633 702 684 722 eos
695 695 812 733 gravius
822 695 985 735 quidquam
1000 714 1008 727 ‚
1031 705 1069 724 ne
1079 697 1160 724 omi-

195 734 246 763 nis
256 732 379 773 quidem
391 732 472 762 causa
482 732 579 764 dicere
592 743 707 764 :unum
720 737 779 765 hoc
790 735 859 766 dico
873 747 878 765 :
899 735 980 772 nostri
990 735 1033 772 tstl
1045 735 1157 770 nobiles,

195 773 253 814 711st
263 773 424 814 vigilantes,
437 774 471 806 dy
481 773 554 808 boni,
567 775 693 814 &forres
702 797 709 809 ,
726 778 761 809 ἐφ’
771 777 952 817 misericordes
962 785 1041 806 erunt
1049 789 1060 804 :
1072 788 1102 806 zu
1112 779 1159 807 ho-

197 814 325 845 minibus
338 835 345 848 ,
357 816 385 844 in
395 815 498 857 quibus
510 817 561 845 haec
570 824 651 846 erunt
660 838 668 850 ,
679 820 899 858 ornamenrasiaa
910 819 1055 848 concedant
1064 819 1159 856 neceffb

196 856 253 887 eft'.
287 859 474 897 Quapropter
484 857 616 889 desinant
631 859 791 900 aliquando
800 860 898 890 dicere
910 881 919 894 ,
939 861 1016 890 male
1027 861 1157 900 aliquem

193 899 337 929 locutum
348 896 427 933 effe3
448 898 468 929 si
480 902 546 940 quis
557 900 626 930 vere
639 921 647 934 ,
670 911 702 931 ac
714 901 807 932 libere
824 903 940 932 locutus
952 901 985 932 sit
998 914 1001 930 ;
1026 901 1158 932 desinant

193 941 279 971 suam
290 940 406 970 causam
417 951 486 970 cum
499 942 695 983 Chrysogono
707 941 931 974 communicare
944 954 949 972 :
973 942 1106 974 desinant
1116 964 1124 978 ,
1138 943 1157 973 si

194 982 250 1012 ille
263 982 344 1012 laesus
356 980 389 1012 sit
399 1002 407 1015 ‚
427 983 462 1012 de
474 983 502 1013 se
513 984 624 1023 aliquid
636 984 801 1014 detra6lum
819 985 968 1016 arbitrari:
989 986 1109 1015 videant
1120 996 1157 1016 ne

195 1032 282 1064 turpe
292 1044 300 1057 ‚
314 1024 515 1063 miserumque
527 1023 570 1057 sit,
582 1035 643 1058 eos,
655 1028 707 1066 qui
718 1026 885 1067 equestrem
899 1027 1087 1067 splendorem
1098 1029 1156 1067 pati

195 1075 263 1096 non
273 1074 445 1105 potuerunt,
453 1066 497 1105 ser
505 1077 530 1094 m
543 1066 713 1106 nequiisimi
724 1067 967 1099 dominationem
977 1068 1052 1098 ferre
1063 1067 1154 1108 poll'e.
1176 1091 1177 1094 .

197 1110 277 1147 Qae
286 1106 409 1147 quidem
421 1107 593 1137 dominatio
608 1128 615 1141 ‚
636 1108 746 1146 judices
757 1130 765 1143 ,
783 1111 815 1139 in
825 1111 891 1140 aliis
901 1110 986 1140 rebus
997 1119 1081 1140 antea
1090 1120 1157 1139 ver-

193 1148 495 1178 sabaturznuncveio
520 1153 528 1167 ¹
540 1159 630 1190 quarn
650 1152 732 1180 viam
751 1152 1003 1192 munirem-quod
1017 1154 1073 1181 iter
1083 1151 1157 1181 affe-
1174 1187 1176 1190 ι

195 1189 258 1220 &et
269 1211 277 1223 ,
288 1190 406 1219 videtis.
430 1190 464 1220 ad
477 1189 567 1220 fidem
581 1211 588 1224 ‚
602 1191 636 1221 ad
649 1193 855 1229 jusjurandum
868 1214 875 1226 ‚
890 1193 1042 1233 adjudicia
1052 1192 1153 1227 vestra,

194 1231 233 1261 ad
248 1231 277 1261 id
289 1251 296 1264 ‚
307 1232 388 1271 quod
399 1232 495 1261 solum
505 1233 598 1272 prope
614 1235 646 1262 in
655 1235 770 1264 civitate
782 1233 927 1264 sincerum
941 1256 950 1267 ,
962 1234 1155 1275 sauciumque

193 1272 289 1302 restat.
316 1271 414 1303 Hicne
433 1276 522 1303 ctiam
542 1274 600 1304 sese
617 1284 699 1314 putat
709 1276 820 1316 aliquid
837 1275 921 1315 poss'e
932 1277 1156 1317 Chrysogonus?

192 1312 245 1344 hic
255 1316 344 1344 etiarn
357 1323 462 1353 potens
472 1314 528 1345 effe
539 1316 603 1345 vult
614 1326 622 1342 .·
634 1316 652 1346 ὃ
664 1327 726 1346 rem
741 1318 879 1347 miseram
892 1338 899 1351 ,
911 1327 998 1359 atque
1009 1318 1152 1348 acerbam!

193 1358 245 1386 Nc
269 1366 304 1385 uc
316 1357 499 1386 mehercules
510 1358 567 1386 hoc
578 1358 639 1387 indi
656 1358 699 1396 ne
711 1357 774 1388 fero
786 1379 793 1391 7
804 1358 886 1399 quod
897 1370 1013 1393 verear,
1034 1370 1071 1389 ne
1081 1360 1153 1400 quid

195 1366 284 1437 polilt
295 1409 300 1425 z
313 1397 418 1427 verum
430 1397 510 1439 quod
521 1399 605 1438 zzz-:slis
616 1402 643 1429 el
668 1421 675 1433 ,
696 1403 709 1419 ²
719 1400 943 1441 quodsperavi't,
957 1402 1014 1431 sese
1024 1402 1099 1440 apud
1110 1411 1153 1431 ta-

195 1440 252 1469 leis
263 1441 344 1469 viros
361 1440 474 1480 aliquid
493 1441 527 1470 ad
544 1444 708 1480 perniciem
729 1441 786 1472 effe
806 1445 979 1473 innocentis
991 1463 1000 1476 ,
1020 1443 1150 1482 idipsum

122 1478 177 1523 '49
197 1491 314 1522 queror.
338 1481 490 1511 Idcircone
509 1485 520 1508 3
533 1482 841 1522 :xpm-ieelanobii'itas
851 1505 859 1517 ,
876 1487 965 1514 armis
976 1505 984 1518 ‚
996 1493 1082 1525 atque
1092 1484 1151 1514 for-

196 1533 232 1553 ro
243 1523 378 1562 rempub.
392 1526 589 1563 recuperavit,
608 1534 641 1554 ut
651 1525 684 1554 ad
698 1526 859 1556 libidinem
869 1527 951 1556 suam
963 1525 1079 1560 liberti,
1094 1527 1152 1565 sbr-
1170 1550 1171 1555 .

195 1564 320 1605 vultque
331 1563 467 1593 nobilium
477 1585 485 1598 ‚
508 1565 584 1596 bona
594 1586 601 1599 ‚
625 1565 760 1597 fortunas
770 1567 876 1597 vestras
887 1588 895 1601 ,
919 1567 1089 1608 nostrasque
1099 1579 1151 1598 ve-

194 1616 265 1636 xare
281 1604 416 1646 pofl'ent?
439 1609 468 1637 Si
478 1607 509 1636 id
527 1607 627 1637 actum
638 1607 679 1638 est
691 1628 699 1641 ,
719 1608 812 1639 fateor
824 1619 871 1639 me
891 1608 993 1639 err-affe
1004 1630 1012 1643 ‚
1032 1612 1084 1650 qui
1094 1611 1151 1640 hoc

194 1649 357 1678 maluerim
372 1646 479 1678 :fateor
489 1648 637 1682 insanisse,
660 1652 791 1690 quicum
804 1651 865 1680 illis
876 1651 1027 1681 senserim.
1039 1651 1151 1682 tametsi

193 1691 323 1720 inermis
333 1710 342 1722 2
351 1689 476 1728 judices,
491 1689 572 1720 sensi.
595 1693 647 1721 Sin
658 1701 759 1721 autem
768 1692 896 1722 vi6lwria
907 1693 1059 1723 nobilium
1071 1704 1151 1722 orna-

193 1738 288 1760 mento
298 1751 307 1764 ,
326 1739 414 1772 atque
423 1732 601 1761 emolumento
612 1732 764 1774 reipublicae
777 1755 783 1766 ‚
802 1734 954 1776 populoque
964 1738 1087 1764 Romano
1100 1735 1152 1765 de·

194 1773 247 1804 bet
255 1771 312 1802 ess'e
332 1783 337 1802 1

196 1856 233 1887 δε
245 1857 271 1886 se
281 1876 289 1890 ,
300 1856 332 1886 &
342 1857 457 1886 causam
470 1857 537 1887 laedi
548 1867 630 1897 putet
641 1879 648 1891 ,
658 1858 731 1888 curn
741 1860 951 1900 Chrysogonus
962 1862 1151 1899 vituperetur:

194 1898 224 1928 is
234 1898 349 1928 causam
369 1900 502 1938 ignorat:
523 1899 550 1928 se
559 1900 657 1939 ipsum
669 1900 760 1940 prope
774 1911 837 1931 non
847 1904 944 1931 novit.
969 1903 1151 1932 Causaenim
1169 1911 1171 1919 ¹

194 1939 383 1979 splendidior
401 1938 469 1974 fiet,
491 1939 511 1970 s1
523 1940 702 1981 nequiffimo
721 1945 828 1983 cuique
842 1941 995 1973 resistetur.
1019 1944 1073 1974 Ille
1092 1946 1152 1973 1111-
1170 1958 1171 1975 i

193 1979 388 2022 probissimus
398 1982 583 2023 Chrysogoni
593 1982 708 2018 fautor,
727 1987 779 2025 qui
790 1983 841 2014 fibi
851 1995 920 2014 cum
933 1985 987 2014 illo
1004 1987 1153 2016 rationem
1170 2013 1172 2021 .

197 2025 455 2054 communicatam
467 2033 548 2064 putat
559 2045 566 2058 ,
580 2025 696 2055 laeditur
706 2046 714 2059 ,
726 2026 796 2056 cum
808 2026 843 2056 ab
854 2028 910 2057 hoc
921 2027 1075 2066 splendore
1086 2038 1153 2058 cau-

196 2065 237 2096 sae
253 2065 405 2105 separatur-
430 2065 544 2096 Vei·um
564 2067 625 2098 haec
644 2070 746 2098 omnis
764 2070 859 2098 oratio
875 2072 919 2105 <but
930 2070 988 2104 iam
997 2070 1065 2100 ante
1077 2070 1155 2111 dixi)

197 2115 268 2137 mea
277 2105 334 2136 est:
349 2117 405 2147 qua
415 2118 465 2137 mc
474 2110 516 2138 uti
528 2110 602 2149 resp.
614 2109 647 2139 δε
657 2109 746 2140 dolor
757 2120 853 2144 mem,
866 2110 897 2140 δε
908 2110 1034 2142 istorum
1045 2113 1155 2152 injuria

196 2149 307 2187 co'e'git.
330 2148 385 2178 Sed
396 2149 524 2180 Roscius
541 2151 649 2181 horum
660 2153 703 2181 nil
714 2152 873 2193 indignum
885 2162 983 2193 putat:
996 2157 1152 2185 nemin-:m

195 2189 326 2220 accusat1
339 2190 417 2219 nihil
428 2190 464 2220 dc
475 2191 528 2221 suo
536 2195 721 2231 patrimonio
731 2196 878 2235 queritur:
897 2205 979 2235 putat
988 2197 1082 2226 homo
1093 2199 1152 2226 im-

196 2232 310 2271 peritus
322 2241 442 2261 morum
455 2252 463 2265 ‚
481 2235 651 2273 agricola&
661 2235 786 2266 rusticus
797 2255 805 2269 ‚
819 2235 872 2265 ista
881 2239 985 2266 omnia
996 2257 1004 2271 ‚
1022 2248 1087 2278 quae
1099 2248 1153 2268 vos

192 2281 249 2313 per
260 2272 371 2302 Sullam
382 2272 460 2313 gesta
472 2274 528 2304 eisc
539 2275 637 2306 dicitis
648 2296 656 2310 ,
668 2286 739 2305 more
751 2297 759 2309 ‚
771 2277 828 2315 leffe
839 2278 1152 2318 ,jur-egentiumfatla:

190 2314 283 2354 culpa
291 2314 441 2348 liberatus,
453 2315 485 2345 &
494 2318 622 2347 crimine
633 2317 746 2348 nefario
757 2319 868 2349 solutus
880 2322 962 2359 cupit
972 2320 987 2349 a
995 2320 1082 2350 vobis
1093 2320 1154 2351 dis-

191 2355 307 2386 cedere·
347 2357 378 2386 Si
395 2356 448 2387 hac
464 2358 587 2399 indigna
604 2359 771 2399 suspicione
787 2371 878 2391 careat
889 2381 897 2394 ,
917 2364 1020 2391 animo
1030 2372 1115 2402 aequo
1125 2363 1153 2392 se

193 2407 293 2428 carere
312 2397 371 2427 suis
392 2399 537 2429 omnibus
555 2401 728 2431 commodis
746 2401 828 2432 dicit.
851 2412 932 2443 rogat
943 2424 951 2435 ,
975 2412 1095 2444 oratque
1112 2413 1150 2437 te,

194 2439 390 2480 chrysogone
400 2459 408 2473 ,
430 2438 450 2469 si
460 2441 537 2470 nihil
548 2441 584 2472 de
594 2452 682 2482 patris
692 2442 823 2473 fortunis
833 2443 1019 2483 ampliffimis
1028 2447 1059 2474 in
1069 2445 1151 2475 suam

194 2489 262 2510 sem
274 2484 435 2511 convertit:
449 2480 468 2511 si
480 2483 563 2513 nulla
582 2486 613 2513 in
623 2494 652 2514 re
664 2493 689 2514 te
700 2484 846 2516 fraudavit
858 2496 863 2514 z
874 2485 893 2515 ii
904 2486 959 2516 tibi
970 2489 1084 2526 optima
1094 2485 1151 2516 fide

190 2522 358 2566 ‚suaomnia
368 2522 524 2557 concessit,
544 2525 768 2561 adnumeravit,
789 2528 946 2567 appendit:
967 2527 986 2557 si
997 2528 1148 2562 vestitum,

191 2573 256 2635 quo
267 2564 326 2602 ipse
337 2563 429 2594 oeEtus
440 2575 498 2595 erat
507 2586 514 2599 ‚
541 2571 558 2593 4
567 2568 750 2609 anulumque
769 2568 807 2599 de
829 2569 925 2610 digito
934 2570 1021 2600 suum
1032 2569 1085 2599 tibi
1098 2579 1151 2599 tra-

216 2604 271 2635 idit
285 2615 291 2634 :
308 2603 328 2634 si
338 2615 375 2635 ex
386 2607 530 2638 omnibus
539 2609 626 2639 rebus
637 2609 774 2650 seipsum
784 2610 913 2646 nudum,
924 2621 1020 2652 neque
1030 2616 1150 2651 praeter-

195 2705 222 2712 ω

234 2743 256 2760 1.
276 2737 353 2768 Qum
362 2739 431 2761 viam
440 2740 538 2763 munitet
550 2757 558 2769 ‚
577 2740 636 2771 quod
651 2742 695 2764 iter
705 2738 820 2772 qfflfffl]
842 2740 884 2765 Sic
895 2739 952 2766 mss.
963 2741 990 2766 &
1001 2740 1147 2775 antiquitus

191 2770 257 2797 cusi.
278 2772 407 2798 recentius
420 2791 427 2802 ,
444 2783 486 2805 {pto
494 2777 558 2805 iter„
572 2774 694 2800 ridentur
705 2774 754 2800 effe
767 2785 774 2799 1
783 2775 844 2803 erba
855 2775 965 2811 alicujus
977 2780 1069 2813 poctae.
1090 2787 1149 2803 nain

192 2805 272 2844 pedes
283 2811 371 2843 aperte
382 2816 506 2843 apparent
516 2811 654 2836 'Procliani
669 2810 766 2843 ieritis,

411 2857 446 2859 —-
553 2848 629 2877 Qam
640 2850 706 2872 viam

276 2881 384 2904 :il-miter
395 2898 402 2910 ,
412 2882 473 2912 quod
479 2883 524 2906 iter
533 2882 634 2913 affin-stt.

234 2921 261 2938 ι.
282 2914 354 2945 Qud?
374 2919 461 2940 reram
472 2917 519 2948 fist
528 2918 592 2948 apud
600 2919 660 2942 iales
669 2922 735 2944 viros
746 2920 840 2953 aliquid
847 2920 881 2945 ad
887 2920 1074 2953 perniciempoffe
1083 2922 1151 2945 innc-

194 2949 293 2981 σκηνὴ-Π
316 2951 325 2974 i
339 2959 371 2975 ox
382 2953 437 2982 [1111Ιὲ-
448 2952 524 2978 restat
536 2952 619 2978 solutu
631 2954 655 2978 111
670 2954 724 2980 1’;11.
735 2964 774 2991 pr.
787 2955 834 2980 hoc
845 2955 926 2992 positu
941 2975 948 2988 ,
960 2959 1025 2982 vitos
1033 2957 1092 2989 poffi:
1102 2958 1150 2982 ali-

194 2986 256 3018 quid
265 2985 298 3009 ad
312 2989 444 3016 pernicicm.
466 2995 491 3012 at
505 2989 573 3013 eninr
587 2989 668 3014 ceteri
679 2989 732 3015 duo
744 3011 752 3019 ,
772 2992 834 3017 itt-:n
847 2993 873 3016 S.
886 2991 1000 3018 Victor-is
1014 3011 1022 3023 ,
1041 3001 1149 3018 necnon

196 3019 310 3045 exuit-tet·
322 3040 329 3051 ‚
341 3029 396 3060 earn
409 3031 457 3048 uon
470 3023 622 3058 agnoscunt.
645 3025 669 3049 8<
682 3034 785 3060 poterat
795 3026 877 3053 abesse
889 3047 897 3060 ‚
916 3026 1062 3054 dummodo
1073 3028 1152 3062 &fise

198 3063 349 3081 mittuntur
360 3066 385 3082 111
396 3058 450 3090 ipse.

235 3098 261 3125 3.
283 3094 426 3123 Emori-effa
436 3094 569 3128 nobilitas]
584 3095 609 3120 M
616 3094 642 3121 fl‘.
654 3095 732 3122 nostri
744 3097 771 3122 8<
782 3097 846 3123 olim
858 3098 921 3125 editi
935 3100 1070 3133 exspectata
1082 3100 1152 3124 nobil.

234 3135 261 3160 ⁴}-
281 3130 445 3164 Annnlumque
455 3130 481 3159 d<
491 3130 679 3168 digitosmtmfibi
688 3133 817 3171 tradi-iic]
829 3134 914 3164 Aulus
925 3134 979 3163 sum
991 3134 1063 3172 sequi
1073 3134 1152 3165 Paui-

1178 769 1180 817 1
1202 780 1269 809 sunt
1286 799 1294 812 ,
1319 779 1430 809 idcirco
1450 781 1529 809 hunc
1545 779 1626 808 illius
1645 777 1743 808 filium
1765 777 1863 808 studes
1881 777 2001 818 perdere
2022 787 2028 806 :

1178 854 1179 858 Ἰ
1202 820 1335 850 ostendis
1347 841 1354 853 ‚
1377 821 1405 851 id
1418 830 1445 851 te
1455 822 1548 850 vereri
1561 841 1570 853 ,
1580 820 1660 860 quod
1670 829 1893 860 praeterccteros
1907 827 1938 848 tu
1949 827 2083 848 metuere
2091 827 2157 849 non

1178 861 1179 881 1
1203 862 1308 892 debeas
1320 883 1327 895 ‚
1345 862 1504 904 nequando
1516 883 1523 895 ,
1542 860 1630 890 liberis
1637 862 1850 902 proscriptorum
1860 859 1929 890 bona
1936 860 2033 901 patria
2042 859 2157 889 reddan-

361 1782 425 1802 tum
437 1772 508 1803 vero
520 1776 638 1814 optimo
656 1795 664 1808 ,
689 1775 721 1805 δε
732 1774 918 1806 nobiliffirno
933 1779 1039 1817 cuique
1051 1787 1149 1806 meam
1170 1783 1172 1816 ᾗ

195 1817 365 1845 orationem
376 1813 566 1856 gratiffimam
578 1815 636 1846 ess'e
653 1826 778 1856 oportet.
801 1817 892 1858 th
911 1816 930 1847 fi
941 1821 1008 1858 quis
1019 1818 1078 1851 est,
1100 1821 1151 1859 qui
1170 1817 1172 1824 ’

1209 112 1735 162 Crcnnonxs

1203 205 1236 226 ea
1251 195 1413 237 quidquam
1432 197 1549 236 excepit
1561 206 1566 225 :
1585 205 1616 226 ut
1626 195 1678 226 sibi
1688 205 1740 236 per
1749 203 1777 226 te
1787 193 1871 226 liceat
1880 191 2036 225 innocenti
2046 191 2161 226 amico}

1202 248 1270 268 rum
1279 239 1386 277 opibus
1409 241 1423 265 5
1432 238 1524 268 vitam
1537 239 1567 267 in
1577 237 1699 279 egestate
1714 238 1828 277 degere.
1852 236 1964 267 Praedia
1974 246 2039 266 mea
2049 245 2081 266 tu
2091 236 2160 276 pos·-

1203 278 1276 310 fides
1287 290 1293 307 e
1305 290 1360 322 ego
1371 280 1466 309 aliena
1476 279 1681 310 misericordia
1691 281 1763 308 vivo
1775 290 1780 308 2
1792 277 1927 309 concedo
1941 288 1945 306 t
1965 278 1997 308 &
2006 277 2087 318 quod
2096 278 2162 307 ani-

1202 330 1265 350 mm
1283 331 1374 362 aquus
1385 320 1428 350 ef}
1438 341 1446 354 ,
1466 320 1498 350 &
1508 322 1575 361 quia
1595 318 1707 351 necesse
1725 319 1776 350 est.
1800 330 1866 350 mea
1881 319 1990 349 domus
2002 319 2057 349 tibi
2066 328 2158 358 patet,

1204 364 1280 393 mihi
1292 363 1387 393 clausa
1396 362 1438 393 est
1451 375 1456 393 ε
1475 362 1550 393 fero.
1574 361 1689 392 familia
1698 372 1764 392 mea
1776 364 1909 391 maxima
1919 362 2007 391 uteris
2018 381 2026 395 ,
2038 370 2093 400 ego
2103 360 2161 390 ser-

1202 415 1277 435 vum
1289 405 1383 434 habeo
1393 405 1514 435 nullum
1536 414 1542 433 ι
1564 406 1660 443 patior
1670 423 1679 437 ,
1700 403 1900 434 &ferendum
1912 412 1990 442 puto.
2023 401 2104 442 Qid
2115 403 2164 432 vis

1203 446 1353 486 amplius?
1370 446 1443 487 quid
1456 446 1639 486 insequeris?
1654 445 1727 486 quid
1738 450 1912 486 oppugnas?
1928 455 1985 485 qua
1996 446 2067 474 inre
2077 451 2160 475 tuam

1202 489 1390 518 voluntatem
1410 488 1477 518 laedi
1495 487 1510 517 {i
1521 497 1570 516 me
1580 496 1664 527 putas
1680 493 1690 519 ?
1712 487 1764 516 ubi
1783 489 1840 516 tuis
1851 485 2022 517 commodis
2033 483 2135 515 officio
2146 487 2160 515 ?

1202 529 1276 570 quid
1296 529 1349 559 tibi
1361 529 1470 560 obsto?
1486 528 1672 570 fispoliorum
1688 529 1772 569 causa
1781 530 1828 558 vis
1839 529 1999 558 hominem
2010 525 2158 561 occidere,

1203 570 1344 610 spoliasti.
1367 571 1448 611 Qid
1465 572 1574 613 quaeris
1592 571 1722 610 amplius
1741 576 1750 601 ?
1773 572 1802 600 Si
1815 571 2044 600 inimicitiarum
2056 579 2071 615 ,²
2093 578 2160 609 quae

1203 613 1270 643 sunt
1287 612 1342 642 tibi
1363 614 1534 643 inimicitiae
1547 622 1617 642 cum
1628 622 1664 642 eo
1675 631 1683 644 ‚
1703 611 1788 648 cuius
1798 620 1864 641 ante
1873 611 1982 651 praedia
1992 609 2158 650 possedisti.

1202 664 1291 695 quam
1302 655 1364 693 ipsu
1370 664 1400 683 111
1410 653 1545 695 cognosti
1559 657 1568 682 ?
1578 655 1630 683 Sin
1642 655 1752 683 metuis
1764 653 1816 683 :ab
1827 664 1903 682 eone
1913 652 2025 693 aliquid
2036 660 2158 687 metuis,

1201 706 1293 736 quem
1303 695 1388 725 vides
1399 698 1498 736 ipsum
1509 696 1544 725 ab
1555 696 1613 725 st-sc
1625 704 1685 725 tam
1695 704 1824 725 atrocem
1835 693 1978 733 injuriam
1989 693 2159 734 propulsare

1200 748 1264 767 non
1275 736 1377 777 posse?
1398 741 1451 768 Sin
1462 758 1470 772 ‚
1482 736 1564 778 quod
1575 737 1653 767 bona
1663 757 1671 770 ‚
1683 747 1747 777 quae
1758 737 1862 766 Roscii
1871 735 1992 766 fuerunt
2002 755 2010 769 ‚
2025 744 2073 765 tua
2081 733 2159 765 fafita

2051 786 2156 807 nonne

1202 912 1249 932 tm·
1261 908 1271 933 ἓ
1295 903 1310 923 ⁶
1321 907 1402 935 Facis
1414 905 1554 942 injuriam
1565 923 1573 937 ‚
1586 903 1662 943 Chry
1669 904 1777 943 sogone
1787 923 1795 936 ‚
1814 901 1835 932 si
1845 903 1990 941 majorem
2002 902 2082 942 spem
2091 911 2156 931 ern-

1202 948 1293 975 tionis
1304 954 1359 977 tute
1371 948 1402 976 in
1419 946 1509 983 huius
1520 945 1616 975 exitio
1631 947 1719 984 ponis
1731 965 1739 978 ‚
1760 944 1850 985 quam
1861 946 1893 974 in
1904 945 1949 974 his
1959 943 2045 973 rebus
2057 963 2067 976 ,
2084 952 2159 984 quas

1202 989 1227 1017 L
1247 988 1326 1018 Sulla
1335 987 1429 1029 gessit.
1453 986 1543 1029 Qod
1556 985 1575 1016 s1
1586 986 1639 1016 tibi
1650 987 1732 1016 causa
1743 987 1824 1016 nulla
1834 985 1877 1016 est
1888 1006 1896 1019 ,
1914 996 1965 1015 cur
1975 986 2055 1014 hunc
2067 985 2158 1014 mise-

1200 1039 1267 1058 rum
1279 1038 1356 1060 tanta
1366 1030 1530 1060 calamitate
1546 1027 1725 1058 afficivelis:
1745 1026 1766 1057 si
1783 1027 1836 1057 tibi
1848 1030 1952 1057 omnia
1962 1028 2011 1057 sua
2024 1046 2031 1059 ‚
2051 1035 2158 1066 praeter

1199 1072 1332 1101 animam
1344 1092 1352 1105 ‚
1365 1071 1484 1101 tradidit
1497 1091 1505 1104 ,
1516 1080 1570 1100 nec
1582 1069 1634 1099 fibi
1644 1069 1807 1109 quidquam
1818 1078 1973 1109 paternum
1986 1088 1995 1102 ,
2012 1073 2026 1096 7
2039 1078 2075 1098 ne
2087 1078 2157 1098 mo-

1200 1115 1342 1142 numenti
1352 1112 1475 1153 quidem
1487 1112 1570 1142 causa
1581 1132 1588 1146 ‚
1607 1112 1765 1141 reservavit
1779 1121 1784 1140 :
1803 1120 1854 1150 per
1864 1111 1935 1141 deos
1946 1110 2155 1143 immortaleis,

1200 1163 1264 1194 quae
1284 1154 1337 1184 ista
1354 1163 1432 1184 tanta
1449 1153 1606 1183 crudelitas
1624 1151 1687 1182 est?
1707 1161 1772 1192 quae
1783 1161 1843 1182 tam
1854 1151 1914 1182 fera
1927 1174 1934 1185 ,
1955 1151 2156 1192 immanisque

1197 1203 1299 1225 natura
1318 1198 1330 1224 ?
1353 1198 1435 1237 Q1s
1451 1204 1601 1232 utum-iij
1619 1203 1739 1223 PRAEDo
1760 1192 1819 1223 fuit
1834 1202 1895 1223 tam
1911 1193 2041 1223 nefarius
2059 1203 2065 1221 t
2087 1194 2155 1233 quis

1196 1238 1285 1276 pirata
1298 1247 1358 1267 tam
1376 1236 1514 1267 barbarus
1525 1257 1533 1269 ‚
1557 1245 1608 1270 ut,
1631 1234 1703 1265 cum
1714 1237 1858 1275 integram
1868 1235 1996 1275 praedam
2015 1233 2074 1264 (ine
2089 1235 2155 1264 san-

1196 1280 1286 1317 guine
1298 1279 1404 1308 habere
1420 1276 1534 1318 posset,
1553 1286 1672 1308 cruenta
1683 1277 1775 1316 spolia
1784 1276 1933 1307 detrahere
1945 1276 2072 1306 mallet?
2093 1278 2154 1306 Scis

1197 1321 1276 1349 hunc
1287 1320 1364 1349 nihil
1375 1321 1481 1350 habere
1493 1341 1500 1353 ‚
1513 1319 1591 1349 nihil
1601 1318 1719 1352 audere,
1727 1318 1804 1348 nihil
1815 1317 1907 1358 posse,
1919 1319 1998 1348 nihil
2009 1327 2155 1358 umquam

1172 1355 1173 1364 ¹
1197 1370 1299 1391 contra
1311 1372 1374 1391 rem
1384 1371 1464 1392 tuam
1476 1359 1613 1402 cogitasse
1625 1372 1630 1389 z
1642 1361 1785 1390 &tamen
1796 1370 1948 1400 oppugnas
1959 1370 2029 1390 eum
2042 1380 2050 1392 ‚
2062 1369 2154 1400 quem

1196 1412 1293 1442 neque
1304 1413 1435 1434 metuere
1445 1412 1640 1443 potes‚neque
1650 1400 1742 1432 odisse
1753 1401 1853 1435 debes,
1865 1412 1920 1431 nec
1929 1402 2093 1442 quidquam
2104 1402 2156 1432 ha-

1196 1443 1263 1473 bere
1276 1445 1335 1482 jam
1347 1445 1454 1485 reliqui
1463 1444 1642 1484 vide5,qu0d
1652 1446 1679 1473 ei
1689 1443 1836 1474 detrahere
1846 1441 1998 1483 poffisznifi
2007 1445 2065 1474 hoc
2074 1442 2155 1474 indi-

1194 1496 1232 1525 gn
1238 1496 1289 1515 um
1299 1496 1382 1525 putas
1394 1507 1402 1520 ,
1422 1485 1505 1527 quod
1515 1486 1658 1516 vestitum
1670 1485 1767 1515 sedere
1777 1487 1811 1515 in
1821 1486 1935 1524 judicio
1947 1485 2030 1515 vides
2043 1496 2048 1514 ;
2060 1495 2152 1526 quem

1197 1537 1228 1556 tu
1238 1526 1254 1556 ὲ
1266 1530 1449 1566 patrimonio
1460 1549 1468 1561 ,
1481 1537 1636 1568 tamquam
1653 1526 1668 1557 ὲ
1680 1526 1831 1567 naufragio
1841 1547 1849 1559 ,
1872 1526 1988 1557 nudum
1999 1526 2150 1566 expulisti.

1197 1567 1284 1610 Qasr
1293 1568 1365 1599 vero
1375 1570 1485 1600 nescias
1493 1590 1501 1603 ‚
1512 1570 1592 1599 hunc
1603 1569 1636 1598 &
1645 1569 1700 1601 ali,
1727 1568 1759 1597 &
1768 1567 1868 1598 vestiri
1880 1567 1895 1598 ὲ
1906 1569 2023 1598 Caecilia
2033 1589 2041 1602 ,
2053 1569 2154 1599 Balea-

1195 1612 1248 1640 rici
1260 1609 1320 1640 filia
1332 1632 1338 1644 ,
1353 1614 1480 1649 Nepotis
1492 1612 1590 1641 sorore
1602 1631 1610 1644 ,
1629 1609 1834 1649 spectatissima
1845 1609 1968 1640 faemina
1980 1621 1985 1639 :
2005 1621 2070 1650 quae
2081 1609 2154 1641 cum

1196 1661 1308 1692 patrem
1320 1652 1511 1683 clatiffimum
1523 1673 1531 1686 ‚
1554 1650 1752 1693 ampliffimos
1769 1661 1888 1692 patruos
1899 1673 1907 1685 ‚
1932 1651 2154 1682 ornatiffimum

1196 1693 1316 1723 fratrem
1330 1695 1448 1725 haberet
1461 1704 1576 1725 :tamen
1587 1715 1596 1728 ,
1606 1693 1676 1724 cum
1688 1693 1758 1723 ess'et
1768 1694 1878 1723 mulier
1886 1713 1894 1727 ‚
1905 1695 2011 1724 virtute
2018 1693 2151 1734 perfecit,

1204 1745 1362 1776 ut,quant0
1371 1738 1466 1766 honore
1473 1738 1530 1777 ipfiz
1541 1747 1574 1765 ex
1583 1738 1693 1766 illorum
1703 1736 1843 1775 dignitate
1851 1735 2004 1774 afficeretur
2014 1757 2022 1768 ,
2034 1747 2083 1765 non
2096 1737 2152 1764 mi·

1197 1788 1263 1806 nora
1279 1779 1329 1806 illis
1338 1787 1498 1807 ornamenta
1508 1789 1541 1806 ex
1555 1777 1700 1817 sitalaude
1717 1777 1846 1806 redderet.
1872 1781 1920 1806 An
1930 1777 2011 1818 quod
2023 1778 2152 1819 diligen-

1201 1828 1244 1848 ter
1253 1818 1424 1850 dcfcnditur
1433 1840 1441 1854 ,
1454 1821 1484 1850 id
1493 1820 1548 1849 tibi
1558 1819 1718 1860 indignum
1729 1819 1842 1848 facinus
1852 1818 1989 1848 videtur?
2001 1821 2080 1849 Mihi
2089 1830 2152 1850 cre-

1195 1860 1232 1890 de
1243 1881 1251 1894 ,
1265 1860 1285 1890 si
1295 1871 1348 1901 pro
1359 1864 1449 1901 patris
1459 1862 1521 1897 eius
1533 1862 1670 1901 hospitiis
1681 1881 1690 1894 ,
1702 1861 1734 1890 &
1744 1861 1843 1900 gratia,
1854 1860 1966 1890 vellent
1976 1871 2084 1891 omnes
2095 1862 2152 1892 hu-

1191 1903 1240 1942 jus
1251 1903 1382 1943 hospites
1392 1902 1534 1937 adess'c,&
1543 1903 1684 1933 auderent
1693 1902 1785 1932 libere
1799 1901 2037 1933 defendere2satis
2045 1904 2152 1943 copio-

1196 1944 1228 1974 se
1238 1944 1452 1975 defenderetur.
1476 1944 1519 1975 fin
1527 1954 1626 1975 autem
1642 1955 1695 1984 pro
1706 1943 1912 1985 magnitudine
1924 1945 2040 1985 injuriae
2051 1965 2060 1979 ,
2078 1952 2151 1985 pro-

1196 1996 1253 2026 que
1262 1997 1298 2016 eo
1308 2007 1316 2020 ,
1330 1986 1412 2027 quod
1434 1983 1448 2006 8
1460 1988 1574 2026 flamma
1584 1987 1645 2026 resp.
1660 1986 1779 2025 inhujus
1792 1985 1914 2027 periculo
1925 1993 2050 2016 tentatur
2060 2006 2068 2020 ‚
2087 1988 2151 2018 haec

1196 2038 1305 2058 omnes
1316 2028 1502 2060 vindicarent
1512 2040 1517 2059 :
1526 2028 1682 2059 consistere
1694 2027 1862 2058 mehercule
1872 2028 1959 2059 vobis
1969 2027 2027 2059 isto
2036 2031 2069 2059 in
2080 2029 2151 2060 loco

1196 2080 1260 2100 non
1279 2070 1391 2102 liceret·
1416 2074 1507 2101 Nunc
1516 2074 1556 2102 ita
1564 2070 1735 2101 defenditur
1744 2091 1755 2104 ,
1778 2080 1840 2100 non
1858 2070 1923 2100 fane
1936 2090 1947 2101 2
1969 2079 2002 2100 ut
2021 2070 2151 2102 moleste

1195 2112 1269 2144 serre
1286 2115 1442 2145 adversarii
1453 2114 1580 2145 debeant
1591 2133 1599 2145 ‚
1617 2122 1713 2153 neque
1723 2121 1755 2142 ut
1765 2112 1794 2142 se
1808 2114 1943 2151 potentia
1952 2112 2078 2152 superari
2093 2122 2150 2153 pu-

1195 2164 1270 2185 tent.
1293 2159 1367 2196 Qae
1385 2157 1470 2186 domi
1479 2155 1606 2196 gerenda
1616 2155 1682 2185 sunt
1692 2174 1700 2188 ‚
1720 2164 1752 2184 ea
1763 2163 1813 2193 per
1823 2154 1973 2183 Caeciliam
1985 2153 2149 2195 transigun-

1196 2207 1250 2227 tur.
1273 2196 1331 2226 fori
1343 2217 1351 2230 ‚
1373 2197 1538 2238 judiciique
1547 2199 1695 2227 rationem
1709 2193 1842 2225 Messalla
1852 2215 1860 2228 ,
1880 2203 1912 2225 ut
1922 2195 2049 2230 videtis,
2064 2195 2149 2235 judi-

1196 2248 1242 2268 ces
1252 2258 1260 2271 ,
1273 2239 1404 2278 suscepit.
1428 2240 1478 2280 qui
1490 2238 1509 2269 si
1519 2240 1577 2276 jam
1589 2238 1754 2268 satis-aetatis
1765 2257 1773 2270 ,
1792 2246 1878 2277 atque
1890 2236 2004 2267 roboris
2016 2237 2147 2273 haberet,

1196 2280 1256 2318 ipse
1265 2289 1318 2319 pro
1328 2283 1394 2310 Sex.
1406 2281 1518 2311 Roscio
1529 2280 1649 2310 diceret.
1673 2281 1819 2320 quoniam
1833 2278 1866 2308 ad
1876 2278 2039 2309 dicendum
2048 2281 2148 2320 irnpe-

1198 2321 1336 2351 dimento
1346 2321 1388 2351 est
1398 2331 1464 2352 aetas
1476 2341 1484 2355 ,
1500 2322 1532 2351 &
1540 2321 1626 2363 pudor
1636 2342 1646 2354 ,
1656 2322 1707 2362 qui
1718 2328 1795 2349 ornat
1804 2328 1930 2349 atatem:
1940 2322 2055 2352 causam
2067 2322 2147 2352 mihi

1195 2362 1312 2392 tradidit
1321 2383 1329 2396 ‚
1341 2373 1431 2403 quem
1444 2364 1462 2394 s
1459 2374 1493 2394 ua
1504 2364 1586 2394 causa
1595 2373 1711 2403 cupere,
1722 2373 1754 2393 ac
1763 2362 1870 2392 debere
1881 2362 2073 2404 intelligebat.
2083 2363 2146 2403 ipse

1195 2402 1356 2434 affiduitate
1367 2425 1374 2437 ‚
1387 2404 1511 2435 consilio
1525 2426 1534 2438 ‚
1551 2404 1723 2435 auc'toritate
1733 2424 1742 2438 ‚
1761 2403 1932 2444 diligentia,
1951 2403 2093 2444 perfecit,
2112 2413 2147 2436 ut

1195 2446 1378 2476 Sex-Roscii
1390 2449 1465 2480 vita,
1485 2456 1583 2487 erepta
1599 2446 1635 2476 de
1645 2446 1786 2476 manibus
1799 2444 1948 2475 sectorum
1959 2466 1968 2480 ‚
1991 2446 2146 2478 sententiis

1193 2487 1331 2526 judicum
1342 2491 1569 2527 permitteretur.
1594 2490 1751 2517 Nimirum
1761 2507 1770 2521 ‚
1784 2487 1899 2526 judices
1909 2507 1917 2521 ,
1929 2497 1982 2527 pro
1991 2488 2044 2518 hac
2054 2488 2146 2518 nobi-

1195 2529 1274 2559 litate
1294 2539 1355 2568 pars
1366 2532 1499 2560 maxima
1506 2532 1634 2560 civitatis
1648 2531 1680 2559 in
1690 2530 1779 2560 armis
1788 2527 1846 2558 fuit
1862 2539 1868 2558 :
1892 2530 1954 2559 haec
1963 2528 2025 2559 acta
2034 2539 2079 2559 res
2089 2528 2143 2565 est,

1195 2572 1237 2600 uti
1255 2571 1372 2600 nobiles
1390 2571 1612 2602 restituerentur
1630 2572 1826 2601 incivitatem
1837 2589 1846 2604 ,
1868 2572 1921 2611 qui
1938 2569 2145 2606 hocfacerent‚

1195 2612 1277 2652 quod
1288 2611 1380 2643 facere
1391 2612 1559 2645 Mefl'allam
1568 2612 1676 2644 videtis
1688 2614 1755 2655 :qui
1765 2620 1852 2652 caput
1860 2612 2146 2685 innocentisddefen-

2063 2663 2145 2688 rent:

1193 2740 1248 2767 lum
1260 2741 1287 2767 Sc
1298 2740 1399 2767 Aldum
1410 2742 1545 2769 Manutius
1557 2761 1565 2774 ‚
1584 2741 1694 2769 admissi
1714 2742 1868 2777 conjectura
1877 2742 2000 2769 Lambini
2012 2752 2021 2774 ς
2040 2743 2111 2779 quod
2130 2747 2146 2771 ὲ

1194 2776 1300 2812 vulgata
1311 2777 1375 2803 1111111
1387 2777 1446 2804 boni
1458 2777 1525 2804 succi
1535 2779 1724 2814 exprimerem.
1746 2788 1804 2805 narn
1815 2780 1945 2811 ospraebcrc
1955 2798 1963 2811 ,
1972 2779 2144 2815 parasitorum

1194 2820 1296 2840 tantum
1310 2832 1318 2844 ‚
1328 2821 1373 2840 ant
1383 2823 1474 2840 eorum
1486 2823 1550 2850 quos
1563 2824 1613 2840 non
1626 2814 1744 2840 nomino.

1231 2858 1256 2882 ς,
1275 2852 1353 2875 Wtam
1362 2853 1387 2875 in
1396 2853 1490 2882 egestate
1498 2850 1598 2884 degere]
1613 2851 1639 2876 S.
1650 2848 1768 2877 Vic‘foris
1779 2849 1844 2876 libet·
1856 2869 1864 2882 ,
1883 2850 1939 2876 Pal.
1949 2851 2030 2886 prim.
2041 2851 2069 2877 8<
2079 2858 2145 2878 tert.

1193 2886 1307 2917 cgtssmcm
1319 2904 1327 2916 ,
1340 2885 1410 2921 quod
1421 2885 1568 2912 Guliclinio
1577 2885 1738 2922 displicebat.

1227 2920 1254 2946 6.
1276 2921 1343 2946 ,1:1ch
1361 2923 1475 2955 injuriam
1484 2921 1643 2955 Chqfigana]
1664 2922 1736 2948 Male
1751 2921 1808 2948 heic
1818 2930 1894 2948 voces
1905 2921 2052 2957 transponit
2063 2923 2146 2950 Lam-

1192 2954 1278 2982 binus.
1299 2966 1349 2983 non
1362 2958 1396 2983 est
1409 2956 1522 2983 formula
1532 2957 1628 2983 leniter
1637 2956 1799 2993 objurgantis
1809 2964 1971 2993 peccantem.

2182 241 2232 278 50

2173 1776 2225 1821 52‘
2288 1759 2292 1769 ’

1228 2999 1254 3025 7.
1274 2996 1310 3017 Ne
1319 2995 1458 3018 monumenti
1468 2993 1558 3026 quidem
1568 2994 1639 3026 canfiz
1651 2993 1807 3027 reservavit]
1822 2994 1846 3018 S.
1854 2992 1926 3019 Vnst.
1938 2993 1998 3020 cod.
2009 2995 2080 3027 causa
2090 2994 2149 3020 dare
2180 2992 2186 2996 '

1186 3027 1381 3063 sii-navinqtmd
1392 3028 1419 3054 8:
1431 3028 1457 3054 in
1470 3028 1524 3054 Pal.
1532 3027 1587 3054 οξὶ.
1598 3037 1655 3054 nain
1668 3036 1731 3055 tert.
1742 3030 1927 3062 clamfti‘vavit.
1938 3038 1978 3065 pr.
1987 3031 2048 3056 clam
2057 3030 2150 3063 resim.

1231 3062 1257 3088 8.
1276 3067 1371 3089 Summa
1380 3065 1478 3096 respubl.
1488 3066 1513 3089 in
1523 3066 1593 3097 hujus
1599 3066 1698 3096 periculo
1708 3065 1839 3098 tentatum]
1852 3064 1960 3092 Reduxi
1971 3063 2041 3101 quod
2053 3071 2109 3092 erat
2119 3066 2147 3091 in

1193 3097 1239 3124 sci-i
1244 3099 1294 3134 ptis
1306 3099 1399 3126 nosti-is
1409 3100 1435 3126 &
1448 3098 1508 3128 edd.
1519 3109 1648 3129 annorum
1660 3108 1766 3130 centum
1777 3100 1805 3128 &
1817 3101 1938 3138 triginta.
1961 3101 2067 3138 vulgata
2077 3101 2149 3128 enim

1193 3134 1291 3165 exinde
1300 3137 1400 3170 ›tif-ubl.
1969 3144 1974 3150 ·
2123 3173 2154 3200 l„

2088 3181 2099 3200 1
2107 3190 2113 3198 .
