2337 3400
132 112 228 172 814
536 102 1050 152 M.Tunr.11

131 186 383 231 δυτδᾶὀιγνωςυι.
406 184 476 215 effer
485 184 610 225 quidem
619 181 736 213 summe
745 180 844 211 fac-ilis
858 190 863 209 ς
881 178 929 210 sed
939 187 969 208 tu
980 177 1087 211 aberis,

129 244 141 260 ¹
159 241 191 270 δε
208 249 258 268 me
276 237 394 266 absente
410 245 466 264 res.
486 237 501 254 ²
517 233 639 264 habebis
661 233 722 262 mei
732 233 893 261 rationem.
915 238 985 259 nam
995 225 1090 268 posiet

128 279 253 320 ahquid,
265 277 283 307 si
295 278 405 307 utervis
414 274 551 306 nostrum
563 273 682 308 adesset,
699 277 710 301 3
723 282 826 313 agente
836 272 976 303 Servilio,
985 270 1090 300 Servio

129 322 194 352 fieii
218 319 382 360 probabile.
402 327 501 351 nunc,
522 316 643 357 4s1jam
654 326 698 346 res
719 317 849 355 placeat,
868 312 975 354 agendi
985 321 1086 343 tamen

129 365 210 393 viam
234 371 298 391 non
316 359 417 390 video.
441 362 533 390 Nunc
550 361 642 389 venio
660 358 695 388 ad
706 358 789 387 illam
800 354 976 395 epistolam,
995 363 1085 394 quam

129 402 380 443 accepiaTullio.
401 404 448 431 De
460 401 612 434 Marcello,
629 398 901 438 fecistidiligenter.
920 398 1044 437 igiturs.
1059 404 1088 424 c.

132 444 153 475 si
165 447 220 475 erit
227 443 340 475 factum
355 463 362 476 ‚
376 443 482 473 scribes
493 443 527 473 ad
539 453 587 472 me
599 453 604 471 ς
615 440 658 471 sin
670 440 772 471 minus
785 460 792 473 ‚
805 449 866 469 rem
879 447 980 469 tamen
989 435 1089 467 confi·
1112 466 1114 482 Ι

132 490 202 517 cies.
221 487 297 516 mihi
316 487 400 515 enim
419 483 718 524 attribuioportebit,
741 484 815 512 item
827 481 948 511 Bibulo.
969 479 1092 510 sednon

133 528 241 558 dubito
251 548 260 561 ,
270 529 344 568 quin
356 537 378 556 s.
393 536 421 556 c.
435 526 609 566 expeditum
622 524 664 559 sit,
676 526 709 555 in
719 534 781 565 quo
791 523 952 564 praesertim
964 519 1092 551 sitcom—

132 570 281 610 pendium
299 569 415 609 populi.
440 571 488 598 De
517 571 674 608 Torquato
689 587 697 600 ,
719 566 823 607 probe.
847 567 894 596 De
903 564 1046 596 Masone,
1061 562 1093 592 &

134 614 244 652 Ligure
255 631 263 645 ‚
289 611 361 641 cum
381 613 529 640 venerint.
553 612 600 640 De
611 609 666 639 illo
676 629 684 643 ‚
695 608 776 650 quod
787 608 957 647 Chaerippus
970 616 975 634 :
999 606 1095 645 (quo-

132 662 216 690 niam
228 658 275 691 hic
282 670 402 700 quoque
416 654 604 693 πξόσνόίιστν
618 657 772 697 sustulisti)
783 656 802 687 ὁ
812 656 978 697 provincia!
989 656 1096 684 etiam·

135 711 174 732 ne
197 700 246 732 hic
263 703 340 731 mihi
360 701 508 731 curandus
527 700 570 731 est
592 707 603 733 ἓ
628 699 776 731 curandus
791 701 913 729 autem?
937 695 1091 727 haetenus,

134 747 148 771 5
160 754 196 774 ne
207 744 278 784 quid
289 743 325 774 ad
334 746 489 777 Senatum,
500 743 637 778 consule,
645 751 695 772 aut
707 750 840 772 numera.
852 749 922 770 nam
935 739 970 769 de
980 747 1094 768 ceteris.

134 785 191 816 Sed
211 795 313 816 tamen
332 785 499 816 commode
513 805 522 820 ,
543 785 625 826 quod
643 783 714 815 cum
735 781 846 813 Scrofa.
871 784 919 811 De
938 781 1093 826 Pomtino,

134 826 217 857 secie
229 828 340 858 scribis.
359 827 401 858 est
411 828 495 857 enirn
505 829 555 859 ita,
570 836 601 857 ut
614 825 633 856 si
645 835 712 856 ante
724 823 854 855 Kalend.
863 825 934 865 Jun.
948 819 1095 868 Brundisii

134 868 253 898 futurus
264 867 297 899 sit
310 889 317 903 ,
334 868 439 899 minus
452 869 578 909 urgendi
588 868 701 898 fuerint
711 869 757 896 M.
769 868 900 898 Annius,
913 864 945 894 &
960 863 1093 894 Tullius.

136 913 209 951 Qae
228 911 264 941 de
286 913 401 942 Sicinio
412 911 539 944 audisti,
559 920 591 940 ea
603 911 681 939 mihi
691 908 874 949 probantur:
898 905 1095 936 modoneilla

136 955 275 991 exceptio
293 955 324 983 in
341 953 473 993 aliquem
488 955 620 982 incurrat
634 951 711 981 bene
720 950 756 980 de
767 949 858 979 nobis
871 950 1024 978 meritum.
1045 946 1093 976 sed

133 993 400 1025 considerabimus.
418 1004 482 1024 rem
493 996 576 1024 enirn
589 993 693 1033 probo.
718 995 765 1022 De
776 991 879 1021 nostro
889 987 1094 1029 itinere,qu0d

136 1035 275 1067 statuero.
305 1039 351 1066 De
371 1037 504 1076 quinque
524 1034 690 1075 praefeffls,
711 1033 783 1075 quid
795 1030 1093 1072 Pompeiusfa&urus

136 1076 171 1107 fit
183 1098 191 1111 ,
203 1077 274 1108 cum
286 1088 324 1107 ex
338 1079 401 1117 ipso
413 1087 559 1119 cognoro,
569 1076 687 1110 faciam,
700 1085 733 1106 ut
743 1076 822 1106 scias.
846 1077 893 1104 De
903 1075 1001 1113 Oppio
1016 1073 1092 1101 bene

135 1119 241 1150 curasti
255 1140 263 1152 ,
278 1119 360 1160 quod
371 1122 398 1149 ei
409 1129 507 1149 neec.
519 1117 683 1159 exposuisti
694 1129 699 1147 t
711 1117 800 1158 idque
812 1137 820 1150 ‚
831 1118 977 1158 quoniam
990 1114 1092 1144 Philo-

137 1163 250 1191 timum
261 1162 360 1195 habes,
372 1160 492 1201 perfice,
505 1159 519 1180 ⁶
532 1161 565 1191 ὃς
577 1160 724 1200 cognosce
734 1160 898 1189 rationem:
913 1158 956 1190 δε,
968 1165 1092 1196 utagam

135 1202 267 1243 amphus
277 1223 284 1237 ‚
297 1201 316 1232 fi
328 1213 375 1233 me
385 1213 465 1234 amas
476 1223 484 1237 ,
498 1204 579 1243 prius
591 1204 680 1243 quam
691 1199 896 1241 proficiscaris,
911 1197 1006 1229 effice.
1029 1207 1094 1244 ma-⁵

135 1254 193 1286 gna
222 1255 271 1274 me
288 1255 356 1275 cura
373 1245 488 1276 levaris.
513 1244 613 1275 Habes
622 1244 657 1274 ad
667 1244 784 1273 omnia.
806 1240 857 1272 etsi
870 1240 956 1281 paene
967 1248 1095 1286 praeterii

136 1288 267 1317 chartam
279 1287 335 1316 tibi
343 1285 438 1316 deesse
451 1292 479 1315 :7
490 1296 572 1316 mera
580 1288 679 1326 captio
691 1284 733 1315 est
744 1296 752 1318 3
763 1283 908 1325 siquidem
920 1283 984 1322 ejus
994 1290 1097 1321 inopia

139 1327 246 1358 minus
263 1329 358 1359 multa
377 1329 413 1359 ad
423 1339 472 1359 me
485 1329 600 1359 scribis.
622 1337 653 1358 tu
664 1326 737 1357 vero
749 1320 854 1356 aufers
864 1325 1019 1355 ducentos.
1045 1321 1096 1353 etsi

136 1380 238 1400 meam
259 1372 292 1400 in
311 1380 348 1400 eo
357 1369 570 1410 parsimoniam
581 1371 670 1409 hujus
685 1370 799 1410 paginae
810 1365 976 1397 contraistio
986 1363 1098 1406 signifi-

137 1421 183 1442 cat
198 1431 206 1445 ,
227 1411 301 1442 dum
321 1412 382 1442 a6ta
400 1412 433 1442 &
453 1422 589 1443 rumores
597 1412 702 1442 vellet.
721 1413 786 1451 jam
797 1430 805 1444 ‚
828 1408 916 1450 siqua
925 1416 1002 1438 certa
1011 1407 1100 1437 habes

138 1454 175 1484 de
186 1454 295 1484 Caesare
304 1474 312 1488 ‚
325 1453 465 1494 exspecto
476 1455 588 1485 litteras
600 1464 605 1483 z
620 1454 653 1484 &
662 1453 734 1484 alias
754 1453 898 1484 Pomtino
908 1450 945 1481 de
956 1449 1102 1480 omnibus

133 1495 221 1526 rebus
235 1495 393 1537 diligentes
404 1496 496 1527 dabis.

384 1554 578 1582 CICERO
599 1553 825 1584 ATTICO,
845 1551 874 1580 S.

220 1611 317 1639 [ΛΝΒ
336 1608 417 1639 deest
435 1609 518 1650 quod
538 1609 674 1640 scribam.
686 1619 762 1639 nam
773 1618 848 1641 nec,
867 1605 940 1648 quid
951 1604 1105 1641 mandem,

219 1651 334 1680 habeo:
358 1651 439 1680 nihil
457 1653 540 1680 enirn
563 1649 791 1691 praetermissum
802 1649 862 1679 est:
886 1659 942 1678 nec
955 1647 1028 1689 quid
1040 1657 1109 1678 nar-

145 1703 210 1723 rem
227 1703 232 1721 ;
251 1696 265 1718 9
276 1693 350 1722 novi
362 1694 445 1722 enim
458 1693 535 1722 nihil
549 1703 554 1721 :
575 1692 750 1732 necjocandi
761 1692 833 1721 locus
843 1689 894 1727 est3
906 1693 945 1720 ita
956 1700 1005 1719 me
1014 1691 1110 1721 multa

144 1735 317 1766 sollicitant.
351 1743 468 1764 tantum
490 1743 590 1764 tamen
602 1735 696 1768 scito,
716 1734 822 1764 Idibus
832 1735 971 1763 Mai.nos
981 1731 1110 1762 Venusia

151 1785 241 1806 mane
264 1773 495 1815 proficiscenteis
515 1777 565 1806 has
587 1774 708 1806 dedifl'e.
733 1785 769 1805 eo
787 1783 886 1805 autern
897 1773 946 1804 die
956 1773 1045 1803 credo
1056 1775 1111 1804 ali-

146 1818 220 1859 quid
240 1816 340 1847 actum
359 1819 392 1846 in
411 1820 530 1847 Senatu.
549 1818 710 1858 sequantur
728 1819 818 1859 igitur
836 1825 894 1846 nos
914 1823 971 1845 tuae
988 1815 1107 1849 litterae,

147 1859 259 1901 quibus
268 1869 331 1889 non
343 1858 437 1888 modo
449 1869 494 1889 res
501 1862 622 1889 omneis
633 1879 642 1893 ‚
667 1859 715 1889 sed
727 1861 817 1889 etiam
837 1867 971 1888 rumores
984 1858 1112 1897 cognos-

147 1910 263 1931 camus.
285 1910 331 1931 eas
354 1902 537 1941 accipiemus
559 1899 721 1932 Brundisii.
740 1900 783 1931 ibi
793 1901 877 1930 enim
888 1900 1065 1930 Pomtinum
1076 1899 1111 1930 ad

147 1952 214 1974 eam
234 1942 317 1973 diem
329 1962 338 1975 ,
371 1953 463 1984 quarn
482 1952 514 1973 tu
533 1942 686 1984 scripsisti,
704 1941 872 1983 exspe&are
885 1939 1045 1971 consilium
1057 1941 1109 1972 est.

148 1993 218 2023 Nos
234 1993 380 2025 Tarenti,
400 2002 476 2033 quos
486 2002 558 2022 cum
570 1991 718 2032 Pompejo
733 1978 913 2032 21320'785
925 1990 961 2020 de
971 1992 1046 2031 Rep.
1060 1992 1111 2022 ha-

145 2033 301 2064 buerimus
311 2054 319 2067 ‚
345 2032 395 2064 etsi
407 2035 547 2074 idipsum
559 2035 630 2065 scite
638 2034 728 2074 cupio
740 2053 747 2067 ,
763 2032 844 2073 quod
852 2032 888 2062 ad
900 2041 1018 2073 tempus
1028 2033 1108 2063 reEh}

146 2076 182 2106 ad
197 2085 224 2105 te
238 2076 362 2106 scribere
372 2074 478 2116 possim
491 2096 499 2109 ‚
521 2076 553 2107 id
564 2076 606 2107 est
616 2096 624 2110 ‚
645 2077 737 2117 quam
748 2075 801 2105 diu
814 2077 923 2104 Romae
932 2073 1050 2104 futurus
1060 2073 1108 2109 fis3

144 2125 181 2146 ut
191 2137 199 2150 ‚
210 2126 259 2147 aut
268 2116 330 2158 quo
342 2117 410 2147 dem
421 2117 543 2157 posthac
554 2119 664 2149 litteras
673 2118 763 2148 sciam
777 2137 785 2151 ‚
800 2125 851 2146 aut
864 2126 903 2146 ne
913 2116 982 2146 dem
992 2116 1107 2147 frustra.

144 2159 202 2189 Sed
213 2168 279 2188 ante
288 2159 378 2200 quam
390 2158 573 2198 proficiscare
583 2180 592 2194 ,
604 2161 706 2201 utique
718 2159 903 2199 explicatum
913 2156 946 2188 sit
966 2158 1045 2189 illud
1057 2169 1110 2189 ihs

146 2210 202 2230 xx.
224 2201 256 2230 &
278 2210 377 2230 neec.
388 2202 446 2231 hoc
458 2203 553 2232 velim
565 2204 598 2232 in
609 2203 754 2232 maximis
765 2200 852 2231 rebus
863 2199 896 2230 &
907 2198 1044 2230 maxime
1053 2211 1109 2231 ne-

146 2240 275 2314 cpisiariis
284 2242 388 2273 habeas
399 2255 409 2278 ;,
432 2252 483 2277 ut,
506 2244 588 2285 quod
601 2243 721 2275 amitere
733 2252 759 2273 te
769 2242 847 2274 velle
855 2243 933 2283 ccepi
945 2262 954 2277 ‚
974 2242 1107 2284 adjutore

145 2293 163 2315 a
190 2294 204 2314 e
227 2294 287 2315 uar.

105 2329 128 2362 6
207 2293 227 2326 q
392 2328 582 2358 CICERO
604 2328 819 2360 ATTICO,
840 2328 867 2356 S.

156 2365 234 2441 T
245 2369 417 2398 AREN-rum
439 2379 507 2399 veni
521 2373 557 2399 A.
571 2371 610 2399 D.
625 2379 680 2399 xv.
690 2368 898 2409 Kalend-jun.
910 2366 1001 2408 de
1012 2370 1106 2398 Pom-

245 2411 348 2439 tinum
364 2409 520 2441 statueram
531 2410 699 2450 exspefflire
710 2429 718 2443 ,
738 2407 1018 2439 commodiffimum
1031 2409 1105 2440 durii

144 2449 209 2481 dies
225 2460 277 2481 eos
289 2471 298 2484 ,
318 2452 416 2492 quoad
438 2453 490 2482 ille
508 2454 642 2486 veniret,
666 2461 738 2483 cum
757 2451 905 2491 Pompejo
914 2451 1106 2482 consumere:

189 2586 211 2603 1.
233 2581 264 2603 Et
273 2588 306 2604 me
316 2579 407 2612 abfinte
415 2579 479 2614 να]
496 2581 598 2606 Omnes
608 2579 677 2606 Bosii
688 2578 765 2605 codd.
777 2579 814 2605 'ita
824 2577 954 2605 habebant
967 2598 975 2609 ,
998 2578 1070 2614 vulg.
1080 2579 1110 2609 (ἔγ

149 2622 184 2638 mc
194 2615 285 2647 absintc
296 2618 338 2640 rei.

185 2658 213 2674 2.
235 2651 333 2675 Habebis
344 2652 534 2686 mirationem]
557 2652 655 2678 Partim
668 2651 705 2678 ita
715 2651 810 2687 legunt
820 2649 928 2686 qnidam
940 2649 1017 2676 codd.
1029 2650 1111 2682 Bosii,

148 2686 243 2718 partim
256 2689 411 2713 mIrationcm.
432 2688 481 2713 hoc
498 2688 523 2714 in
544 2687 595 2714 suis
614 2688 688 2714 libris
708 2695 836 2714 notarunt
855 2687 934 2713 etiam
955 2687 1001 2712 alii
1012 2688 1109 2713 Manu-

150 2720 202 2745 tius
215 2740 223 2751 ,
235 2722 260 2746 8<
274 2723 388 2749 Faernus
401 2725 463 2750 teste
474 2723 572 2750 Ursino
585 2744 592 2755 ,
610 2724 656 2760 qui
667 2722 728 2751 inde
738 2723 894 2759 conjiciebat
904 2722 1046 2759 legendum
1059 2741 1067 2755 ‚
1080 2723 1109 2753 &⁴

150 2764 184 2780 me
195 2758 285 2789 ahsente
295 2762 338 2783 mei
347 2760 440 2785 habebis
451 2761 573 2786 rarii-aem.

194 2799 218 2825 3-
238 2797 336 2825 <As-mc
353 2797 452 2821 ser-vilio
469 2797 575 2830 Ser-qim]
603 2797 644 2822 Ita
664 2803 766 2822 veteres
785 2795 870 2822 libros
888 2794 983 2821 babere
1002 2795 1113 2822 testatur

151 2827 298 2857 Manutiiffi
310 2829 351 2855 sed
362 2830 559 2858 distinffionem
571 2831 706 2858 interserit
717 2839 746 2858 ut
755 2832 809 2858 duo
821 2831 869 2858 sint
878 2833 1007 2862 Semilim,
1020 2832 1047 2856 Sc
1057 2835 1112 2856 Ser-

148 2864 207 2887 vim
219 2872 226 2892 ὁ
241 2864 334 2903 inmb.
348 2867 464 2902 reponit,
474 2871 553 2893 Ser-uia
562 2870 714 2902 Servilii-filiu
723 2879 730 2893 :
738 2870 754 2895 a
767 2868 839 2904 vulg.
849 2867 918 2895 abest
929 2866 1008 2899 illud,
1018 2869 1110 2893 Servio.

186 2905 215 2930 4.
234 2902 317 2932 Sijam
327 2911 364 2926 re;
370 2904 492 2937 placeat.]
508 2903 617 2939 Vulg.fi
627 2911 687 2930 tam.

190 2943 216 2967 5.
237 2938 270 2959 Ne
281 2937 339 2968 quid
346 2938 378 2961 ad
385 2943 496 2964 Senatum
508 2958 516 2970 ,
534 2940 621 2972 confide
632 2959 640 2971 ‚
659 2947 702 2966 aut
712 2939 837 2973 numeras]
858 2938 963 2965 Diserte
974 2937 1040 2964 duos
1052 2938 1109 2965 mss.

152 2969 235 2996 Palat.
247 2970 340 2996 habere
350 2972 516 3008 dicitJiiiiius
531 2994 537 3007 ,
559 2976 646 3009 nequid
654 2977 687 3001 ad
693 2979 806 3001 senarum
818 2995 827 3008 ‚
838 2976 955 3009 Confidam
965 2983 1008 3001 aut
1016 2978 1062 3001 Pr.
1073 2974 1112 3001 al-

151 3013 239 3033 terum
250 3007 357 3042 egregie
368 3008 558 3044 interpretatur
568 3011 596 3037 d.
608 3011 668 3038 loco
679 3011 831 3038 Turnebus.

172 3077 177 3082 ⁸
188 3042 217 3068 6.
236 3045 269 3067 Et
279 3044 401 3077 cognosce]
413 3046 455 3070 Sic
464 3045 625 3082 distinguere
636 3046 694 3074 mss.
707 3047 791 3074 Palat.
802 3047 880 3079 duos,
892 3048 920 3073 &
931 3046 1003 3073 reete
1015 3047 1112 3084 aitJu-

151 3085 211 3104 mus
223 3096 231 3109 ,
242 3078 270 3107 ἀγ
281 3080 378 3111 cognosci·
389 3082 500 3106 rationem
511 3100 519 3112 ,
530 3083 559 3112 (ly
569 3090 596 3107 ut
605 3092 674 3115 agam
683 3085 796 3116 amplius.
809 3084 855 3118 sed
864 3104 872 3116 ,
883 3084 934 3114 ὀνο.

187 3121 214 3147 7.
233 3116 323 3141 &nera
333 3118 407 3147 captio
417 3117 476 3151 effi]
498 3117 563 3142 Haec
573 3118 607 3144 est
619 3120 730 3145 Decurt.
744 3119 862 3146 Tornaes.
881 3119 1038 3149 Meminiaii.
1049 3119 1111 3147 Hu-

148 3148 212 3178 talt.
224 3149 373 3186 summast).
384 3151 504 3180 codicum
515 3152 611 3187 leetio,
622 3154 716 3190 vulgo,
726 3165 777 3183 rma
786 3160 863 3184 cautio
873 3158 918 3184 eft.

1129 98 1672 147 CICEROle

1129 186 1225 218 eoque
1236 178 1329 217 magis
1339 197 1347 210 ,
1359 177 1441 217 quod
1451 180 1478 208 ei
1487 189 1603 219 gratum
1614 179 1671 211 effe
1681 180 1712 211 id
1721 180 1860 212 videbam
1873 191 1882 216 ;
1902 182 1953 223 qui
1965 180 2084 213 etiam&

1129 229 1179 248 me
1190 220 1316 259 petierit,
1322 228 1353 248 ut
1363 220 1510 253 secum,&
1519 222 1595 261 apud
1605 223 1632 252 se
1642 223 1719 260 effem
1728 224 1865 264 quotidie:
1873 224 1955 265 quod
1963 223 2088 254 conces-

1131 260 1294 291 silibenter.
1309 261 1422 290 multos
1434 263 1591 302 enimzejus
1603 265 1755 303 praeclaros
1765 265 1802 296 de
1812 266 2089 306 Repub.sermones

1131 304 1273 342 accipiam
1290 312 1296 331 :
1315 301 1442 332 instruar
1456 304 1546 333 etiam
1566 304 1826 337 confiliisidoneis
1836 308 1871 338 ad
1882 309 1940 338 hoc
1951 306 2090 337 nostrum

1132 345 1300 385 negotium.
1323 343 1380 374 Sed
1394 344 1428 374 ad
1439 352 1466 374 te
1474 344 1663 386 breviorJam
1673 349 1706 377 in
1717 348 1879 379 scribendo
1889 351 2002 390 incipio
2013 347 2090 382 ficri,

1131 386 1270 416 dubitans
1280 388 1388 416 Romae
1400 396 1438 416 ne
1449 384 1494 419 sis,
1509 396 1546 416 an
1554 388 1616 426 jam
1627 388 1793 428 profectus.
1815 391 1896 431 quod
1907 400 2007 422 tamen
2014 399 2094 431 quo-

1133 428 1167 458 ad
1181 427 1336 468 ignorabo,
1350 427 1474 458 scribam
1484 428 1598 469 aliquid
1611 429 1723 469 potius,
1733 441 1822 471 quam
1832 435 2036 466 committam,
2049 440 2091 466 ut,

1113 483 1114 499 i
1133 470 1190 500 tibi
1208 468 1280 500 cum
1301 467 1411 508 poffint
1427 469 1511 500 reddi
1531 470 1607 501 ame
1620 472 1748 505 litterae,
1768 482 1832 503 non
1845 474 2012 504 reddantur.
2036 483 2093 504 nee

1135 520 1236 542 tamen
1243 511 1306 550 jam
1319 510 1502 552 habemquid
1510 521 1559 542 aut
1569 513 1710 543 mandem
1723 513 1789 547 tibi,
1800 523 1849 545 aut
1858 525 1985 546 narrem.
2007 525 2094 546 man-

1136 553 1204 583 davi
1214 554 1329 586 omnia,
1340 563 1405 593 quae
1417 553 1542 593 quidem
1558 562 1600 588 tu,
1618 564 1649 585 ut
1659 555 1813 595 polliceris
1825 558 1996 588 ,exhauries
2010 568 2014 586 :
2026 567 2093 588 nar-

1135 595 1217 628 rabo,
1230 593 1302 625 cum
1315 595 1430 635 aliquid
1444 595 1559 626 habebo
1571 599 1657 626 novi.
1676 596 1754 627 illud
1765 607 1865 627 tamen
1875 608 1939 628 non
1949 598 2092 632 desinam,

1139 639 1167 656 ¹0
1176 636 1250 666 dum
1261 635 1356 667 adesse
1369 646 1396 666 te
1408 637 1528 676 putabo,
1540 637 1576 668 de
1588 639 1707 669 Caesaris
1715 641 1845 668 nomine
1856 649 1967 681 rogare,
1978 649 2010 670 ut
2020 650 2096 671 con-

1135 678 1252 709 fe&um
1262 678 1422 719 relinquas.
1444 679 1532 709 avide
1543 680 1683 720 exspefiffi
1693 690 1757 711 tuas
1765 681 1889 715 litteras.
1901 682 1933 712 δε
1943 682 2093 718 maxime,

1137 730 1169 752 ut
1182 722 1283 751 norim
1295 728 1414 761 tempus
1423 720 1624 761 profeffionis
1633 732 1701 753 tuae.

1383 782 1583 811 CICERO
1604 783 1802 812 ATTICO
1822 784 1850 813 S.

1231 839 1396 870 Uonone,
1407 836 1456 866 vel
1466 836 1569 877 potius
1583 839 1615 867 in
1628 836 1692 867 dies
1702 835 1832 879 singulos
1842 837 2007 868 brevioreis
2016 839 2098 869 litte-

1229 888 1272 908 ras
1290 878 1325 908 ad
1341 888 1369 908 te
1381 880 1481 908 mitto.
1499 879 1635 919 quotidie
1647 881 1730 909 enim
1744 884 1769 899 ¹²
1780 881 1875 922 magis
1886 880 2015 919 suspicor
2026 890 2053 911 te
2065 883 2098 911 in

1138 921 1264 960 Epirum
1286 921 1348 958 jam
1368 919 1551 960 pi·ofe&um.
1573 921 1620 951 scd
1640 931 1739 951 tamen
1753 943 1761 955 ,
1781 931 1814 951 ut
1838 922 2012 952 mandatum
2028 923 2099 952 scias

1137 970 1186 990 me
1200 960 1323 995 curasse,
1339 971 1414 1002 quot
1424 971 1503 996 ante,
1514 964 1554 992 ait
1568 963 1595 992 se
1607 964 1769 1003 Pompeius
1781 967 1809 983 ¹²
1822 966 1933 1004 quinos
1943 963 2099 1003 praefe&os

1136 1002 1304 1033 delaturum
1320 1023 1328 1037 ‚
1349 1013 1466 1038 novos3
1485 1006 1669 1039 vacationes,
1683 1005 1873 1044 judiciariam
1883 1006 2010 1035 causam.
2035 1008 2099 1046 Ego

1135 1043 1205 1074 curn
1226 1044 1359 1075 triduum
1370 1054 1439 1074 cum
1452 1047 1598 1085 Pompejo
1610 1067 1617 1079 ,
1640 1047 1672 1076 &
1683 1047 1759 1086 apud
1773 1048 1953 1087 Pompejum
1964 1045 2097 1081 fuissem,

1134 1085 1339 1125 proficiscebar
1349 1085 1540 1116 Brundisium
1552 1096 1618 1117 A.D.
1632 1091 1659 1115 ¹3
1670 1094 1707 1118 xl
1718 1098 1728 1117 1
1738 1099 1761 1117 1.
1775 1091 1861 1118 KAL.
1870 1090 1987 1130 Junias.
1999 1090 2099 1119 civem

1136 1127 1226 1157 illurn
1239 1129 1391 1168 egregium
1404 1128 1658 1169 relinquebam‚&
1667 1130 1703 1160 ad
1714 1132 1785 1163 haec,
1798 1140 1864 1170 quae
1875 1133 2022 1160 timentur
2030 1139 2102 1170 pro—

1133 1169 1275 1209 pulsanda
1286 1167 1513 1209 paratiffimum.
1538 1173 1620 1200 Tuas
1631 1171 1742 1201 litteras
1754 1170 1932 1212 exspesstabo
1943 1191 1952 1206 ‚
1972 1170 2045 1203 cum
2055 1181 2099 1207 ut,

1134 1210 1209 1252 quid
1219 1221 1299 1253 agas,
1315 1219 1391 1246 tum,
1404 1211 1456 1242 ubi
1466 1210 1512 1245 fis,
1525 1212 1627 1242 sciam.

1387 1271 1578 1300 CICERO
1601 1272 1811 1306 ATTICO,
1834 1273 1861 1302 S.

1254 1317 1279 1345 E
1292 1324 1332 1345 ετ
1345 1316 1544 1346 incommoda
1554 1316 1689 1346 valitudo
1697 1336 1705 1350 ‚
1715 1326 1773 1357 qua
1778 1318 1842 1356 jam
1853 1316 2041 1352 emerseram,
2053 1325 2102 1348 ut-

1252 1366 1321 1397 pote
1332 1355 1404 1387 cum
1416 1356 1476 1388 fine
1485 1357 1561 1388 febri
1573 1357 1794 1391 laborassem&
1804 1361 1939 1389 Pomtini
1949 1359 2103 1399 exspefihi-

1140 1402 1185 1430 tio
1196 1419 1204 1432 ‚
1223 1399 1260 1429 de
1270 1409 1331 1439 quo
1341 1399 1439 1430 adhuc
1448 1409 1485 1429 ne
1493 1409 1598 1429 rumor
1605 1400 1733 1440 quidem
1745 1409 1865 1430 venerat
1875 1420 1883 1433 ,
1896 1401 2014 1431 tenebat
2023 1402 2102 1432 duo-

1140 1441 1296 1472 decimum
1309 1441 1366 1477 iam
1378 1441 1459 1471 diem
1471 1439 1628 1471 Brundisii.
1648 1441 1697 1472 sed
1709 1443 1827 1472 cursum
1838 1441 2096 1481 exspectabamus.

1142 1492 1176 1514 tu
1197 1482 1216 1512 si
1226 1481 1320 1513 modo
1331 1492 1361 1512 es
1375 1485 1483 1514 Romae
1495 1503 1504 1516 ,
1523 1482 1533 1522 (
1547 1485 1600 1513 vix
1609 1485 1692 1514 enim
1703 1492 1776 1523 puto
1789 1484 1800 1523 )
1819 1481 1862 1513 sin
1875 1493 1906 1513 es
1915 1503 1923 1517 ,
1946 1485 2003 1514 hoc
2011 1486 2104 1515 vehe-

1146 1533 1265 1555 menter
1281 1524 1499 1555 animadvertas
1516 1525 1611 1555 velim
1648 1528 1678 1551 ¹4
1690 1527 1792 1556 Roma
1802 1534 1970 1565 acceperam
1982 1526 2104 1560 litteras,

1147 1567 1299 1596 Milonem
1323 1576 1427 1596 meum
1447 1568 1530 1607 queri
1539 1576 1591 1606 per
1599 1567 1710 1597 litteras
1721 1569 1864 1606 injuriam
1878 1576 1977 1597 meam
1990 1587 1998 1601 ‚
2016 1567 2100 1609 quod

1148 1608 1331 1640 Philotimus
1349 1608 1445 1638 socius
1465 1607 1536 1639 effet
1546 1611 1578 1639 in
1589 1608 1678 1638 bonis
1690 1609 1757 1639 suis.
1782 1608 1813 1638 id
1824 1618 1879 1649 ego
1890 1610 1929 1639 ita
1943 1607 2007 1639 fieri
2016 1609 2103 1642 volui

1147 1651 1184 1680 de
1197 1651 1369 1680 C.Duronii
1380 1650 1533 1684 sententia3
1545 1660 1637 1691 quem
1650 1650 1682 1680 δε
1692 1648 1903 1681 amicissimum
1914 1651 2026 1681 Miloni
2036 1661 2104 1691 per-

1149 1693 1298 1732 spexeram
1313 1711 1321 1725 ‚
1336 1692 1368 1721 &
1379 1692 1470 1722 talem
1479 1694 1579 1722 virum
1590 1712 1598 1726 ‚
1609 1693 1731 1733 qualern
1742 1702 1774 1722 tu
1781 1692 1895 1731 judicas
1907 1712 1914 1725 ,
1926 1702 2102 1733 cognoram.

1150 1736 1214 1774 ejus
1223 1731 1440 1764 autconfilium
1456 1753 1464 1767 ‚
1481 1743 1646 1774 meumque
1661 1735 1719 1763 hoc
1727 1733 1841 1766 fuerat,
1859 1733 1995 1773 primum
2012 1754 2020 1768 ,
2031 1735 2105 1765 utin

1147 1774 1280 1816 potestate
1297 1773 1384 1810 nostra
1394 1773 1465 1804 esset
1473 1784 1520 1804 res
1531 1794 1540 1809 ,
1568 1785 1606 1805 ne
1616 1775 1705 1805 illum
1717 1775 1813 1805 malus
1825 1777 1851 1802 ¹5
1861 1784 1979 1815 emptor
1988 1776 2106 1806 alienus

1154 1818 1314 1855 mancipiis
1323 1836 1331 1849 ‚
1355 1826 1421 1857 quae
1429 1817 1577 1856 permulta
1585 1817 1685 1847 secum
1697 1817 1802 1851 habet,
1817 1816 1970 1857 spoliaret:
1982 1817 2106 1853 deinde,

1154 1868 1186 1889 ut
1195 1857 1306 1889 Faustae
1319 1878 1327 1892 ,
1347 1860 1396 1888 cui
1405 1868 1524 1889 cautum
1539 1859 1591 1889 ille
1601 1857 1659 1888 effe
1669 1857 1829 1892 voluisset,
1841 1866 1936 1889 ratum
1948 1857 2030 1889 esset.
2047 1867 2107 1890 erat

1151 1903 1243 1932 etiam
1254 1900 1377 1934 illud,ut
1388 1899 1440 1940 ipsi
1450 1910 1517 1935 nos,
1529 1899 1549 1929 fi
1558 1901 1632 1942 quid
1643 1899 1671 1920 ¹⁶
1683 1901 1787 1931 servari
1800 1898 1905 1940 posset,
1916 1911 2009 1942 quam
2021 1900 2108 1932 facil-

1150 1943 1225 1973 lime
1240 1943 1435 1974 servaremus.
1455 1952 1538 1973 nunc
1547 1953 1611 1973 rem
1622 1951 1715 1974 totam
1726 1943 1881 1983 perspicias
1890 1943 1995 1973 velim.
2019 1943 2110 1974 nobis

1151 1986 1236 2016 enim
1246 1984 1417 2015 scribuntur
1426 1985 1501 2024 saepe
1509 1987 1632 2021 majora.
1655 1985 1704 2015 sed
1715 1985 1735 2014 fi
1746 1985 1798 2014 ille
1806 1985 1939 2025 queritur
1948 2004 1957 2018 ,
1977 1983 1998 2014 fi
2007 1985 2108 2016 scribit

1152 2027 1186 2058 ad
1197 2029 1313 2057 amicos
1327 2046 1336 2059 ‚
1360 2024 1380 2055 fi
1391 2026 1474 2056 idem
1485 2026 1590 2057 Fausta
1599 2027 1664 2057 vult
1674 2047 1683 2060 ,
1696 2027 1878 2057 Philotimus
1888 2045 1896 2060 ,
1909 2035 1941 2056 ut
1951 2036 2006 2068 ego
2016 2029 2108 2057 eico-

1152 2079 1216 2099 ram
1227 2069 1360 2098 dixeram
1373 2088 1381 2102 ‚
1402 2069 1540 2109 mihique
1549 2069 1600 2099 ille
1611 2077 1758 2109 receperat
1767 2075 1777 2102 ,'
1788 2078 1825 2098 ne
1836 2067 1870 2097 sit
1879 2069 1979 2103 invito
1988 2069 2107 2099 Milone

1152 2113 1186 2141 in
1203 2110 1300 2141 bonis.
1324 2110 1404 2140 nihil
1413 2110 1503 2140 nobis
1516 2109 1610 2141 fuerat
1620 2112 1704 2141 tanti.
1725 2108 1768 2140 sin
1776 2111 1840 2140 haec
1848 2109 1961 2140 leviora
1970 2110 1986 2140 s
1983 2119 2037 2140 unt
2046 2130 2055 2144 ‚
2075 2118 2108 2140 tu

1151 2152 1310 2192 judicabis.
1330 2152 1454 2193 loquere
1472 2162 1542 2182 curn
1560 2154 1713 2182 Duronio.
1729 2151 1829 2192 'scripsi
1847 2153 1937 2182 etiam
1948 2151 1983 2182 ad
1994 2152 2110 2182 Camil-

1153 2196 1218 2224 lum
1233 2214 1241 2228 ‚
1263 2194 1299 2225 ad
1317 2196 1476 2224 Lamiam:
1495 2204 1590 2235 eoque
1609 2196 1723 2236 magis,
1740 2193 1823 2235 quod
1840 2203 1904 2224 non
1917 2192 2108 2224 confidebam

1153 2239 1263 2267 Romae
1272 2245 1301 2266 te
1312 2233 1379 2266 effe.
1397 2236 1517 2267 summa
1529 2238 1585 2267 erit
1594 2237 1676 2272 haec,
1696 2236 1804 2268 statues
1813 2255 1823 2270 ‚
1842 2243 1875 2266 ut
1884 2245 1917 2264 ex
1919 2234 1994 2274 fide,
2008 2235 2106 2275 fama,

1148 2289 1233 2320 reque
1243 2288 1309 2309 mea
1316 2277 1481 2308 videbitur.

1390 2321 1581 2350 CICERO
1604 2321 1825 2353 ATTICO,
1844 2321 1872 2350 S.

1245 2365 1363 2393 C‘rmM
1381 2364 1523 2392 venimus
1546 2370 1578 2390 A.
1599 2371 1629 2390 n.
1643 2359 2030 2402 XV11.KAL.Qint.cfim
2040 2362 2107 2402 qui-

1244 2404 1314 2433 dem
1326 2403 1358 2432 &
1369 2406 1505 2443 Corcyrae
1518 2423 1527 2437 ‚
1547 2403 1579 2433 &
1590 2403 1708 2443 Sybotis
1722 2403 1900 2433 muneribus
1911 2405 1969 2433 tuis
1980 2424 1988 2437 ,
2000 2413 2066 2445 quae
2077 2403 2111 2434 δε

1152 2455 1258 2487 Areus,
1271 2453 1303 2483 &
1314 2462 1401 2483 meus
1410 2454 1523 2484 amicus
1534 2452 1714 2493 Eutychides
1724 2452 1891 2494 opipare‚&
1903 2448 2111 2504 Φόλοθζξοῑΐη-

1989 2507 2109 2533 res-xm

1185 2578 1212 2605 8.
1231 2581 1373 2615 Duri-moa]
1401 2581 1464 2607 Non
1484 2581 1600 2608 mutavit
1617 2590 1747 2618 receptam
1764 2581 1906 2610 lestionem
1918 2582 2006 2609 Bofius
2018 2589 2111 2617 quain·

1150 2624 1228 2649 quain
1248 2616 1272 2642 iu
1286 2618 1434 2643 Decurtato
1454 2617 1503 2643 hoc
1515 2627 1610 2644 nomen
1630 2626 1686 2645 erat
1697 2619 1723 2645 in
1736 2619 1836 2650 litura;
1856 2626 1886 2645 ut
1897 2617 2109 2645 fortasse-Cicero

1152 2651 1284 2687 scripserit
1296 2672 1304 2683 ,
1315 2653 1434 2679 ducenties
1446 2673 1453 2684 ‚
1465 2664 1517 2690 quo
1527 2654 1604 2690 paeto
1615 2653 1680 2689 legit
1691 2654 1848 2681 Lambinus.

1186 2696 1215 2722 9.
1235 2692 1306 2723 Qvi
1315 2691 1375 2715 em'm
1384 2690 1470 2723 nihil]
1492 2692 1534 2716 Sic
1553 2690 1705 2716 emendavit
1716 2691 1852 2718 Manutius
1870 2699 1903 2717 ex
1923 2687 2055 2715 veteribus
2075 2688 2110 2714 li-

1150 2722 1205 2750 bris
1217 2723 1366 2759 legentibus
1379 2744 1387 2756 ,
1398 2728 1454 2752 novi
1462 2729 1522 2752 em'm
1532 2728 1598 2753 mihi.
1619 2727 1695 2753 Ferri
1707 2726 1772 2754 liber
1784 2745 1793 2759 ,
1805 2736 1847 2752 nec
1857 2745 1866 2758 ‚
1878 2725 1937 2761 quid
1943 2734 2039 2750 narrem
2051 2743 2058 2757 ‚
2069 2734 2110 2750 no-

1150 2763 1186 2786 τί.
1213 2763 1307 2786 Etenim
1318 2762 1385 2786 mihi.

1191 2805 1231 2822 io.
1252 2800 1313 2822 Dum
1323 2797 1394 2829 adcffi
1403 2797 1451 2831 tes]
1472 2798 1500 2823 ‘re
1510 2797 1578 2824 abest
1591 2799 1605 2824 :i
1617 2805 1720 2833 recepta
1729 2797 1856 2824 leitione.

1150 2841 1231 2893 ΓΒΗ.
1247 2833 1327 2866 Magis
1338 2834 1471 2868 fixspicor]
1493 2834 1601 2867 Magisac
1614 2834 1685 2867 magis
1699 2835 1806 2867 sicspicor
1817 2851 1826 2865 ‚
1845 2831 1936 2859 visitur
1946 2831 1972 2858 in
1985 2831 2111 2868 vulgariis

1161 2876 1168 2893 i
1191 2877 1236 2894 ris.

1188 2912 1231 2930 12.
1251 2905 1490 2939 Ις’ζιςὶηω-ρηηῑείῖαι.ζὶ
1512 2904 1555 2931 Est
1566 2904 1618 2930 baec
1628 2903 1759 2930 correctio
1771 2904 1786 2931 :i
1796 2903 1918 2932 victorio
1931 2923 1939 2936 ‚
1949 2910 2028 2932 antea
2036 2903 2110 2940 lege-

1149 2939 1226 2967 batur
1239 2960 1247 2972 ,
1257 2937 1388 2976 dirempta
1401 2940 1520 2966 drStione
1532 2959 1539 2971 ,
1554 2943 1656 2974 quinos.

1190 2984 1234 3012 13.
1255 2979 1349 3002 XIII.
1369 2976 1443 3009 Kal]
1465 2975 1544 3010 Vulg.
1559 2979 1638 3001 XIV.

1189 3019 1232 3045 ¹4·
1251 3015 1322 3038 Roma
1333 3011 1492 3045 acceperam]
1514 3011 1593 3046 Vulg.
1605 3015 1686 3037 Romae.

1188 3057 1198 3075 1
1206 3057 1232 3081 5.
1251 3051 1348 3080 Emptar
1361 3047 1479 3079 alienus-sl
1503 3047 1546 3072 Sic
1557 3047 1645 3074 Belius
1655 3057 1688 3074 ex
1702 3047 1833 3074 veteribus
1845 3047 1931 3078 libris
1944 3046 2014 3084 quod
2025 3048 2052 3073 &
2063 3056 2112 3074 an-

1150 3090 1192 3110 tea
1202 3090 1306 3109 notai-at
1317 3082 1425 3109 Fulvius
1437 3081 1481 3108 nisi
1493 3082 1564 3118 qnod
1575 3084 1631 3119 conj
1637 3083 1790 3112 mistionem
1803 3103 1812 3118 ‚
1821 3084 1850 3116 ὠ·
1860 3104 1869 3118 ,
1881 3084 2008 3112 vocabulo
2014 3085 2111 3110 alienu!

1148 3117 1304 3156 praeposuit:
1319 3117 1392 3153 vulg.
1413 3119 1506 3144 artenii.

1188 3155 1232 3182 16.
1252 3154 1458 3189 Servaripcffit]
1472 3154 1552 3192 Vulg.
1568 3157 1641 3190 poffit.

2012 3199 2023 3218 ι
2031 3211 2038 3218 .
2047 3191 2108 3217 Con-
