2360 3400
680 71 1017 117 Coris

1085 83 1508 117 0-.LA·1·1

1574 89 1622 120 Ο.
1994 90 2116 140 Izqq

154 153 291 185 viderit:
310 151 472 183 hominem
494 150 619 193 quidem
638 151 709 183 scire
728 152 855 183 arbitror
871 152 1039 182 neminem.
1060 149 1116 182 stet
1141 146 1223 179 ,lum
1235 148 1355 182 acerba,
1377 149 1426 181 sed
1438 150 1527 182 etiam
1534 150 1668 191 jucunda
1677 152 1792 186 accidit.
1813 153 1960 197 quietum
1969 155 2053 188 aliter
2061 157 2116 188 de-

154 195 254 226 modo
265 193 355 224 nobis
366 193 440 224 illud
457 214 465 228 ,
478 194 592 225 doloris
602 193 659 224 effe
671 195 749 224 nihil
759 197 791 224 in
803 203 899 225 morte
911 204 916 222 :
928 193 1003 224 boni
1013 201 1112 224 autem

153 244 273 268 tantum
294 245 332 266 ex
351 246 383 266 ea
403 236 438 266 ad
460 237 601 266 homines
619 245 791 276 permanare
801 255 810 269 ,
833 244 979 276 quantum
1000 236 1110 275 sperare

151 278 242 308 multi
261 276 391 317 possint,
417 280 599 319 cogitatione
617 277 741 319 quidem
753 277 916 318 assequatur
932 286 1037 307 nemo.
1056 278 1111 307 ita-

148 328 208 360 que
218 321 278 350 hoc
288 320 435 350 divinitus
447 319 624 350 hominibus
634 319 736 350 datum
748 318 800 353 est,
813 328 845 349 ut
857 319 976 360 quoties
988 317 1109 348 molesti

148 362 267 402 aliquid
278 364 480 402 experiantur,
493 370 558 392 tum
569 370 699 391 mortem
712 370 869 401 exoptent,
881 370 913 390 ac
924 361 1004 390 votis
1013 362 1105 390 etiam

146 405 303 442 conceptis
315 403 386 444 saepe
397 404 571 443 implorent.
595 403 738 444 quidita?
758 405 826 443 quia
836 402 947 432 bonam
961 421 969 435 ,
981 402 1106 431 utilem-

147 453 207 485 que
214 444 273 481 esse
285 455 414 475 mortem
428 465 436 478 ,
456 454 603 486 coguntur
615 445 771 485 agnoscere
786 444 914 474 :malam
923 452 1023 474 autem
1036 462 1045 477 ,
1058 453 1108 474 aut

146 486 283 516 acerbam
295 485 352 517 esse
363 496 532 527 numquam
541 485 635 527 poffe,
647 486 793 517 hominia
804 495 907 516 natura
916 483 1039 515 insitum
1051 484 1104 515 est.

147 528 248 568 itaque
261 528 365 558 dolore
376 527 500 568 perculsi
510 537 641 558 mortem
652 529 864 568 imploramus,
875 537 1000 568 eamque
1012 536 1102 558 unam

146 577 182 604 ut
193 570 378 600 miseriarum
395 590 405 604 ‚
427 571 638 611 malorumque
652 572 819 600 terminum
829 578 1018 609 exoptamus.
1041 568 1103 599 Ad-

142 620 253 642 monet
264 621 312 642 me
323 613 407 642 locus
418 632 427 646 ,
438 621 480 646 ut,
491 612 562 642 cum
575 614 734 642 neminem
747 612 806 652 ipsa
818 620 914 641 morte
923 620 1103 652 magnopere

143 655 338 684 commoveri
358 654 466 683 debere
487 654 645 694 probatum
661 653 711 687 fit,
733 656 768 683 iis
779 652 924 693 praecipue
935 652 1102 682 dolendum

146 694 226 724 nihil
239 692 297 724 esse
306 695 488 725 contendam
501 715 510 729 ,
532 705 607 736 quos
619 705 701 726 mors
711 705 782 726 cum
792 696 876 725 laude
888 695 1019 734 oppetita
1028 704 1101 724 con-

146 734 235 766 solari
257 734 364 774 potest.
385 736 451 766 satis
473 738 557 767 enim
583 737 636 767 diu
654 735 760 766 vixiss'e
778 736 900 776 putandi
921 736 989 766 sunt
1005 756 1014 769 ,
1049 737 1101 776 qui

144 778 239 807 vitam
258 776 384 808 honeste
403 778 572 808 clauserunt
592 778 776 819 eosdemque
787 780 803 807 ἐ
817 780 876 808 vita
885 777 1025 808 abeuntes
1037 787 1101 807 non

144 817 243 848 modo
262 818 325 848 laus
343 838 351 852 ,
371 819 419 849 sed
440 821 529 850 etiam
549 829 687 860 perpetua
704 820 860 860 voluptas,
881 818 1100 860 dele-statioque

141 859 343 900 prosequitur.
362 870 428 900 quae
439 861 504 891 sane
517 871 554 890 eo
566 864 660 901 major
671 864 701 891 in
711 864 816 891 animo
825 862 948 894 exoriri,
960 870 991 891 ac
1003 863 1100 902 vigere

144 901 241 935 solet,
261 911 322 942 quo
343 902 430 932 latior
451 903 577 938 alicujus
589 905 620 932 in
631 902 761 933 colendo
772 901 874 933 officio
886 923 895 936 ,
915 905 1033 943 vitaque
1043 905 1098 932 lio-

142 942 227 985 neste
249 943 384 973 ducenda
403 945 539 974 manavit
557 944 709 975 industria.
737 944 815 974 certe
835 947 919 975 enim
938 964 946 978 ,
966 954 1037 975 cum
1061 943 1097 974 ad

140 983 222 1016 reete
231 985 380 1025 agendum
395 995 480 1016 natus
491 987 586 1016 homo
597 985 641 1020 fit,
656 987 783 1027 ideoque
791 995 915 1019 mentis,
928 986 961 1016 &
973 988 1096 1016 rationis

140 1035 280 1060 munere,
291 1036 351 1066 prae
360 1029 463 1057 ceteris
472 1028 677 1058 animantibus
684 1037 815 1062 ornatus,
826 1037 912 1068 atque
924 1026 1098 1061 insti-uetus,

142 1067 225 1098 unde
238 1071 338 1108 potius
358 1069 475 1099 laudem
488 1089 496 1103 ,
519 1079 552 1100 ac
574 1071 756 1110 voluptatem
769 1089 778 1103 ,
799 1070 891 1110 quam
911 1069 947 1100 ab
965 1068 1098 1100 honestis

139 1107 325 1143 aetionibus,
337 1118 438 1150 petat?
461 1115 508 1141 An
521 1131 529 1145 ,
543 1112 622 1141 unde
633 1121 733 1142 ortum
745 1111 875 1144 duxerit,
886 1111 1098 1141 obliviscatur?

140 1151 195 1186 ille
214 1151 287 1181 vero
306 1162 361 1182 nec
379 1153 421 1182 sui
440 1153 552 1183 oblitus
564 1152 606 1183 est
619 1173 627 1186 ‚
649 1155 701 1194 qui
712 1153 790 1183 reste
802 1155 902 1186 vixit,
922 1154 1097 1193 neciniquo

139 1195 246 1223 animo
258 1196 338 1223 mori
348 1193 444 1233 potest
453 1214 461 1229 ,
481 1194 553 1225 cum
564 1196 678 1225 multos
688 1196 835 1235 relinquat
847 1195 903 1225 suae
913 1193 998 1224 testes
1008 1215 1016 1228 ‚
1032 1203 1097 1224 me·

141 1235 301 1275 moresque
313 1238 440 1266 virtutis.
463 1245 577 1277 quanto
589 1246 688 1267 autern
698 1237 808 1277 gaudio
818 1236 964 1266 exsultare
974 1235 1097 1266 creden-

140 1275 197 1306 dus
216 1276 258 1306 est
277 1277 402 1307 illorum
416 1280 555 1312 animus,
574 1281 626 1319 qui
635 1281 768 1318 corporis
779 1277 960 1309 admistione
970 1277 1094 1311 solutus,

139 1319 174 1347 in
195 1317 328 1348 coelestes
346 1321 448 1360 ignes,
472 1320 724 1360 sempiternasque
733 1320 862 1353 domos,
882 1319 1093 1352 undeexierat,

140 1361 262 1390 revertit
276 1362 286 1389 ?
305 1360 443 1399 profe6to
459 1364 543 1391 enim
562 1371 600 1391 ex
619 1362 722 1392 divina
732 1371 835 1391 mente
845 1361 991 1391 delibatos
1006 1360 1096 1391 habe-

141 1411 211 1431 mus
221 1403 406 1443 animos,qui
417 1403 471 1432 hac
479 1403 560 1432 mole
571 1402 677 1433 inclusi
688 1412 839 1443 tamquam
853 1411 934 1433 terrae
943 1404 1095 1443 gravitate,

141 1440 181 1473 fic
202 1441 255 1482 ipfi
276 1445 377 1473 nimio
395 1443 528 1482 pondere
543 1446 676 1483 corporis
694 1447 915 1483 opprimuntur.
934 1444 987 1474 ubi
997 1453 1096 1474 autem

141 1484 233 1515 soluti
253 1484 429 1523 corporibus
436 1484 471 1514 ad
481 1486 614 1524 proprias
624 1485 704 1514 sedes
714 1486 909 1515 evolaverunt
922 1505 930 1519 ,
952 1494 1017 1514 tum
1027 1484 1095 1515 vere

140 1527 271 1559 vivunt,
296 1525 502 1559 neclibidini,
522 1526 687 1565 voluptati,
707 1526 805 1556 dolori
820 1527 967 1556 serviunt:
991 1526 1039 1556 sed
1051 1526 1096 1555 sui

139 1575 319 1606 compotes,
338 1567 420 1598 nulla
441 1576 473 1597 re
482 1577 648 1608 anguntur,
669 1568 911 1608 nihilrequirunt
923 1587 933 1600 ‚
951 1566 1096 1596 omnibus

139 1608 300 1648 imperant.
332 1608 426 1638 Recte
447 1610 536 1649 igitur
551 1608 669 1638 diEtum
687 1608 751 1642 est,
771 1618 879 1648 corpus
899 1618 1004 1638 terram
1024 1605 1093 1642 effe,

139 1658 277 1680 mentem
295 1658 394 1679 autem
410 1669 420 1683 ‚
442 1651 543 1689 ignem
563 1650 599 1680 de
612 1651 691 1680 coelo
701 1651 846 1680 sumtum.
867 1649 898 1680 id
908 1650 990 1690 quod
1000 1650 1095 1680 claro-

138 1701 207 1722 rum
226 1693 361 1721 virorum
373 1690 436 1721 asta
445 1700 515 1721 cum
527 1693 636 1721 virtute
645 1694 723 1724 vita,
746 1692 949 1732 praeclaraeque
961 1690 1094 1721 actiones

137 1731 226 1764 facile
246 1731 399 1762 testantur.
420 1742 482 1773 quo
503 1732 598 1763 modo
609 1734 692 1763 enim
703 1742 752 1763 aut
762 1734 866 1762 omnia
877 1733 1019 1764 humanae
1027 1734 1111 1762 vitae'

135 1774 302 1805 commoda
311 1783 540 1808 contemneret,
563 1784 613 1805 aut
632 1775 797 1814 voluptates
807 1773 928 1804 cunetas
947 1783 1001 1814 pro
1012 1774 1092 1804 nihi-

138 1815 172 1846 lo
191 1816 313 1846 duceret
334 1827 343 1849 3
371 1825 420 1846 aut
438 1817 530 1846 vitam
547 1816 640 1856 ipsam
659 1816 752 1846 laudis
766 1836 774 1849 ‚
792 1814 1012 1857 honestatisque
1029 1825 1093 1856 gra—

139 1859 180 1888 tia
198 1856 411 1897 profunderet,
432 1859 483 1898 qui
503 1858 582 1887 nihil
601 1857 766 1898 quidquam
784 1857 820 1887 ad
839 1858 887 1891 se,
910 1867 1014 1896 praeter
1032 1860 1095 1890 haec

135 1899 199 1939 ipsa
216 1899 356 1929 mortalia
372 1918 382 1933 ,
409 1909 476 1939 quae
492 1899 633 1929 manibus
649 1898 813 1930 contretfilmt
831 1919 840 1933 ,
868 1908 933 1940 quae
956 1901 1024 1930 terit
1042 1908 1094 1938 pe-

135 1940 227 1971 dibus
248 1959 258 1975 ,
286 1943 435 1980 pertinere
460 1944 600 1981 cogitaret
617 1948 627 1973 ?
651 1940 758 1971 verum
777 1942 840 1971 haec
858 1950 923 1971 non
940 1943 980 1971 ita
996 1941 1024 1970 se
1042 1942 1094 1972 ha-

135 1981 220 2013 bent.
239 1991 349 2022 corpus
359 1984 443 2012 enim
455 1982 471 2012 ὲ
482 1992 555 2013 terra
563 1991 738 2014 concretum
751 2001 760 2017 ‚
779 1981 894 2013 tamdiu
908 1982 1088 2014 terrestrium

134 2033 236 2055 rerum
265 2033 369 2054 amore
394 2024 516 2054 ducitur
533 2045 542 2059 ‚
574 2024 673 2065 quoad
690 2026 723 2054 in
742 2034 848 2055 terram
866 2024 958 2064 ipsam
978 2043 987 2058 ,
1013 2025 1094 2056 unde

131 2075 236 2097 *ortum
247 2065 345 2099 duxit,
356 2075 524 2096 revertatur.
548 2076 667 2096 animus
676 2064 748 2096 verb
762 2086 770 2100 ,
793 2068 845 2106 qui
859 2065 875 2095 ὲ
887 2066 966 2096 coelo
979 2066 1092 2097 sumtus

129 2106 180 2138 ‘est
189 2127 198 2141 ,
218 2108 434 2147 sempiternum
445 2107 599 2148 quiddam,
611 2108 643 2138 &
653 2107 766 2138 caeleste
775 2109 894 2147 appetit,
906 2117 961 2138 nec
972 2108 1090 2141 iisdem,

139 2149 253 2190 quibus
266 2158 373 2189 corpus
385 2169 394 2182 ,
414 2148 526 2179 finibus
537 2169 546 2183 ‚
562 2152 757 2191 cogitationes
770 2151 886 2180 coercet
896 2149 970 2179 suas.
993 2151 1092 2190 itaque

133 2200 302 2231 numquam
312 2191 475 2231 quiescere,
491 2201 546 2221 nec
554 2195 622 2221 vere
634 2193 734 2222 vivere
747 2191 894 2231 putandus
905 2190 946 2221 est
959 2210 967 2225 ‚
983 2201 1090 2231 quam-

133 2232 188 2264 diu
196 2242 322 2272 corpore
329 2233 488 2263 conclusus
500 2254 508 2266 ,
523 2235 634 2263 invitus
646 2233 868 2273 propemodum
881 2233 1000 2264 mortali
1012 2233 1086 2267 labe,

133 2273 315 2315 terrenisque
334 2275 464 2305 vinculis
479 2275 646 2305 cohibetur.
678 2277 716 2305 At
734 2275 785 2305 illa
802 2277 905 2315 quanti
920 2275 1005 2308 sunt,
1026 2286 1089 2316 gra-

129 2314 260 2347 viffimis
278 2317 346 2346 vitae
361 2316 514 2347 laboribus
532 2317 669 2350 liberari,
691 2318 724 2346 in
736 2316 845 2346 mediis
856 2316 1010 2347 doloribus
1022 2337 1030 2349 ‚
1055 2318 1088 2347 &

132 2359 278 2389 aerumnis
297 2357 518 2388 obdormiscere
530 2379 539 2392 ,
559 2359 591 2388 &
609 2357 688 2399 quasi
706 2356 829 2388 emissos
849 2357 865 2387 e
884 2356 1089 2389 molestissima

129 2402 202 2431 -vitae
212 2398 344 2431 custodia
353 2418 360 2432 ,
374 2399 656 2438 injucundiffiniam
668 2420 677 2433 ,
691 2398 947 2440 suavissimamque
959 2400 1087 2431 domum

130 2443 314 2482 remigrare?
338 2442 395 2470 huc
403 2443 487 2471 enim
498 2444 646 2481 pertinent
657 2451 720 2482 qua:
730 2441 767 2471 de
778 2443 899 2481 piorum
912 2442 1023 2482 quiete,
1037 2442 1089 2472 de-

129 2493 194 2524 que
213 2482 365 2521 voluptate
385 2483 436 2513 illa
449 2503 457 2516 ‚
486 2482 544 2523 qua
562 2482 665 2524 egressi
686 2485 702 2513 e
730 2485 789 2513 vita
806 2482 916 2522 perfrui
936 2483 1086 2518 dicuntur,

131 2525 300 2564 disputaria
321 2523 501 2563 sapientibus
512 2525 618 2555 solent.
640 2525 1006 2566 quicumintelligerent‚
1025 2535 1088 2556 non

132 2563 272 2598 fortuito,
284 2573 333 2595 aut
345 2565 458 2595 temere
469 2566 556 2600 satos,
570 2566 603 2596 &
613 2576 723 2596 creatos
733 2567 874 2596 homines
884 2565 941 2596 ess'e
955 2577 961 2596 :
977 2576 1032 2597 nec
1041 2577 1087 2598 ea-

133 2607 204 2638 dem
218 2607 323 2636 mereri
336 2605 432 2636 bonos
445 2626 453 2640 ,
471 2609 523 2647 qui
535 2609 638 2638 multis
654 2609 811 2638 exantlatis
829 2608 980 2638 laboribus
993 2610 1086 2640 vitam

131 2650 166 2680 in
179 2648 282 2679 medio
299 2647 402 2677 dolore
413 2647 592 2683 amisissent,
615 2650 647 2680 &
664 2650 818 2690 improbos
831 2669 839 2683 ,
855 2659 984 2691 quorum
995 2652 1027 2680 in
1039 2660 1089 2688 pa-

128 2691 245 2722 trandis
256 2688 374 2730 flagitiis
386 2689 501 2729 semper
511 2690 552 2721 est
565 2693 695 2725 animus,
710 2694 908 2732 cogitatioque
919 2691 1035 2722 defixa:
1047 2695 1089 2723 ic-

131 2734 212 2764 circo
226 2741 290 2762 non
310 2731 440 2761 eundem
455 2732 575 2771 probis,
598 2733 630 2763 &
652 2734 799 2773 improbis
821 2735 889 2763 vitae
909 2736 1088 2768 terminum,

132 2784 190 2805 nec
207 2773 310 2804 eadem
323 2775 449 2803 mortuis
463 2777 585 2813 praemia
599 2774 769 2806 statuerunt.
793 2778 859 2812 Qua
878 2785 934 2805 nos
954 2776 1089 2807 recorda-

128 2818 217 2846 tione
227 2813 413 2856 potisfimum
429 2814 507 2846 refici
523 2836 531 2850 ‚
551 2827 582 2848 ac
592 2819 714 2846 recreari
730 2817 829 2851 decet,
849 2816 1087 2857 quicarisl'imam

129 2857 228 2890 filiam
239 2877 247 2892 ,
263 2859 439 2896 optimeque
450 2857 486 2888 de
499 2859 584 2889 nobis
597 2860 736 2889 meritam
750 2861 789 2888 ita
801 2857 904 2889 vixisse
914 2859 1025 2889 scimus
1037 2880 1045 2893 ,
1057 2869 1088 2890 ut

130 2899 167 2934 ad
178 2903 312 2940 optimos
332 2908 449 2933 moreS,
471 2900 680 2941 summamque
696 2900 886 2940 prudentiam
901 2901 979 2932 nihil
995 2899 1090 2940 poss‘et

129 2942 285 2972 accedere:
307 2939 389 2970 &ita
398 2950 553 2973 mortuam
566 2962 574 2976 ,
600 2944 676 2972 utin
689 2943 813 2976 dolore,
838 2952 928 2983 quem
950 2952 987 2972 ex
1006 2953 1089 2982 partu

129 2991 327 3016 contraxerat,
340 2982 490 3013 summam
503 2985 597 3015 animi
613 2983 864 3025 magnitudinem,
879 2984 1088 3025 summamque

127 3025 326 3056 constantiam
345 3024 520 3063 praestiterit.
543 3027 627 3064 cujus
639 3035 756 3056 mentio
767 3026 853 3056 nobis
864 3046 871 3059 ,
887 3026 992 3057 dolore
1014 3027 1087 3066 jam,

125 3065 151 3097 13
160 3076 223 3098 non
228 3069 352 3108 ,penitus
363 3064 513 3100 exstinao
525 3087 534 3104 ‚
547 3068 626 3101 certe
638 3077 817 3110 magnopere
828 3069 927 3102 levato
936 3088 946 3105 ,
965 3077 1030 3101 non
1039 3068 1087 3101 so-

1154 189 1203 220 bet
1219 193 1231 220 ἓ
1254 190 1326 221 cum
1343 200 1399 221 nec
1410 190 1463 232 ipfi
1474 193 1639 235 quidquam
1649 195 1795 228 accideret
1805 198 1877 228 mali
1891 217 1902 232 ‚
1924 207 1978 230 nec
1989 208 2044 240 ego
2054 199 2116 233 ulla

1152 241 1182 261 re
1194 252 1203 265 ,
1214 241 1279 273 quae
1293 241 1445 273 tantopere
1452 243 1525 266 cum
1538 245 1641 268 natura
1649 247 1793 278 congruat
1805 259 1814 273 ,
1836 240 1868 271 &
1882 249 1952 271 cum
1965 240 2111 272 omnibus

1150 273 1330 320 horninibus
1349 278 1578 312 communicet,
1602 279 1689 319 angi,
1713 289 1763 311 aut
1784 281 1948 321 perturbari
1969 282 2109 314 debeam.

1149 315 1230 355 Qiid
1241 325 1310 357 ergo
1323 317 1400 347 mihi
1415 316 1520 349 restat?
1544 320 1622 350 nihil
1631 321 1700 352 sane
1711 340 1721 356 ,
1731 320 1800 356 nisi,
1811 322 1882 353 cum
1894 333 1926 355 ea
1935 322 2043 355 divino
2053 334 2110 366 po·

1148 355 1297 387 tissimum
1308 357 1458 389 beneficio
1477 369 1547 391 vrtae
1557 371 1685 393 munere
1703 363 1859 403 persuum
1870 363 1904 396 sit
1915 385 1926 399 ,
1945 375 1978 396 ut
1988 365 2024 396 ad
2042 375 2110 397 eam

1148 399 1283 429 maxime
1293 400 1417 431 vivendi
1431 402 1640 434 conditionem
1651 407 1867 446 cogitationem
1880 416 1978 438 meam
1993 427 2003 442 ‚
2020 417 2109 439 men-

1147 448 1268 481 temque
1280 440 1405 472 referam
1418 462 1427 477 ‚
1446 453 1504 484 qua
1514 454 1597 475 nunc
1608 445 1701 486 ipsam
1712 447 1827 487 perfrui
1837 449 1991 480 credimus
2001 469 2011 484 ,
2030 459 2062 481 ac
2072 448 2109 484 fi.

1145 484 1226 522 quod
1237 492 1358 530 aequutn
1369 483 1412 514 est
1421 504 1430 518 ,
1452 488 1537 516 fateri
1547 487 1677 518 velimus
1688 508 1698 522 ‚
1713 490 1803 520 etiam
1815 491 2026 532 intelligimus.
2050 501 2109 533 qua

1145 533 1183 554 ex
1198 525 1394 555 meditatione
1412 536 1449 556 eo
1460 529 1608 567 majorem
1627 530 1811 571 voluptatem
1825 541 2014 573 percepturus
2025 533 2105 568 sum,

1145 575 1207 606 quo
1228 566 1355 596 meliore
1373 567 1426 597 illa
1438 578 1519 599 nunc
1529 568 1603 600 statu
1616 591 1625 604 ,
1647 572 1738 612 quam
1756 583 1848 614 quem
1867 583 1973 604 Vivens
1987 572 2107 615 experta

1145 606 1187 637 est
1198 627 1206 641 ‚
1226 607 1286 637 fine
1297 608 1356 638 ulla
1369 608 1558 641 dubitatione
1579 612 1750 652 perfruitur.
1773 616 1847 656 quid
1858 618 1941 646 enim
1952 616 2026 646 boni
2039 626 2104 647 non

1145 651 1251 679 merita
1260 648 1314 682 est,
1326 660 1391 690 quae
1401 652 1478 681 nihil
1490 663 1633 694 uinquam
1646 657 1724 696 egit,
1736 666 1767 686 ac
1779 667 1816 686 ne
1826 659 1968 698 cogitavit
1977 657 2104 698 quidem

1145 691 1230 736 mali,
1241 691 1321 721 &iis
1332 693 1493 736 angoribus
1505 715 1513 728 ,
1524 705 1556 724 ac
1569 696 1654 726 malis
1667 716 1674 730 ,
1687 707 1750 737 quae
1763 700 1880 729 viventi
1892 699 2009 738 objeElm
2024 699 2101 733 sunt„

1142 741 1182 762 ita
1193 734 1339 772 patienter
1349 734 1503 772 pertuiista
1514 735 1565 769 sit,
1588 746 1620 766 ut
1633 747 1695 767 non
1707 740 1788 769 secus
1798 741 1834 770 de
1845 739 1986 775 adversis,
2007 744 2099 781 quam

1143 773 1178 804 dc
1188 774 1327 805 secundis
1337 775 1423 805 rebus
1435 795 1443 809 ‚
1463 777 1522 806 diis
1532 779 1756 810 immortalibus
1764 783 1900 821 gratulari
1913 802 1923 816 ,
1940 783 2101 824 gratiasque

1142 825 1224 856 agere
1235 816 1341 846 soleret
1356 819 1368 845 ἓ
1391 817 1424 847 &
1435 836 1443 851 ,
1463 828 1533 850 cum
1546 820 1625 849 nihil
1638 841 1645 854 ‚
1660 820 1712 851 nisi
1725 823 1840 853 reetum
1853 843 1863 857 ‚
1877 823 2100 864 honestumque

1140 860 1282 899 cogitaret
1292 877 1300 892 ‚
1322 867 1422 888 tamen
1434 869 1491 890 una
1500 862 1682 893 conscientia
1692 873 1832 895 contenta
1844 885 1851 898 ‚
1873 875 1927 895 nec
1940 866 1956 896 s
1954 875 1988 896 ua
2009 865 2100 896 bene·

1140 898 1216 930 fa&a
1228 904 1259 930 in
1269 900 1334 929 luce
1343 900 1503 935 collocari,
1525 912 1581 933 nec
1592 902 1644 934 sibi
1653 905 1816 946 quidquam
1828 916 1982 947 propterea
1991 907 2097 941 laudis.

1140 950 1187 971 aut
1203 941 1307 982 gloriae
1318 941 1419 971 deberi
1438 943 1634 975 arbitraretur.
1658 949 1733 988 Qae
1753 958 1822 988 ergo
1835 951 1876 979 ita
1893 952 2020 979 animata
2031 947 2099 979 fue-

1141 985 1197 1017 rit,
1218 991 1249 1013 ut
1266 983 1302 1013 de
1320 983 1349 1012 se
1366 984 1490 1023 quidem
1502 987 1671 1017 minimum
1683 1008 1692 1021 ,
1717 988 1752 1018 de
1769 988 1849 1020 reeta
1867 1000 1988 1024 mente,
2011 1000 2043 1020 ac
2062 990 2099 1020 de

1140 1027 1275 1065 aequitate
1293 1025 1462 1065 plurimum
1474 1027 1635 1062 laboraret,
1655 1039 1692 1059 an
1707 1040 1770 1061 non
1781 1031 1840 1061 diis
1853 1031 1921 1072 ipsis
1939 1032 2098 1062 censemus

1139 1066 1275 1097 maxime
1286 1075 1408 1107 gratam,
1424 1068 1456 1098 &
1467 1068 1621 1108 probatam
1633 1069 1718 1101 fuiss'c
1730 1075 1742 1101 ἓ
1765 1074 1796 1102 in
1807 1083 1865 1113 qua
1876 1083 1938 1104 non
1949 1072 2017 1103 fieta
2031 1093 2040 1106 ‚
2060 1073 2095 1104 δε

1138 1108 1329 1141 adumbrata,
1349 1117 1380 1138 ut
1392 1110 1422 1138 in
1435 1111 1559 1144 multis,
1581 1112 1629 1142 sed
1647 1114 1782 1143 maxime
1794 1115 1904 1148 solida,
1924 1114 2096 1155 &expressit

1141 1151 1257 1180 virtutis
1269 1150 1401 1180 elucebat
1411 1149 1533 1192 effigies.
1558 1162 1626 1183 nam
1638 1173 1646 1187 ‚
1665 1154 1736 1184 cum
1750 1165 1814 1185 eam
1837 1157 1926 1187 talem
1937 1166 2038 1186 natura
2047 1167 2100 1197 ge-

1138 1190 1247 1222 nuiffet
1257 1212 1266 1226 ,
1288 1201 1338 1226 ut,
1352 1192 1434 1232 quod
1448 1194 1608 1233 pulchrum
1621 1216 1629 1228 ,
1650 1195 1824 1238 retitumque
1835 1198 2028 1239 agnoscebat,
2048 1199 2096 1229 sua

1140 1233 1242 1273 sponte
1254 1233 1441 1274 sequeretur:
1465 1244 1566 1265 tamen
1578 1247 1615 1267 eo
1625 1247 1687 1267 non
1703 1248 1861 1274 contenta,
1881 1240 1999 1270 summa
2010 1241 2041 1269 vi
2051 1249 2098 1270 ra-

1139 1277 1241 1308 tionis,
1257 1275 1480 1316 prudentiaeque
1490 1277 1650 1316 perfecerat
1661 1299 1669 1312 ,
1683 1288 1715 1309 ut
1725 1281 1807 1311 nulla
1820 1291 1850 1311 re
1861 1283 1964 1312 minus
1976 1301 1985 1316 ‚
2003 1282 2097 1322 quam

1139 1326 1243 1348 natura
1252 1318 1326 1348 duce
1338 1337 1347 1351 ‚
1367 1327 1450 1358 egere
1462 1319 1620 1350 videretur.
1643 1322 1743 1362 itaque
1752 1325 1805 1362 qui
1815 1324 1879 1362 ejus
1889 1322 2024 1354 instituta
2034 1342 2042 1357 ‚
2064 1323 2098 1353 &

1140 1368 1240 1389 mores
1249 1359 1350 1399 paullo
1359 1359 1535 1399 diligentius
1547 1362 1739 1401 inspexisset,
1758 1365 1811 1403 qui
1821 1364 1960 1406 regundae
1971 1364 2098 1396 familiae

1141 1400 1303 1431 sollertiam
1315 1421 1323 1435 ,
1335 1402 1387 1441 qui
1398 1401 1554 1432 summum
1564 1406 1597 1433 in
1608 1403 1726 1435 cunetis
1736 1407 1824 1435 rebus
1833 1408 1995 1444 ingenium
2007 1426 2017 1440 ,
2037 1405 2098 1436 fin-

1135 1443 1329 1482 gularemque
1339 1441 1509 1472 doctrinam
1521 1444 1704 1476 advertisset:
1719 1446 1797 1476 haud
1808 1445 1908 1477 fuisset
1918 1447 2000 1481 sane,
2010 1448 2094 1488 quod

1136 1492 1187 1513 aut
1196 1485 1316 1514 virilem
1328 1485 1359 1514 in
1370 1485 1574 1525 intelligendis
1585 1505 1593 1518 ,
1611 1487 1839 1527 judicandisque
1856 1488 1945 1519 rebus
1963 1490 2100 1528 pruden-

1137 1526 1209 1554 tiam
1219 1545 1228 1559 ‚
1247 1533 1297 1555 aut
1307 1524 1484 1565 exquisitam
1502 1527 1727 1566 patrisfamilias
1748 1529 1911 1559 sollertiam
1923 1532 2095 1570 requireret.

1137 1567 1235 1609 ittaque
1246 1566 1356 1606 quibus
1368 1568 1503 1596 maxime
1514 1568 1604 1598 rebus
1613 1579 1698 1609 egere
1709 1570 1782 1609 saepe
1792 1571 1933 1601 homines
1950 1571 2098 1605 solemus.

1136 1608 1286 1637 tortitudo
1296 1626 1304 1640 ,
1317 1607 1349 1637 &
1359 1607 1516 1647 prudentia
1525 1627 1533 1640 ‚
1547 1610 1592 1640 hae
1603 1612 1642 1640 ita
1653 1613 1685 1640 in
1696 1612 1824 1642 muliere
1837 1611 2028 1643 abundabant
2041 1633 2051 1646 ,
2062 1622 2095 1644 ut

1137 1648 1181 1678 sui
1192 1650 1331 1679 moeroris
1343 1648 1527 1680 medicinam
1539 1660 1603 1682 non
1617 1661 1727 1692 peteret
1743 1652 1836 1687 foris,
1856 1653 1904 1684 sed
1915 1656 1948 1683 iri
1962 1654 1988 1685 fe
1998 1654 2098 1694 ipsam.

1136 1689 1289 1729 speirans,
1310 1700 1350 1721 ex
1368 1691 1418 1720 sua
1429 1691 1544 1732 semper
1557 1694 1668 1724 virtute
1677 1693 1829 1733 penderet.
1853 1697 1976 1737 Qanto
1991 1704 2093 1726 autem

1136 1733 1285 1771 graviores
1296 1751 1305 1766 ,
1320 1741 1352 1762 ac
1362 1730 1550 1763 difficiliores
1559 1736 1655 1765 animi
1665 1736 1766 1766 morbi
1777 1735 1845 1766 sunt
1855 1756 1864 1769 ,
1882 1737 1973 1777 quam
1983 1747 2092 1778 corpo-

1135 1773 1175 1802 ris
1185 1792 1194 1806 ,
1212 1782 1249 1803 eo
1264 1775 1358 1814 magis
1367 1773 1540 1804 mirandum
1550 1775 1593 1806 est
1603 1796 1611 1809 ‚
1627 1777 1717 1807 talem
1728 1776 1873 1808 exstitisse
1883 1778 1967 1809 illam
1979 1798 1989 1812 ,
2006 1779 2095 1819 cujus

1135 1813 1308 1844 fortitudini
1317 1817 1452 1854 corporis
1462 1816 1539 1846 mala
1547 1816 1682 1857 parerent
1693 1838 1702 1852 ,
1720 1818 1887 1859 prudentiae
1898 1830 1971 1850 vero
1981 1830 2093 1851 omnes

1134 1856 1230 1886 animi
1240 1856 1341 1886 morbi
1351 1855 1439 1890 facile
1447 1856 1593 1888 cederent.
1618 1861 1716 1900 itaque
1727 1870 1909 1901 quamquam
1920 1871 1957 1891 ex
1967 1862 2094 1892 calami·

1135 1905 1201 1931 tate,
1220 1897 1465 1938 temporibusque
1483 1899 1592 1930 nostris
1611 1900 1757 1933 molestiae
1769 1903 1938 1942 plurimum
1956 1906 2091 1938 traxerit.

1134 1948 1300 1980 numquam
1321 1948 1421 1970 tamen
1441 1941 1548 1970 animo
1563 1942 1746 1981 perculsam,
1765 1952 1815 1974 aut
1832 1943 1979 1984 dejee'tam
2000 1944 2092 1975 senfi—

1135 1991 1214 2011 mus.
1238 1981 1397 2022 angebatur
1405 1984 1494 2021 patris
1510 1982 1635 2017 exsilio,
1662 1985 1812 2026 totiusque
1821 1984 1945 2016 familiae
1960 1986 2090 2021 luEtum,

1133 2023 1345 2063 bonorumque
1355 2022 1556 2063 direptionem
1569 2027 1664 2057 invita
1672 2027 1791 2058 videbat
1802 2038 1807 2057 :
1831 2027 1880 2058 sed
1892 2030 1977 2059 matri
1988 2037 2091 2060 tamen

1132 2063 1258 2094 consilio
1269 2084 1276 2098 ,
1297 2064 1510 2106 prudentiaque
1521 2066 1638 2101 aderat,
1657 2068 1788 2099 &rebus
1808 2071 1841 2099 in
1852 2079 1997 2110 magnum
2014 2070 2091 2110 saepe

1133 2106 1294 2137 discrimen
1306 2105 1441 2137 adduffls
1451 2127 1460 2141 ‚
1479 2107 1591 2138 reditus
1604 2109 1685 2149 spem
1702 2110 1792 2140 nobis
1802 2109 1904 2141 afferre
1915 2121 2086 2152 numquam

1132 2148 1291 2178 dubitavit.
1314 2150 1363 2182 ita,
1374 2157 1519 2189 quantum
1531 2159 1567 2180 ex
1577 2152 1742 2182 calamitate
1753 2151 1867 2183 doloris
1877 2172 1886 2186 ‚
1908 2152 2087 2184 tantundem

1132 2188 1251 2235 exqfiliae
1261 2190 1420 2225 suavitate,
1439 2200 1472 2221 ac
1488 2192 1598 2230 pietate
1616 2193 1713 2224 solatii
1731 2194 1932 2233 capiebamus.
1955 2194 2041 2235 quod·
2057 2203 2090 2226 ut

1133 2230 1203 2262 esset
1218 2231 1390 2262 diuturnius
1402 2251 1411 2265 ,
1431 2230 1450 2261 fi
1461 2233 1663 2265 commodum
1681 2234 1817 2266 nostrum
1828 2255 1836 2269 ‚
1855 2245 1980 2266 auream
1992 2256 2000 2269 ‚
2022 2245 2090 2276 quae

1132 2275 1277 2304 omnibus
1287 2271 1489 2314 antiquissima
1499 2273 1541 2305 est
1550 2295 1559 2309 ‚
1577 2276 1742 2307 liberorum
1755 2278 1926 2308 charitatem
1942 2279 2088 2318 cogitare—

1131 2324 1198 2344 mus
1207 2334 1215 2348 ,
1235 2325 1412 2356 magnopere
1421 2325 1520 2356 optare
1531 2316 1702 2348 debuimus.
1726 2327 1763 2352 at,
1775 2318 1847 2349 cuni
1856 2320 1940 2349 illam
1952 2322 2087 2359 corporis

1129 2357 1261 2387 vinculis
1272 2358 1408 2391 solutam,
1420 2358 1566 2388 omnibus
1575 2360 1709 2390 exsutam
1721 2361 1849 2391 miseriis
1861 2381 1869 2394 ,
1883 2360 1915 2390 &
1927 2363 2086 2392 immorta-

1129 2399 1219 2428 litatis
1230 2407 1403 2439 compotem
1413 2398 1521 2430 saetam
1533 2419 1541 2433 ‚
1555 2403 1659 2431 animo
1670 2411 1840 2442 reputamus
1851 2422 1859 2435 ‚
1872 2412 1934 2432 non
1947 2402 2042 2433 modo
2053 2404 2087 2434 in

1127 2440 1231 2470 dolore
1242 2440 1503 2481 conquiescimus,
1518 2441 1566 2472 sed
1585 2444 1675 2473 etiam
1686 2444 1833 2484 praecipue
1847 2444 1990 2474 laetamur.
2013 2444 2087 2486 quid

1129 2483 1212 2512 enim
1226 2483 1305 2512 mihi
1318 2482 1448 2513 accidere
1465 2483 1562 2513 laetius
1571 2484 1667 2524 potest
1677 2505 1685 2519 ‚
1701 2485 1790 2526 quam
1811 2485 1848 2515 de
1861 2486 2088 2516 immortalitate

1127 2525 1304 2554 animorum
1315 2526 1477 2566 cogitanti,
1496 2525 1533 2555 de
1544 2524 1614 2556 filiae
1626 2525 1715 2556 simul
1727 2536 1835 2558 aeterna
1846 2547 1855 2560 2
1872 2528 2014 2567 beataque
2025 2529 2087 2559 vita

1129 2564 1301 2596 confidere?
1323 2575 1442 2596 animos
1452 2568 1535 2597 enim
1546 2565 1602 2597 effe
1614 2569 1813 2602 immortales,
1828 2578 1866 2599 ne
1880 2569 2083 2600 dubitandum

1131 2608 1208 2637 mihi
1226 2607 1350 2647 quidem
1368 2607 1494 2638 videtur.
1518 2607 1624 2640 faciam
1638 2619 1738 2640 autem
1756 2620 1820 2640 non
1835 2611 1968 2645 invitus,
1990 2620 2023 2641 ut
2041 2611 2084 2642 sa-

1127 2647 1382 2689 pientissimorum
1401 2650 1564 2681 hominum
1592 2661 1760 2691 percurram
1785 2653 1838 2683 hac
1858 2652 1894 2682 de
1917 2662 1948 2683 re
1966 2652 2086 2683 senten-

1130 2693 1201 2721 tiam
1215 2710 1224 2724 ,
1243 2691 1366 2731 quando
1377 2695 1470 2722 mein
1482 2693 1561 2722 hunc
1578 2693 1680 2724 locum
1701 2693 1828 2724 deduxit
1845 2694 1954 2725 oratio.
1977 2697 2085 2735 Neque

1130 2732 1202 2763 vero
1214 2734 1276 2762 haec
1291 2735 1329 2764 ita
1340 2733 1513 2773 disputanda
1528 2735 1634 2765 censeo
1643 2755 1652 2769 ‚
1673 2738 1834 2767 unanimos
1844 2738 1952 2766 iccirco
1961 2745 2026 2767 non
2035 2740 2086 2767 in-

1130 2777 1217 2804 terire
1227 2774 1345 2814 probari
1353 2774 1451 2815 possit,
1465 2775 1548 2816 quod
1560 2786 1751 2808 mortuorum
1762 2778 1939 2818 corporibus
1947 2779 1993 2808 vis
2002 2787 2085 2819 qua-.-

1131 2817 1199 2846 dam
1218 2815 1310 2847 inesse
1321 2822 1512 2847 veneratione
1523 2817 1611 2860 digna
1621 2828 1739 2859 putetur
1751 2839 1758 2853 ‚
1777 2829 1843 2860 quae
1854 2818 2015 2861 significare
2031 2819 2087 2850 de-

1132 2858 1198 2889 beat
1212 2868 1273 2888 non
1284 2857 1378 2889 deleri
1396 2868 1494 2889 morte
1503 2861 1639 2894 animos,
1660 2861 1708 2891 sed
1721 2862 1944 2892 immortalium
1962 2863 2087 2892 animo-

1131 2901 1307 2933 i·um‚veluti
1318 2900 1447 2939 sepulcra
1456 2902 1603 2942 quaedam,
1617 2903 1754 2934 mortalia
1763 2913 1885 2944 corpora
1896 2901 1990 2934 fuisse.
2004 2901 2086 2944 quasi

1131 2951 1194 2972 non
1207 2942 1239 2972 &
1249 2943 1408 2982 maiorm&
1421 2941 1553 2974 firmiora
1563 2945 1657 2975 multa
1666 2945 1829 2986 suppetant,
1839 2946 1950 2986 quibus
1958 2945 2084 2985 planum

1133 2983 1198 3014 fieri
1207 2982 1295 3024 possit
1306 3004 1314 3017 ,
1326 2987 1378 3025 qui
1387 2986 1506 3015 animos
1517 2983 1684 3017 simulcum
1696 2987 1870 3027 corporibus
1880 2990 2000 3018 interire
2010 2996 2087 3017 con-

1132 3025 1242 3060 tendat,
1252 3036 1323 3056 eum
1334 3034 1436 3056 contra
1447 3028 1606 3062 rationem,
1621 3029 1702 3060 nulla
1713 3031 1821 3060 nixum
1835 3032 1964 3062 ratione,
1973 3037 2089 3069 pugna-

1130 3078 1170 3102 re.
1193 3067 1278 3111 quod
1293 3066 1653 3145 fianstssffiffuffffnda
1663 3069 1696 3104 sit
1707 3092 1717 3108 ,
1736 3081 1827 3114 quem
1841 3073 2012 3114 graviorem
2031 3078 2089 3099 no-

1355 3112 1380 3142 B
1505 3112 1523 3144 b
1600 3120 1622 3144 a,
1969 3113 2089 3143 minare
