2302 3353
529 143 604 177 οε
635 128 831 176 CLAR.
867 129 1153 179 ORAro'R.

425 216 597 306 'ht
680 235 1087 304 TULL11

807 344 815 347 “
1084 350 1129 395 D

1191 130 1322 179 Lrn.
1356 144 1488 179 stvn
1520 130 1794 178 Bit-urus.
2058 146 2148 196 129

1173 237 1788 305 CiCERoNIS

1195 352 1234 396 E

1079 582 1442 614 DICITUR

177 448 1658 542 (DLAAEQIS<>RAoerOitlssUS
1738 453 2131 532 LIBER,

874 584 1007 629 Qu

642 668 715 728 Β,
823 665 882 720 R
1015 664 1077 719 U

347 798 384 820 --x
400 800 409 812 i·
436 789 467 817 U
480 795 505 816 M
523 786 539 816 ὲ
558 783 662 815 Cilicia
679 783 845 819 decedens,
865 783 1014 816 Rhodum
1032 785 1133 816 venis-

434 828 544 862 sem,&
552 824 590 856 εὸ
599 827 678 856 mihi
688 826 724 857 de
736 826 941 866 QHortensii
955 836 1053 858 morte
1063 826 1134 858 ess'et

243 897 246 904 ,
280 891 284 901 ,
304 878 347 907 jz,
367 878 402 905 υ
433 870 553 899 allatum
567 887 576 901 ‚
596 870 743 907 opinione
754 870 898 898 omnium
909 870 1058 908 majorem
1067 871 1133 899 ani-

192 903 198 914 ⁴
273 903 284 912 ’
307 930 312 946 ;
324 920 329 922 ’
341 919 402 962 ²7:³3⁴
432 920 485 940 mo
502 911 567 950 cepi
585 908 734 940 dolorem.
765 920 836 940 nam
857 911 890 941 δε
907 912 997 940 amico
1014 911 1110 949 amiffia
1121 931 1129 945 ,

344 958 408 990 ’μέν
431 951 502 983 cum
511 952 729 982 consuetudine
734 951 876 992 jucunda,
885 961 950 983 tum
961 954 1131 984 multorum

275 993 286 996 ”
343 994 405 1036 '‘V-,29
431 992 604 1024 officiorum
623 993 842 1034 conjunfiione
855 1004 905 1024 me
915 996 1064 1034 privatum
1083 997 1130 1025 vi-

273 1033 281 1042 '
295 1034 303 1043 '
372 1032 404 1046 *⁴
433 1035 551 1068 debam,
564 1035 727 1065 &interitu
738 1036 803 1066 talis
812 1038 940 1077 auguris,
952 1036 1129 1078 dignitatem

174 1081 268 1114 nostri
277 1081 397 1122 collegii
406 1079 588 1109 diminutam
599 1076 739 1107 dolebam
752 1088 757 1107 ;
776 1088 833 1118 qua
841 1080 874 1107 in
884 1080 1065 1120 cogitatione
1076 1099 1084 1112 ‚
1098 1079 1130 1110 &

174 1132 347 1164 cooptatum
368 1131 418 1151 me
436 1119 473 1149 ab
493 1129 530 1149 eo
544 1120 577 1149 in
586 1118 750 1160 collegium
760 1120 952 1154 recordabar,
974 1122 1006 1151 in
1015 1131 1076 1162 quo
1080 1122 1131 1160 ju—

172 1173 252 1196 ratus
264 1164 415 1205 judicium
430 1161 582 1203 dignitatis
593 1170 668 1191 meae
677 1160 802 1191 fecerat:
822 1162 855 1192 &
865 1164 1074 1204 inauguratum
1093 1162 1131 1193 ab

173 1207 282 1239 eodem
297 1217 302 1236 :
322 1215 360 1236 ex
370 1215 431 1246 quo
442 1223 451 1237 ‚
462 1212 607 1244 augurum
617 1202 762 1233 institutis
772 1223 780 1237 ‚
797 1204 831 1233 in
840 1206 969 1243 parentis
979 1215 1049 1235 eum
1060 1205 1128 1235 loco

172 1249 270 1280 colere
287 1247 443 1278 debebam.
476 1245 611 1285 Augebat
619 1247 710 1275 etiam
721 1245 892 1276 molestiam
903 1266 911 1280 ‚
931 1246 1014 1287 qu‘od
1023 1256 1131 1288 magna

172 1291 350 1331 sapientium
367 1291 481 1319 civium
492 1306 500 1320 ,
521 1287 733 1327 bonorumque
743 1290 893 1327 paenuria,
913 1290 960 1318 vir
976 1291 1109 1330 egregius
1120 1307 1129 1322 ‚

173 1329 488 1372 conjunffiffimusque
508 1339 631 1358 mecum
649 1327 845 1366 consiliorum
872 1332 1016 1359 omnium
1035 1332 1129 1360 socie-

175 1382 251 1408 tate,
271 1371 432 1411 altemffimo
449 1369 556 1412 reipub.
576 1378 694 1411 tempore
711 1369 876 1401 exstin&us
888 1392 896 1405 ‚
918 1372 951 1402 ὃς
969 1371 1129 1402 auffleorita-

173 1417 230 1448 tis,
251 1415 284 1445 &
295 1414 459 1454 prudentiae
479 1413 538 1442 suae
556 1411 636 1442 triste
653 1412 743 1442 nobis
762 1411 941 1443 desiderium
954 1415 1128 1454 reliquerat:

174 1455 389 1497 dolebamque,
408 1452 491 1496 quod
503 1463 568 1483 non
580 1473 589 1487 ,
609 1463 643 1483 ut
660 1455 796 1495 plerique
814 1455 974 1495 putabant,
993 1456 1128 1486 adversa-

173 1500 253 1530 rium
271 1518 280 1532 ,
298 1505 348 1528 aut
365 1494 596 1527 obn-eetatorem
613 1495 738 1526 laudum
758 1506 893 1527 mearum
913 1517 921 1531 ‚
943 1497 990 1528 sed
1011 1497 1127 1528 socium

194 1538 273 1570 otius
283 1559 292 1573 ,
312 1539 344 1570 &
352 1538 524 1572 consortem
534 1535 655 1577 gloriofi
665 1537 774 1568 laboris
784 1539 954 1569 amiseram.
985 1541 1107 1570 Etenim
1120 1559 1127 1573 ‚

186 1592 195 1612 i
205 1583 238 1612 in
246 1581 394 1612 leviorum
404 1584 513 1610 artium
523 1579 623 1610 studio
633 1581 790 1610 memoriae
799 1580 954 1620 proditum
972 1580 1017 1611 est
1027 1602 1035 1616 ‚
1056 1582 1131 1622 po'e'-

175 1632 216 1654 tas
226 1623 355 1653 nobileis
365 1623 520 1663 po'e'tarum
533 1621 686 1663 aqualinm
704 1631 802 1652 morte
819 1621 964 1653 doluill‘e:
984 1633 1046 1664 quo
1064 1633 1129 1654 tan-

175 1664 247 1696 dem
265 1665 369 1695 animo
386 1665 450 1704 ejus
468 1665 625 1694 interitum
634 1662 710 1694 ferre
721 1663 830 1699 debui,
850 1674 922 1695 cum
941 1675 1004 1706 quo
1021 1674 1130 1696 certare

176 1715 235 1737 erat
242 1704 416 1748 gloriofius,
436 1704 528 1747 quam
546 1704 679 1735 omnino
697 1705 898 1737 adversarium
916 1717 981 1737 non
1000 1707 1129 1737 habere?

175 1746 248 1779 cum
257 1748 416 1789 praesertim
427 1757 492 1778 non
501 1745 596 1777 mode>
606 1757 774 1788 numquam
786 1746 819 1778 fit
828 1756 878 1779 aut
886 1749 968 1779 illius
977 1748 993 1780 a
1003 1759 1052 1779 me
1063 1758 1130 1779 cur-

176 1789 224 1821 sus
243 1789 420 1830 impeditus,
440 1797 489 1820 aut
502 1789 602 1820 abillo
613 1799 717 1824 meus,
738 1789 786 1820 sed
803 1789 907 1820 contra
925 1790 1040 1831 semper
1058 1791 1130 1821 alter

175 1831 212 1862 ab
228 1832 321 1862 altero
339 1831 455 1871 adjutus
465 1831 498 1861 δε
507 1831 765 1861 communicando
776 1851 784 1865 ‚
806 1832 839 1862 &
849 1832 1007 1863 monendo
1015 1853 1024 1867 ‚
1044 1833 1078 1863 &
1086 1832 1130 1863 fa-

175 1872 287 1904 vendo.
309 1873 366 1903 Sed
376 1893 384 1907 ‚
396 1875 541 1913 quoniam
551 1882 691 1913 perpetua
699 1873 826 1914 quadam
834 1872 976 1905 felicitate
987 1876 1055 1906 usus
1065 1875 1131 1909 ille,

176 1913 282 1946 ceffite
293 1916 372 1947 vita,
392 1915 445 1944 suo
454 1916 548 1954 magis
559 1933 568 1948 ‚
588 1913 679 1955 quam
697 1916 821 1945 suorum
838 1917 955 1946 civium
973 1924 1109 1957 tempore
1120 1936 1129 1950 ,

178 1956 212 1987 δε
224 1965 289 1986 turn
307 1955 436 1989 occidit,
455 1954 527 1985 cum
538 1956 636 1996 lugere
644 1954 763 1985 facilius
772 1966 865 1996 remp.
876 1956 988 1997 poffet,
1008 1956 1028 1987 si
1044 1960 1130 1988 vive-

175 2006 221 2028 ret
230 2017 238 2031 ,
251 1996 339 2038 quam
345 1997 450 2036 juvare
458 2007 470 2024 .·
479 1998 616 2037 vixitque
628 1997 741 2027 tamdiu
751 2017 759 2031 ‚
771 1997 862 2038 quarn
873 1999 959 2029 licuit
968 2001 1001 2029 in
1010 2001 1129 2029 civitate

175 2038 254 2070 bene
265 2059 274 2072 ,
289 2038 429 2079 beateque
438 2040 539 2069 vivere
551 2048 558 2067 :
575 2038 678 2068 nostro
689 2039 891 2070 incommodo
902 2060 910 2074 ,
930 2040 1129 2071 detrimento-

175 2090 253 2121 que,
277 2078 351 2109 siest
359 2082 400 2110 ita
416 2078 549 2113 necesse,
570 2079 742 2110 doleamus:
760 2081 844 2111 illius
861 2081 932 2111 vero
950 2085 1058 2112 mortis
1076 2092 1130 2122 op-

174 2123 387 2162 portunitatem
397 2121 603 2152 benivolentia
610 2123 710 2161 potius
719 2141 728 2155 ‚
747 2122 836 2162 quam
849 2124 1050 2154 misericordia
1059 2134 1128 2163 pro-

174 2164 332 2204 sequamur
341 2183 349 2197 ,
368 2171 417 2197 ut,
430 2164 678 2204 quotiescumque
686 2163 722 2193 de
731 2162 890 2194 clariffimo
901 2185 909 2198 ‚
922 2165 954 2195 &
962 2164 1127 2196 beatisfimo

174 2207 240 2236 viro
249 2205 427 2245 cogitemus,
435 2205 524 2235 illum
536 2208 635 2244 potius
646 2224 654 2238 ,
666 2204 756 2245 quam
767 2206 965 2246 nosmetipsos
975 2226 984 2240 ,
1005 2207 1128 2249 diligere

173 2245 337 2277 videamur.
356 2249 450 2281 Nam,
461 2245 481 2276 fi
491 2246 523 2276 id
533 2247 683 2280 dolemus>
694 2246 777 2287 quod
786 2247 1056 2287 eojamftm'nobis
1063 2259 1127 2279 non

174 2288 261 2318 licet:
279 2287 415 2318 nostrum
434 2287 477 2318 est
495 2287 526 2318 id
543 2288 677 2318 malum:
696 2288 777 2329 quod
787 2289 1046 2321 modiceferamus
1060 2312 1068 2324 ‚
1090 2301 1127 2321 ne

174 2329 205 2360 id
216 2339 278 2360 non
288 2330 323 2360 ad
332 2331 502 2372 amicitiam
509 2349 518 2364 ,
539 2329 588 2360 sed
599 2330 634 2360 ad
645 2329 842 2361 domesticam
852 2332 1010 2362 utilitatem
1021 2332 1127 2363 referre

173 2371 335 2402 videamur.
359 2370 401 2402 fin
412 2392 421 2406 ‚
442 2381 581 2413 tanquam
597 2372 643 2401 illi
653 2370 705 2411 ipfi
716 2373 880 2403 acerbitatis
890 2374 1002 2415 aliquid
1012 2374 1128 2405 accide-

144 2413 148 2417 ’
173 2415 224 2448 rit,
233 2415 371 2455 angimur
382 2425 386 2443 :
399 2414 550 2444 summam
561 2414 624 2453 ejus
632 2412 808 2444 felicitatem
819 2425 883 2445 non
895 2416 959 2446 satis
968 2425 1051 2456 grato
1061 2418 1128 2446 ani—

177 2464 229 2492 mo
238 2457 473 2496 interpretamur.
517 2457 641 2486 Etenim
651 2454 672 2485 fi
681 2458 795 2486 viveret

174 2505 232 2527 tera
239 2495 353 2527 fortasse
363 2496 535 2528 desideraret
545 2496 603 2527 una
612 2507 683 2528 curn
691 2498 814 2539 reliquis
825 2499 913 2530 bonis
923 2520 931 2533 ,
957 2500 990 2530 &
998 2499 1127 2530 fortibus

172 2538 289 2569 civibus
301 2549 306 2568 ;
326 2540 406 2569 hunc
414 2548 514 2569 autem
525 2539 557 2569 &
566 2548 670 2579 praeter
676 2548 789 2569 ceteros
801 2560 809 2573 ‚
828 2549 877 2570 aut
887 2551 956 2571 cum
966 2543 1066 2582 paucis
1079 2542 1126 2572 su-

174 2578 295 2610 stineret
302 2579 450 2615 dolorem,
461 2579 533 2611 curn
543 2580 647 2611 forum
656 2581 761 2621 populi
769 2584 904 2613 Romani
914 2603 922 2617 ,
935 2583 1015 2624 quod
1025 2582 1126 2614 fuisset

175 2620 252 2662 quafi
269 2622 410 2652 theatrum
427 2623 510 2653 illius
526 2624 641 2663 ingenii
653 2643 662 2657 ,
680 2633 755 2653 voce
765 2624 879 2654 erudita
888 2644 896 2658 ,
921 2625 953 2655 &
963 2627 1124 2660 Romanis,

175 2663 338 2704 Graecisque
347 2664 465 2695 auribus
476 2664 564 2706 digna
573 2685 582 2699 ,
601 2665 761 2705 spoliatum
773 2685 781 2699 ‚
799 2675 885 2707 atque
894 2667 1031 2697 orbatum
1042 2668 1125 2698 vide-

174 2714 226 2735 ret.
251 2705 398 2746 Equidem
408 2716 500 2748 angor
509 2708 625 2740 animo,
635 2717 699 2736 non
709 2705 837 2742 consilii,
847 2718 912 2739 non
922 2710 1048 2750 ingenii,
1061 2719 1125 2741 non

172 2745 353 2777 auctoritatis
362 2751 450 2778 armis
460 2759 543 2790 egere
550 2749 767 2789 rempublicam
779 2769 787 2783 ‚
810 2760 876 2790 quae
894 2750 1057 2781 didiceram
1069 2761 1125 2782 tra-

174 2787 251 2818 &are
262 2808 271 2822 ,
290 2789 456 2831 quibusque
474 2800 524 2820 me
536 2789 741 2820 ass'uefeceram
753 2810 761 2825 ‚
782 2802 908 2833 quaeque
918 2802 1000 2823 erant
1009 2795 1128 2833 propria

172 2827 244 2860 cum
254 2830 414 2870 praestantis
424 2834 456 2862 in
465 2842 525 2872 rep.
537 2833 606 2866 viri,
617 2841 682 2862 tum
693 2832 769 2863 bene
779 2843 912 2868 moratae,
923 2835 955 2864 &
966 2834 1041 2865 bene
1052 2846 1126 2866 con-

174 2869 281 2902 stitutae
299 2874 436 2903 civitatis.
465 2872 556 2913 de
575 2873 596 2903 fi
612 2872 670 2903 fuit
686 2876 718 2904 in
727 2875 876 2914 republica
887 2885 1004 2916 tempus
1014 2877 1124 2911 ullum,

170 2910 244 2943 cum
262 2923 436 2956 eXtorquere
450 2925 532 2946 arma
547 2915 645 2957 posset
662 2915 679 2946 ὲ
697 2916 836 2948 manibus
846 2919 990 2949 iratorum
999 2920 1124 2954 civium,

814 2457 1040 2497 QHortensius
1051 2478 1059 2491 ,
1078 2469 1127 2488 ce-

175 3053 198 3071 1.
216 3050 294 3134 A
310 3051 340 3074 Ut
355 3058 433 3076 errore
446 3050 589 3085 homimem]
609 3052 650 3078 lta
668 3052 784 3088 primum
803 3053 955 3080 emendavit
972 3055 1015 3087 Ῐο.
1027 3053 1125 3079 Rivius

311 3085 519 3120 Castigationum
531 3087 632 3114 libello.
651 3096 728 3115 antea
737 3088 788 3114 cufi
800 3108 808 3120 ‚
817 3096 905 3114 terrore
915 3099 923 3119 ς
935 3083 1021 3116 miuus
1033 3088 1106 3116 refle
1119 3108 1128 3121 ,
1152 3084 1154 3093 ¹

273 3153 278 3158 ¹
312 3127 342 3146 ut
353 3121 436 3156 liquet
445 3132 479 3149 ex
489 3122 550 3149 aliis
559 3123 644 3150 Tullii
655 3124 719 3151 locis
728 3134 777 3160 pro
787 3125 917 3152 Marcello
929 3145 936 3159 ‚
946 3135 997 3162 pro
1006 3126 1128 3161 Ligario,

173 3153 370 3190 proDerotam,
378 3157 444 3184 item
455 3158 563 3187 liban.
573 3159 656 3195 Epist.
668 3160 748 3189 u-ad
757 3160 891 3188 Atticm.

1213 663 1269 718 T
1404 646 1651 720 U‘s.

1177 783 1252 815 boni
1261 784 1337 814 civis
1346 783 1505 815 auctoritas
1516 784 1549 815 δεῖ
1558 786 1670 816 oratio:
1692 793 1759 816 tum
1770 786 1906 826 profecit&
1915 787 1972 819 fuit
1984 808 1992 822 ‚
2004 788 2074 819 cum
2081 795 2136 831 pa*

1178 826 1409 867 trociniumpacis
1418 826 1575 857 exclusum
1588 827 1631 857 est
1642 831 1650 846 ¹
1665 836 1715 858 aut
1724 838 1822 857 errore
1833 829 1996 860 hominum
2008 850 2016 864 ‚
2040 840 2089 860 aut
2100 833 2136 860 ci-

1177 877 1272 897 more.
1291 870 1337 898 Ita
1346 868 1568 909 nobismetipsis
1575 869 1692 903 accidit,
1705 878 1737 900 ut
1746 880 1927 910 quamquam
1938 870 2030 901 essent
2040 873 2137 902 multo

1178 912 1271 950 magis
1282 910 1338 940 alia
1348 910 1379 940 lu
1401 910 1486 944 enda,
1499 920 1600 942 tamen
1610 912 1668 941 hoc
1679 911 1863 944 doleremus,
1876 911 1959 952 quod
1970 933 1978 945 ‚
1990 923 2051 953 quo
2060 922 2138 944 tem-

1175 961 1247 991 pore
1257 961 1322 982 aetas
1333 921 1432 982 noffira
1439 951 1598 992 perfun&a
1607 953 1695 983 rebus
1716 951 1904 993 amplissimis
1915 973 1923 987 ‚
1943 963 2083 994 tanquam
2104 957 2137 985 in

1171 1001 1285 1034 portum
1294 992 1456 1036 confugere
1465 993 1595 1029 deberet,
1608 1005 1672 1025 non
1682 997 1797 1025 inertiae
1807 1016 1814 1028 ,
1833 1005 1930 1035 neque
1941 994 2057 1025 desidia:
2068 1016 2075 1029 ‚
2088 996 2137 1027 sed

1175 1037 1232 1065 otii
1249 1035 1412 1069 moderati,
1433 1044 1518 1076 atque
1537 1036 1656 1067 honesti
1669 1047 1674 1065 :
1694 1046 1824 1078 cumque
1834 1038 1895 1077 ipsa
1904 1038 2000 1067 oratio
2007 1039 2069 1076 jam
2079 1047 2138 1067 no-

1175 1075 1230 1107 stra
1240 1077 1415 1112 canesceret,
1427 1078 1604 1119 haberetque
1615 1079 1633 1108 s
1630 1089 1698 1109 uam
1708 1079 1857 1120 quandam
1866 1080 2067 1109 maturitatem
2081 1099 2089 1112 ,
2102 1079 2136 1109 ἃς

1174 1117 1253 1159 quasi
1263 1118 1459 1153 senmstutem,
1473 1128 1538 1150 tum
1550 1130 1630 1150 arma
1640 1121 1707 1150 sunt
1716 1131 1749 1151 ea
1759 1120 1854 1150 sumta
1864 1140 1873 1154 ‚
1893 1120 2003 1161 quibus
2014 1120 2060 1150 illi
2070 1119 2134 1160 ipsi,

1174 1162 1226 1200 qui
1235 1160 1401 1192 didicerant
1411 1163 1454 1191 eis
1464 1163 1506 1191 uti
1516 1163 1645 1203 gloriose
1655 1182 1663 1196 ‚
1694 1162 1956 1203 quemadmodum
1975 1162 2137 1192 salutariter

1173 1210 1344 1237 uterentur,
1365 1213 1430 1233 non
1439 1203 1634 1243 reperiebant.
1656 1207 1759 1245 Itaque
1769 1206 1791 1234 ii
1803 1205 1880 1234 mihi
1890 1203 2032 1235 videntur
2039 1203 2138 1234 fortu-

1174 1244 1242 1274 nate
1255 1264 1263 1278 ‚
1275 1245 1416 1285 beateque
1425 1243 1545 1279 vixisse,
1557 1245 1629 1276 cum
1642 1247 1675 1276 in
1685 1248 1789 1276 ceteris
1799 1246 1981 1279 civitatibus,
1994 1254 2059 1275 tum
2071 1255 2136 1276 ma-

1174 1286 1260 1316 xime
1273 1288 1306 1316 in
1317 1287 1416 1317 nostra
1425 1307 1433 1321 ‚
1453 1287 1562 1328 quibus
1573 1287 1646 1317 cum
1657 1287 1833 1318 au&oritate
1841 1307 1849 1322 ‚
1875 1297 2034 1328 rerumque
2042 1286 2136 1329 gesta-

1173 1337 1242 1358 rum
1251 1328 1346 1369 gloria
1357 1348 1366 1362 ‚
1389 1337 1454 1359 tum
1465 1331 1555 1359 etiam
1565 1330 1714 1369 sapientiae
1724 1329 1811 1360 laude
1816 1328 1923 1371 perfrui
1941 1329 2035 1359 licuit.
2059 1339 2136 1370 quo-

1171 1379 1240 1399 rum
1252 1372 1400 1400 memoria
1408 1389 1416 1404 ,
1440 1371 1473 1401 δε
1483 1371 1648 1401 recordatio
1657 1373 1690 1401 in
1700 1373 1846 1402 maximis
1855 1369 1963 1400 nostris
1974 1390 1982 1403 ‚
2003 1369 2135 1411 graviffi-

1172 1412 1289 1452 misque
1300 1414 1377 1442 curis
1383 1412 1515 1452 jucunda
1525 1413 1593 1443 sane
1602 1412 1661 1443 fuit
1669 1434 1677 1447 ‚
1699 1411 1772 1443 cum
1783 1415 1816 1443 in
1826 1422 1893 1443 eam
1904 1422 1999 1453 nuper
2018 1422 2057 1442 ex
2075 1413 2136 1442 ser-

1172 1462 1266 1483 mone
1286 1454 1420 1494 quodam
1435 1454 1655 1485 incidissemus.
1686 1457 1769 1485 Nam
1788 1465 1860 1486 cum
1870 1454 2091 1485 inambularem
2100 1456 2134 1485 in
2155 1460 2169 1494 3

1171 1494 1270 1534 xysto,
1283 1496 1315 1526 δε
1324 1495 1416 1526 essem
1426 1497 1538 1527 otiosus
1549 1497 1645 1530 dorni,
1661 1499 1705 1527 M.
1715 1497 1751 1527 ad
1761 1505 1811 1527 me
1822 1498 1928 1526 Brutus
1939 1516 1948 1530 ,
1964 1504 1998 1526 ut
2006 1497 2134 1526 consue-

1171 1546 1335 1571 verat‚cum
1344 1540 1559 1578 T.Pomponio
1568 1539 1845 1572 venerat‚homines
1851 1537 1925 1569 cum
1935 1539 2012 1568 inter
2020 1538 2048 1568 se
2057 1548 2135 1568 con-

1167 1579 1180 1619 j
1184 1578 1279 1613 unffi,
1291 1589 1358 1610 tum
1367 1581 1446 1610 mihi
1456 1582 1495 1610 ita
1504 1582 1572 1614 cari,
1584 1583 1684 1621 itaque
1689 1582 1700 1620 j
1705 1580 1866 1615 ucundi‚ut
1874 1590 1981 1610 eorum
1991 1579 2130 1620 adspelzhi

1173 1623 1276 1651 omnis
1286 1641 1295 1654 ,
1315 1632 1380 1662 quae
1397 1631 1447 1652 me
1461 1622 1583 1663 angebat
1595 1621 1630 1652 de
1642 1622 1745 1662 repub.
1756 1632 1824 1653 cura
1833 1621 2011 1652 consederit.
2043 1624 2132 1662 Qos

1172 1661 1331 1703 postquam
1348 1664 1490 1697 salutavi,
1510 1663 1593 1704 Qid
1603 1673 1657 1694 vos
1668 1684 1676 1698 ,
1696 1666 1820 1705 inquam
1831 1684 1840 1698 ,
1861 1666 1948 1694 Brute
1958 1682 1967 1696 ,
1979 1663 2131 1698 &Attice.

1173 1714 1255 1734 nunc
1265 1707 1276 1734 ?
1294 1705 1366 1746 quid
1376 1705 1498 1736 tandem
1508 1708 1584 1736 novi
1597 1708 1607 1734 ?
1621 1706 1709 1736 Nihil
1720 1706 1800 1741 sane,
1812 1707 1911 1747 inquit
1921 1707 2038 1739 Brutus,
2047 1704 2132 1746 quod

1173 1746 1299 1787 quidem
1307 1755 1358 1777 aut
1366 1756 1397 1777 tu
1406 1747 1509 1778 audire
1519 1748 1658 1781 velis‚aut
1665 1758 1722 1790 ego
1732 1758 1786 1788 pro
1795 1756 1876 1779 certo
1886 1747 1983 1778 dicere
1992 1747 2131 1777 audeam.

1175 1791 1259 1819 Tum
1270 1791 1386 1819 Atticus
1397 1809 1406 1822 ‚
1418 1792 1463 1820 Eo
1475 1810 1488 1825 „
1496 1791 1597 1831 inquit
1605 1810 1613 1823 ,
1627 1789 1661 1820 ad
1673 1799 1700 1820 te
1709 1792 1814 1821 animo
1822 1791 1964 1820 venimus
1975 1809 1984 1822 ,
1997 1798 2030 1819 ut
2039 1788 2075 1819 de
2085 1798 2134 1819 re-

1173 1830 1293 1870 publica
1312 1829 1383 1861 ess'et
1397 1829 1550 1861 filentium
1561 1851 1569 1865 ,
1592 1831 1625 1862 &
1633 1832 1744 1872 aliquid
1754 1831 1926 1862 audiremus
1932 1832 2033 1870 potius
2044 1841 2082 1861 ex
2093 1839 2133 1865 te,

1174 1871 1266 1913 quam
1277 1882 1304 1902 te
1312 1871 1497 1903 afficeremus
1507 1874 1567 1904 ulla
1577 1873 1722 1904 molestia.
1746 1876 1808 1903 Vos
1818 1883 1889 1903 vero
1900 1893 1908 1906 ‚
1920 1874 2043 1913 inquam
2057 1893 2065 1906 ‚
2077 1876 2134 1903 At-

1173 1916 1241 1948 tice,
1255 1914 1287 1944 &
1296 1915 1470 1955 praesentem
1483 1925 1532 1945 me
1543 1925 1609 1945 cura
1617 1915 1719 1945 levatis
1731 1935 1739 1948 ‚
1752 1915 1785 1945 &
1793 1915 1908 1945 absenti
1917 1924 2023 1955 magna
2032 1915 2135 1945 solatia

1173 1955 1305 1986 dedistis.
1328 1966 1401 1986 nam
1411 1956 1515 1986 vestris
1523 1955 1658 1996 primum
1669 1957 1775 1987 litteris
1785 1963 1922 1986 recreatus
1932 1975 1941 1989 ,
1966 1966 2015 1986 me
2026 1955 2062 1986 ad
2071 1958 2134 1995 pri-

1173 1996 1248 2027 stina
1258 1997 1353 2027 studia
1362 2000 1508 2028 revocavi.
1531 2001 1615 2028 Tum
1625 1998 1677 2027 ille
1688 2018 1696 2031 ‚
1710 2000 1782 2039 Legi
1793 2018 1801 2032 ‚
1813 1999 1914 2038 inquit
1924 2017 1932 2031 ‚
1942 1997 2133 2038 perlubenter

1172 2037 1328 2078 epistolam
1338 2058 1346 2073 ,
1358 2049 1450 2080 quarn
1460 2039 1495 2070 ad
1505 2048 1533 2069 te
1545 2042 1651 2069 Brutus
1661 2038 1742 2070 misit
1751 2050 1789 2070 ex
1800 2038 1865 2069 Afia
1878 2050 1950 2080 :qua
1959 2040 2037 2069 mihi
2048 2040 2132 2069 visus

1172 2079 1215 2110 est
1226 2081 1260 2111 δε
1270 2090 1395 2111 monere
1406 2090 1433 2111 te
1441 2081 1648 2121 prudenter‚&
1655 2082 1803 2112 consolari
1812 2079 1999 2111 amiciffime.
2022 2080 2130 2114 Recte„

1172 2124 1296 2163 inquam
1308 2142 1316 2155 ‚
1335 2122 1377 2152 est
1387 2123 1477 2152 visus.
1499 2133 1570 2153 nam
1583 2133 1632 2153 me
1643 2123 1706 2153 istis
1716 2124 1791 2153 scito
1800 2124 1905 2154 litteris
1916 2143 1925 2157 ‚
1943 2133 1982 2152 ex
1992 2123 2131 2153 diuturna

1170 2163 1392 2203 perturbatione
1411 2166 1502 2194 totius
1522 2164 1696 2195 valitudinis
1716 2174 1855 2205 tanquam
1873 2164 1909 2194 ad
1930 2164 2131 2204 aspiciendam

1171 2206 1270 2235 lucem
1281 2204 1338 2235 effe
1349 2214 1532 2236 revocatum.
1563 2209 1661 2246 Atque
1671 2216 1703 2237 ut
1711 2207 1778 2247 post
1788 2207 1977 2237 Cannensem
1986 2207 2070 2237 illam
2083 2216 2131 2236 ca-

1171 2247 1335 2277 lamitatem
1346 2246 1481 2287 primurn
1493 2249 1629 2278 Marcelli
1639 2249 1674 2279 ad
1685 2249 1797 2279 Nolam
1810 2248 1918 2289 proelio
1929 2269 1937 2282 ,
1960 2248 2090 2288 populus
2100 2248 2131 2278 se

1171 2292 1332 2319 Romanus
1341 2292 1436 2320 erexit
1447 2309 1455 2323 ,
1474 2289 1635 2331 posteaque
1651 2291 1797 2331 prosperae
1813 2300 1857 2320 res
1875 2290 2016 2330 deinceps
2028 2290 2131 2320 multa:

1169 2331 1334 2361 consecutae
1345 2331 1429 2362 sunt:
1450 2330 1488 2362 sic
1495 2331 1563 2372 post
1571 2342 1671 2363 rerum
1682 2332 1861 2365 nostrarum,
1873 2332 1905 2362 &
1915 2333 2130 2362 communium

1170 2371 1355 2413 graviffimos
1371 2375 1452 2404 casus
1464 2393 1473 2407 ‚
1494 2374 1572 2403 nihil
1583 2384 1650 2404 ante
1658 2374 1814 2414 epistolam
1826 2376 1908 2403 Bruti
1918 2375 1996 2403 mihi
2009 2373 2128 2406 accidit,

1171 2414 1253 2455 quod
1262 2415 1387 2449 vellem,
1401 2425 1450 2446 aut
1458 2415 1540 2456 quod
1550 2416 1647 2457 aliqua
1658 2426 1695 2446 ex
1704 2425 1782 2456 parte
1793 2415 2009 2446 sollicitudines
2020 2415 2130 2445 alleva-

1170 2465 1213 2487 ret
1223 2467 1313 2487 meas.
1335 2460 1420 2488 Tum
1432 2460 1538 2487 Brutus
1550 2477 1559 2490 ,
1573 2458 1707 2488 Voluiid
1716 2457 1840 2499 quidem
1852 2456 1971 2487 efficere
1980 2456 2058 2486 certe
2071 2476 2080 2489 ‚
2094 2457 2129 2487 δε

1168 2501 1253 2539 capio
1264 2509 1408 2541 magnum
1417 2497 1550 2529 studium
1563 2518 1571 2532 ,
1592 2497 1613 2528 si
1624 2499 1748 2540 quidem
1759 2498 1841 2539 quod
1850 2499 1935 2529 volui
1946 2519 1954 2532 ,
1966 2507 2046 2529 tanta
2055 2500 2088 2528 in
2097 2508 2130 2529 re

1169 2541 1343 2571 consecutus
1352 2543 1431 2572 sum.
1454 2540 1511 2572 Sed
1522 2541 1593 2570 scire
1604 2543 1706 2581 cupio.
1718 2544 1732 2559 ²
1742 2551 1809 2581 quae
1819 2549 1846 2571 te
1859 2542 1951 2571 Attici
1961 2541 2065 2570 litterae
2076 2539 2128 2570 de-

1169 2582 1355 2618 letitaverint,
1367 2583 1432 2613 Istae
1442 2581 1513 2613 vero
1523 2601 1531 2615 2
1544 2584 1667 2622 inquam
1678 2603 1685 2615 ‚
1700 2585 1787 2612 Brute
1798 2602 1805 2615 ,
1819 2592 1883 2613 non
1894 2581 1989 2612 modo
1999 2581 2128 2613 delet-Ita-

1170 2626 1287 2654 tionem
1298 2625 1440 2658 mihi,sed
1450 2627 1551 2657 etiarn,
1563 2632 1596 2653 ut
1606 2625 1700 2665 spero,
1714 2625 1838 2655 salutem
1848 2624 2022 2654 attulerunt.
2044 2624 2129 2654 Salu-

1171 2676 1232 2697 tem
1243 2668 1254 2695 ?
1272 2668 1372 2708 inquit
1388 2667 1449 2697 ille.
1472 2665 1625 2707 quodnam
1642 2666 1764 2696 tandem
1781 2676 1874 2707 genus
1893 2665 1968 2696 istuc
1983 2674 2044 2696 tam
2053 2676 2130 2705 prae-

1167 2709 1281 2738 clarum
1292 2709 1454 2738 litterarum
1465 2707 1543 2737 fuit?
1564 2710 1614 2738 An
1626 2709 1810 2748 mihipotuit
1819 2728 1827 2741 ‚
1848 2709 1971 2748 inquam
1983 2727 1991 2741 ‚
2011 2706 2069 2738 effe
2081 2716 2130 2739 aut

1169 2753 1278 2792 gratior
1287 2751 1348 2780 ulla
1358 2750 1504 2783 salutatio,
1515 2757 1564 2779 aut
1575 2750 1610 2780 ad
1620 2751 1679 2780 hoc
1689 2759 1807 2790 tempus
1818 2751 1914 2789 aptior
1925 2769 1933 2783 ,
1943 2749 2033 2790 quam
2045 2750 2129 2780 illius

1170 2792 1239 2824 libri
1250 2813 1258 2826 ‚
1280 2803 1341 2833 quo
1350 2802 1399 2822 me
1409 2793 1458 2822 hic
1468 2790 1570 2822 affatus
1580 2813 1588 2825 ‚
1609 2790 1688 2833 quasi
1701 2793 1838 2831 jacentem
1857 2793 1998 2822 excitavit
2009 2794 2019 2820 ?
2042 2794 2127 2822 Tum

1170 2835 1221 2867 ille
1232 2855 1240 2868 ,
1254 2837 1375 2874 Nempe
1384 2844 1455 2863 eum
1466 2833 1551 2867 dicis,
1562 2835 1671 2874 inquit,
1681 2843 1742 2874 quo
1752 2833 1805 2863 iste
1816 2843 1943 2864 omnem
1953 2843 2053 2864 rerum
2064 2844 2131 2863 me-

1172 2880 1303 2909 moriam
1313 2876 1461 2908 breviter,
1476 2875 1507 2905 δε
1522 2896 1530 2908 ,
1551 2885 1583 2906 ut
1592 2876 1670 2905 mihi
1679 2875 1803 2916 quidem
1814 2876 1914 2905 visum
1925 2873 1968 2904 cst
1978 2895 1986 2908 ‚
2006 2875 2131 2914 perdili-

1168 2930 1272 2962 genter
1281 2919 1459 2958 complexus
1469 2916 1532 2947 est?
1554 2917 1648 2948 Istum
1658 2918 1756 2960 ipsum
1769 2938 1777 2952 ‚
1790 2920 1911 2958 inquam
1921 2937 1929 2951 ‚
1941 2917 2130 2988 Brute122bdico

2028 2970 2037 2988 i
2060 2968 2128 2988 rum

1208 3061 1238 3079 2.
1258 3054 1313 3086 Qae
1321 3059 1344 3076 te
1351 3054 1426 3077 Attici
1438 3054 1510 3077 litcrae
1517 3052 1710 3087 dcleHztverim]
1731 3051 1864 3078 Maluiss'et
1875 3050 2036 3077 Gulielmius
2045 3068 2052 3080 ‚
2060 3058 2131 3082 quam

1174 3096 1195 3114 ’ί
1206 3109 1214 3120 ι
1226 3090 1279 3119 eff-
1297 3089 1361 3114 item
1370 3087 1447 3123 supra
1459 3107 1466 3119 ‚
1478 3087 1520 3113 ubi
1530 3089 1566 3116 cst
1577 3100 1582 3116 :
1603 3092 1670 3115 volui
1679 3089 1802 3124 mquidem
1812 3089 1895 3121 efficere
1906 3106 1913 3120 ,
1925 3086 2028 3113 delebat
2039 3085 2108 3112 idem
2121 3102 2130 3115 .

1175 3134 1222 3152 ceu
1232 3124 1358 3160 glossema
1370 3143 1378 3157 ‚
1388 3124 1414 3150 id
1422 3124 1449 3150 8<
1460 3125 1552 3157 afficere.

1648 3195 1676 3223 R
2011 3199 2026 3219 .x
2035 3211 2039 3216 ,
2051 3194 2060 3215 1
2067 3191 2134 3216 blun-
