2316 3395
177 510 225 541 ς’)

236 138 298 186 82
661 133 1154 183 M.Tur„1„11

236 216 264 249 ci
283 211 387 245 εωᾶοτ
395 233 404 248 ,
425 221 458 245 ac
477 212 593 245 senami·
602 213 702 245 bonus
711 234 720 248 ,
741 213 783 244 ob
793 223 858 244 eam
870 213 963 252 ipsam
974 212 1091 246 causam
1102 220 1201 244 orator

239 255 282 287 est
295 267 300 285 :
320 265 369 287 aut
379 257 428 286 hic
439 256 563 286 disertus
575 277 583 290 ,
601 265 687 296 atque
697 256 841 296 eloquens
854 275 862 288 ‚
874 254 894 284 si
904 254 946 285 cst
956 254 1038 285 idem
1050 257 1081 285 in
1091 265 1200 295 procu-

240 300 354 329 ratione
366 299 497 328 civitatis
507 299 640 340 egregius
652 317 659 330 ‚
684 301 692 316 ¹
703 297 835 337 aliquam
846 297 1000 327 scientiam
1012 297 1132 327 dicendi
1147 306 1200 328 co-

240 342 288 380 pia
308 339 546 370 estconsccutus.
571 339 704 369 multum
715 340 794 368 inter
802 339 830 369 sc
841 337 952 371 distant
962 338 1022 369 istae
1034 338 1197 375 facultates,

242 384 391 424 longeque
400 381 467 411 sunt
477 381 608 413 diversae,
621 388 707 420 atque
719 379 860 419 sejunt‘iae
871 401 879 414 ,
891 390 989 422 neque
998 381 1101 412 eadem
1111 383 1200 413 ratio-

245 433 284 453 ne
295 444 303 457 ‚
322 434 353 454 ac
364 425 411 453 via
419 425 463 452 M.
477 425 548 452 Crito
559 443 567 455 ‚
579 425 608 452 P.
622 422 778 452 Africanus
791 443 798 455 ‚
811 423 1002 462 QMctcllus
1012 443 1022 458 ,
1032 426 1065 454 C.
1076 423 1198 457 Laelius,

244 467 297 506 qui
308 474 417 495 omncs
428 465 601 505 eloquentes
610 462 734 495 fuerunt
745 485 753 497 ‚
775 468 944 495 orationem
959 465 1042 496 suam
1053 485 1062 500 ,
1085 466 1199 505 &reip

244 508 421 548 dignitatem
440 505 634 536 exornabant.
680 507 805 544 NaQiz
826 516 917 541 anim
945 506 988 537 est
1005 506 1201 542 interdifitum

243 548 317 579 aura
328 557 427 577 rerum
439 555 550 580 natura,
563 556 611 577 aut
621 546 636 577 a
645 546 709 589 lege
719 548 816 588 aliqua
828 568 836 582 ‚
849 557 935 589 atque
947 559 1030 580 more
1042 569 1051 583 ,
1062 558 1094 579 ut
1105 547 1203 590 singu-

244 591 281 620 lis
293 589 473 621 hominibus
484 609 492 622 ,
506 599 544 619 ne
554 599 601 620 am
623 589 682 618 lius
696 610 704 622 ,
716 589 807 630 quarn
819 588 943 632 singulas
953 593 1037 621 arteis
1049 611 1057 625 ‚
1070 589 1203 622 nosse-li-

243 640 318 662 ceat.
350 633 446 671 Qare
473 641 539 661 non
562 640 589 660 et
603 641 612 661 1
632 629 889 672 eloquentiffimus
908 633 1037 663 Athenis
1057 632 1183 669 Pericles
1194 653 1202 665 ,

244 673 387 713 idemque
408 675 440 702 in
461 682 494 702 ea
511 674 629 703 civitate
647 673 795 713 plurimos
814 683 909 704 annos
928 678 1065 716 princeps
1089 672 1206 705 consilii

243 714 359 755 publici
370 713 446 747 fuit,
466 713 579 744 idcirco
591 716 616 754 ej
621 713 726 748 usdern
736 716 874 746 hominis
886 736 894 750 ‚
907 725 993 758 atque
1003 719 1072 746 artis
1083 725 1203 756 utraque

244 756 367 786 facultas
385 754 585 788 existimanda
605 755 647 786 est
658 768 667 790 3
689 767 745 787 nec
754 776 763 791 ,
783 755 803 786 fi
813 760 843 788 Ρ.
856 756 970 788 Crassus
979 758 1062 788 idem
1071 757 1131 788 fuit
1142 760 1205 787 elo-

243 807 338 839 quens
349 818 358 831 ,
380 797 494 837 &juris
503 799 616 838 peritus
626 817 634 832 ,
655 798 696 828 ob
716 808 782 829 eam
799 799 916 829 causam
934 799 1011 831 inest
1025 802 1056 830 in
1068 799 1204 830 facultate

242 839 448 878 dicendijuris
458 840 558 869 civilis
567 840 696 870 scientia.
729 850 801 870 nam
813 839 966 882 fiquisque
977 862 986 876 ,
1007 851 1039 872 ut
1057 843 1089 872 in
1107 842 1204 882 aliqua

242 890 315 915 arte,
328 878 506 912 &facultate
518 882 683 914 excellens,
695 882 783 913 aliam
794 893 915 924 quoque
925 892 1019 913 artem
1031 882 1084 914 sibi
1093 882 1204 914 assum·

244 923 324 956 serit,
335 925 361 953 is
370 921 515 962 perficiet,
530 932 572 957 ut,
584 923 665 964 quod
674 934 812 964 praetcrea
821 925 901 958 sciet,
913 925 944 955 id
956 926 1069 965 ejus‚in
1078 936 1140 966 quo
1150 935 1204 955 ex-

245 965 351 1000 cellet,
372 974 436 1005 pars
446 965 582 1006 quaedam
595 964 652 996 ess'e
663 966 814 996 videatur:
835 967 905 997 licet
924 966 978 998 ista
996 970 1110 997 ratione
1122 967 1204 997 dica-

247 1017 318 1037 mus
328 1027 338 1040 ,
356 1007 418 1047 pila
426 1006 502 1036 bene
514 1027 522 1040 ,
536 1011 549 1026 2
561 1007 592 1037 δε
602 1007 764 1046 duodecim
778 1008 891 1048 scriptis
902 1009 1003 1039 ludere
1015 1030 1022 1042 ‚
1043 1011 1201 1049 proprium

246 1047 386 1088 ess'ejuris
395 1049 655 1090 civilis,quoniam
666 1058 826 1090 utrumque
836 1060 942 1080 eorum
953 1054 983 1081 Ρ.
995 1053 1115 1081 Mucius
1126 1052 1206 1091 opti-

247 1092 298 1123 me
309 1091 429 1123 fecerit:
453 1093 616 1134 eademque
626 1095 741 1123 ratione
751 1093 886 1125 dicantur
896 1115 903 1128 ‚
925 1096 959 1125 ὃς
970 1115 977 1128 ,
997 1106 1073 1136 quos
1087 1091 1204 1133 φυπκές

249 1136 346 1165 Graeci
358 1136 529 1169 nominant,
541 1135 635 1165 iidem
646 1137 753 1175 poetae,
765 1138 911 1177 quoniam
923 1137 1121 1177 Empedocles
1132 1139 1208 1178 phy-

247 1175 322 1206 ficus
334 1179 486 1217 egregium
495 1178 605 1216 po'e2ma
614 1176 726 1208 fecerit.
757 1181 797 1208 At
806 1179 864 1208 hoc
874 1188 911 1209 ne
921 1179 1072 1221 pln'losbphi'
1081 1179 1206 1220 quidem

246 1217 300 1258 ipsi
311 1238 320 1252 ‚
332 1220 383 1259 qui
394 1220 498 1248 omnia
506 1239 514 1252 ‚
527 1217 599 1248 sicut
607 1220 727 1259 propria
737 1239 745 1253 ,
758 1219 807 1250 sua
817 1219 873 1250 ess'e
885 1240 893 1254 ‚
909 1229 995 1261 atque
1006 1220 1021 1250 a
1032 1221 1059 1251 se
1069 1220 1207 1260 possideri

248 1260 368 1293 volunt,
382 1259 479 1290 dicere
491 1260 600 1291 audent
611 1281 619 1294 ,
628 1264 824 1303 geometriam
835 1271 885 1291 aut
895 1261 1038 1292 musicam
1049 1283 1057 1295 ‚
1071 1262 1205 1302 philoso—

247 1302 302 1342 phi
312 1299 369 1332 esse
380 1322 388 1335 ,
410 1303 478 1347 quia
488 1302 644 1332 Platonem
653 1313 761 1333 omnes
772 1305 806 1333 in
818 1303 880 1333 illis
889 1304 998 1334 artibus
1008 1302 1207 1344 praestantissi-

250 1353 338 1373 mum
348 1342 434 1378 fuisse
443 1343 599 1374 fateantur.
623 1347 667 1375 Ac
677 1365 685 1378 ‚
698 1344 718 1374 si
726 1345 789 1384 jam
799 1346 904 1384 placet,
915 1349 1036 1376 omneis
1045 1348 1131 1376 arteis
1142 1356 1209 1376 ora-

250 1387 308 1416 tori
320 1385 497 1425 subjungere
510 1406 518 1419 ‚
529 1386 714 1417 tolerabilius
724 1385 764 1417 est
778 1385 815 1416 sic
822 1388 923 1427 potius
933 1387 1031 1418 dicere
1042 1408 1050 1421 ,
1065 1397 1097 1418 ut
1107 1408 1114 1422 ‚
1131 1398 1208 1429 quo-

251 1429 335 1457 niam
354 1426 476 1457 dicendi
496 1426 618 1458 facultas
636 1438 701 1457 non
717 1428 823 1458 debeat
843 1427 900 1458 effe
910 1430 1010 1469 jejuna
1019 1439 1105 1470 atque
1115 1429 1205 1464 nuda,

253 1468 302 1499 sed
317 1468 427 1508 aspersa
436 1489 444 1503 ‚
464 1478 550 1510 atque
561 1469 700 1500 distinete.
710 1470 874 1499 multarum
885 1481 984 1501 rerum
992 1471 1126 1510 jucunda
1136 1482 1209 1512 qua-

251 1510 321 1541 dam
340 1512 476 1541 varietate
487 1531 495 1545 ,
519 1514 576 1541 SIT
598 1521 677 1541 nom
698 1514 872 1542 ORATORIS
893 1513 988 1543 multa
997 1513 1116 1544 auribus
1127 1524 1210 1543 acce—

252 1550 325 1593 pisse
334 1571 342 1586 ,
364 1553 459 1584 multa
467 1552 573 1583 vidisse
584 1573 592 1586 ‚
610 1553 706 1583 multa
715 1554 819 1584 animo
829 1574 837 1587 ,
861 1554 894 1584 &
903 1556 1084 1595 cogitatione
1096 1575 1103 1588 2
1116 1556 1212 1587 multa

254 1596 346 1624 etiam
363 1594 493 1637 legendo
511 1594 682 1635 percurrisse
695 1605 700 1623 ε
720 1605 816 1635 neque
835 1605 867 1626 ea
875 1615 883 1629 ,
904 1605 937 1626 ut
946 1597 995 1626 sua
1004 1616 1012 1630 ‚
1032 1596 1191 1636 possedisse
1201 1609 1210 1632 ;

210 1641 213 1643 ’
255 1635 321 1670 sed,
341 1645 373 1667 ut
391 1637 506 1670 aliena,
528 1635 637 1667 libasse¹
670 1639 885 1672 Fateorenim‚
906 1638 1049 1669 callidum
1059 1639 1211 1680 quendam

184 1725 227 1757 51

254 1678 336 1708 hunc
347 1698 355 1711 ‚
369 1678 401 1708 &
412 1678 495 1709 nulla
504 1680 537 1709 in
547 1689 576 1708 re
586 1680 717 1710 tironem
729 1699 737 1712 ‚
751 1689 783 1709 ac
793 1678 899 1710 rudem
911 1700 919 1713 ‚
940 1690 996 1710 nec
1004 1683 1210 1721 peregrinum,

255 1729 341 1760 atque
360 1720 511 1760 hospitem
531 1722 565 1750 in
583 1720 699 1761 agendo
718 1719 775 1751 esse
790 1720 905 1753 debere.
951 1724 1059 1763 Neque
1067 1733 1139 1752 vero
1150 1722 1213 1753 istis

252 1761 404 1803 tragoediis
415 1763 474 1792 tuis
485 1781 493 1794 ‚
504 1762 612 1802 quibus
623 1765 666 1792 uti
676 1763 849 1802 philosophi
859 1764 993 1794 maxime
1006 1765 1113 1799 solent,
1129 1766 1211 1795 Cras-

254 1804 292 1838 se,
304 1803 472 1844 perturbor,
483 1803 566 1844 quod
576 1806 616 1834 ita
625 1803 741 1837 dixisti,
752 1807 910 1835 neminem
920 1804 1002 1845 posse
1012 1816 1117 1836 eorum
1127 1817 1215 1837 men-

252 1848 308 1876 teis
320 1865 327 1879 ‚
339 1847 391 1886 qui
402 1845 539 1876 audirent
551 1866 558 1879 ‚
570 1845 818 1876 autinflammare
828 1846 970 1881 dicendo,
982 1856 1032 1878 aut
1041 1847 1213 1879 inflamma-

253 1895 294 1918 tas
306 1887 486 1928 restinguere
497 1907 505 1921 ,
525 1885 598 1917 cum
609 1898 646 1917 eo
655 1887 790 1918 maxime
801 1890 847 1918 vis
859 1891 985 1919 oratoris
997 1910 1005 1924 ,
1018 1890 1215 1931 magnitudo—

252 1939 311 1970 que
320 1938 455 1960 cernatur
463 1948 471 1963 ‚
484 1926 540 1958 nifi
550 1931 602 1969 qui
612 1939 712 1959 rerum
723 1931 866 1960 omnium
876 1940 1012 1961 naturam
1023 1952 1032 1964 ,
1049 1943 1148 1963 mores
1158 1934 1216 1963 ho—

254 1973 397 2005 minum,
418 1979 504 2011 atque
522 1973 651 2001 rationes
670 1973 791 2010 penitus
810 1972 1010 2011 perspexerit:
1033 1975 1067 2004 in
1078 1984 1138 2015 quo
1148 1975 1216 2015 phi-

254 2014 286 2043 lo
293 2013 392 2052 sophia
402 2011 435 2042 fit
445 2014 555 2042 oratori
565 2011 727 2043 necess'arib
739 2014 946 2053 percipienda:
973 2025 1036 2055 quo
1051 2018 1084 2045 in
1105 2015 1215 2051 studio,

254 2055 420 2085 hominum
438 2064 558 2095 quoque
576 2052 882 2095 ingeniosissimorum
910 2055 1217 2099 otiofiffimoiumque

255 2105 330 2127 totas
351 2103 443 2125 anites
459 2096 599 2126 videmus
618 2094 676 2126 effe
696 2099 855 2127 contritas:
877 2107 1007 2138 quorum
1019 2109 1075 2140 ego
1085 2102 1216 2140 copiam,

255 2137 558 2179 magnitudinemque
585 2139 768 2179 cognitionis
779 2158 787 2171 ‚
817 2147 903 2179 atque
932 2142 1001 2169 artis
1028 2151 1094 2170 non
1120 2140 1217 2171 modo

257 2190 323 2210 non
342 2188 528 2211 contemno,
552 2178 602 2209 sed
620 2181 710 2209 etiam
730 2180 927 2210 vehementer
947 2180 1080 2211 admiror
1099 2193 1104 2210 2
1128 2183 1218 2213 nobis

255 2230 359 2252 tamen
370 2240 378 2254 ‚
393 2220 445 2260 qui
458 2223 491 2250 in
504 2221 562 2250 hoc
571 2221 687 2260 populo
695 2219 823 2261 foroque
842 2221 994 2252 versamur
1004 2242 1013 2256 ,
1037 2224 1103 2253 satis
1123 2223 1165 2253 est
1185 2234 1218 2254 ea

257 2262 293 2293 de
315 2263 452 2292 moribus
472 2263 637 2292 hominum
658 2262 690 2292 &
710 2263 802 2295 scire,
826 2262 859 2292 &
877 2262 995 2297 dicere,
1017 2274 1083 2304 quae
1093 2275 1156 2294 non
1166 2265 1219 2295 ab·

257 2306 381 2335 horrent
398 2304 433 2334 ab
452 2305 618 2334 hominum
638 2304 787 2334 moribus.
820 2306 895 2343 Qis
904 2307 989 2334 enim
999 2315 1145 2347 umquam
1154 2316 1220 2337 ora·

259 2354 306 2377 tor
323 2355 468 2386 magnus,
489 2345 522 2375 &
561 2347 656 2380 ravis,
680 2344 752 2375 cum
771 2347 880 2375 iratum
900 2345 1064 2377 adversario
1080 2348 1217 2387 judicem

260 2387 355 2418 facere
364 2387 473 2421 vellet,
486 2356 629 2417 haesstavit
638 2387 678 2418 ob
689 2397 754 2423 eam
764 2388 880 2418 causam
892 2386 973 2428 quod
986 2389 1129 2423 nesciret,
1147 2389 1219 2430 quid

259 2428 334 2460 esset
353 2429 524 2463 iracundia,
543 2429 685 2460 fervorne
703 2432 815 2460 mentis
827 2450 835 2462 ‚
857 2439 894 2459 an
911 2430 1055 2469 cupiditas
1071 2432 1219 2471 puniendi

261 2471 396 2502 doloris?
419 2472 513 2511 QS,
533 2481 605 2503 cum
625 2480 738 2501 ceteros
748 2474 922 2502 animorum
933 2480 1037 2502 motus
1046 2481 1095 2502 aut
1106 2472 1219 2512 judici-

257 2514 312 2543 bus
325 2533 333 2546 ,
352 2521 400 2544 aut
408 2513 522 2552 populo
532 2512 661 2543 dicendo
672 2513 796 2543 miscere
813 2534 821 2546 ‚
842 2521 927 2554 atque
937 2516 1042 2553 agitare
1053 2515 1163 2548 vellet,
1187 2525 1219 2546 ea

258 2554 357 2587 dixit,
377 2555 663 2594 quaeaphilosophis
681 2554 741 2584 dici
761 2555 858 2586 solent
875 2559 885 2583 ?
907 2558 1076 2596 quipartim
1085 2558 1216 2587 omnino

259 2605 362 2626 motus
372 2604 481 2636 negant
491 2598 523 2625 in
533 2598 644 2626 animis
654 2596 734 2627 ullos
745 2595 802 2626 cfl'e
813 2597 919 2628 debere
929 2617 936 2630 ,
948 2599 1058 2639 quique
1065 2608 1116 2628 eos
1126 2600 1158 2628 in
1166 2599 1216 2638 ju-

260 2638 367 2668 dicum
376 2638 530 2667 mentibus
540 2640 702 2672 concitent,
714 2639 806 2669 scelus
818 2649 868 2669 eos
878 2638 1028 2669 nefarium
1035 2638 1139 2671 facere:
1150 2650 1216 2680 par-

261 2681 316 2710 tim
330 2700 338 2711 ‚
358 2680 408 2719 qui
428 2679 644 2709 tolerabiliores
661 2681 771 2710 volunt
781 2679 839 2711 efl'e
850 2701 858 2715 ,
879 2680 958 2711 &ad
973 2683 1129 2712 veritatem
1145 2684 1214 2712 vitae

258 2720 382 2762 propius
392 2720 526 2750 accedere
537 2741 544 2754 ‚
565 2722 797 2761 permediocreis
809 2743 816 2756 ‚
837 2733 869 2760 ac
886 2721 988 2763 potius
1004 2723 1096 2753 leveis
1114 2733 1216 2754 motus

259 2762 366 2792 debere
382 2760 440 2791 effe
449 2761 562 2792 dicunt.
587 2765 690 2793 Orator
705 2772 804 2794 autem
815 2766 921 2794 omnia
935 2765 1015 2799 haec,
1035 2775 1100 2806 quae
1110 2774 1217 2805 putan-

256 2812 305 2834 tur
315 2806 346 2834 in
357 2806 517 2834 communi
529 2806 597 2834 vitae
609 2806 825 2836 consuetudine
835 2826 843 2840 ,
862 2807 939 2837 mala
949 2827 959 2839 ,
976 2816 1009 2837 ac
1019 2807 1163 2842 molesta,
1184 2808 1216 2838 &

234 2850 240 2855 '
258 2844 399 2886 fugienda
409 2866 418 2880 ,
430 2845 529 2877 multo
539 2847 652 2886 majora
664 2867 674 2881 2
695 2847 728 2878 δε
737 2848 890 2880 acerbiora
900 2848 1000 2881 verbis
1008 2847 1079 2880 facit
1098 2860 1105 2879 ;
1123 2852 1218 2881 Item-

300 2985 309 3002 1
319 2996 324 3001 .
343 2978 598 3010 Qffiquamfcicmnrm
608 2980 698 3006 dicendi
711 2984 774 3013 copia
783 2984 819 3007 eff
828 2982 985 3018 confictum]
1007 2982 1150 3010 Lambinus
1161 3002 1170 3015 ,
1191 2985 1223 3008 il-

259 3014 307 3038 lam
319 3012 443 3045 selemiam
455 3032 463 3044 ,
483 3012 524 3039 scd
536 3023 631 3049 przctci·
643 3016 700 3042 mss.
712 3017 811 3044 nostros
826 3037 834 3050 ,
845 3018 871 3045 in
883 3019 977 3054 quibus
989 3026 1075 3046 tamen
1089 3038 1098 3051 ,
1117 3021 1223 3054 aliquam

209 3082 213 3086 ι
254 3049 356 3081 silentia
367 3049 457 3074 dicendi
467 3053 553 3082 copiam
563 3054 597 3076 cf}
607 3053 749 3085 miseratur.

296 3091 323 3109 2.
345 3087 375 3109 Et
394 3084 509 3110 duodecim
521 3087 642 3121 seriptis]
667 3088 732 3115 Non
743 3089 821 3115 aliter
832 3090 910 3117 ctiam
923 3091 991 3118 Pan.
1003 3091 1094 3119 nostri.
1115 3092 1182 3118 ut&
1194 3091 1220 3119 in

259 3119 310 3158 [uis
324 3128 455 3154 repererat
465 3121 496 3146 Ρ.
507 3121 641 3151 νὶξὶοῐὶυε
653 3143 661 3157 ,
681 3125 842 3162 egregieque
862 3134 953 3156 tuetur
971 3127 1041 3157 libro
1052 3138 1080 3157 v.
1093 3129 1155 3158 Var.
1165 3129 1221 3158 Le·

258 3156 380 3183 ctionum
391 3165 446 3194 cap.
461 3165 505 3191 50.
726 3181 729 3183 >

1233 133 1762 183 C1CERO·N·1s

1239 224 1296 256 que
1307 223 1340 245 ea
1349 234 1362 250 0
1373 224 1438 256 quae
1445 213 1538 257 vulgi)
1548 214 1714 255 expetenda
1722 235 1730 249 ,
1742 222 1829 256 atque
1839 214 1979 256 optabilia
1986 215 2138 254 videntur,
2147 219 2197 252 di.-

1238 256 1335 293 cendo
1345 256 1525 297 amplificat,
1544 265 1630 298 atque
1640 266 1725 287 ornat
1738 277 1747 291 ‚
1766 267 1862 298 neque
1871 259 1937 289 vult
1954 261 1992 290 ita
2003 260 2113 303 fiipi'ens
2121 262 2195 292 inter

1232 297 1334 334 stultos
1351 299 1445 331 videi-i
1458 319 1466 333 ‚
1487 300 1530 329 nti
1543 319 1551 332 ,
1573 300 1624 339 qui
1640 298 1781 333 audiant,
1801 308 1852 330 aut
1868 300 2106 342 illumineptuin
2117 323 2126 337 ,
2145 313 2196 334 aut

1239 341 1410 373 Graeculum
1420 341 1688 381 putentzaut,etiam
1699 339 1720 369 fi
1729 341 1815 373 valde
1824 342 1951 381 probent
1961 345 2118 385 ingenium
2130 355 2198 376 ora-

1239 384 1322 416 toris,
1334 383 1508 423 sapientiam
1518 381 1720 416 admirentur,
1731 383 1758 418 se
1769 381 1827 417 effe
1836 383 1941 415 stultos
1952 385 2080 417 moleste
2089 386 2197 418 ferant:

1242 424 1289 455 scd
1301 426 1339 455 ita
1352 428 1363 452 3
1381 433 1511 465 peragrat
1529 434 1581 464 per
1589 425 1709 455 animos
1718 425 1882 459 hominum
1894 447 1902 460 ‚
1922 428 1962 457 ita
1971 428 2070 458 sensus
2081 449 2089 462 ‚
2109 439 2199 460 men-

1240 466 1351 507 teisque
1369 465 1524 506 peremistat
1542 486 1551 499 ,
1574 473 1607 495 ut
1625 475 1691 496 non
1709 465 1851 497 desideret
1871 468 2122 509 philosophorum
2144 471 2198 501 de-

1241 508 1415 548 scriptiones
1426 528 1434 541 ,
1455 518 1552 551 neque
1569 509 1704 548 exquirat
1713 511 1848 543 oratione
1859 529 1867 542 ‚
1888 511 2044 540 summum
2054 511 2130 542 illud
2140 512 2197 542 bo—

1244 559 1319 579 num
1330 551 1362 579 in
1373 550 1516 580 animone
1528 547 1560 579 fit
1569 569 1578 582 ,
1596 552 1676 580 auin
1686 560 1809 590 corpore
1828 561 1834 580 2
1851 553 1961 582 virtute
1972 572 1980 585 ‚
1999 563 2037 582 an
2046 554 2198 594 voluptate

1243 589 1402 626 definiatur
1418 603 1424 620 z
1444 602 1481 623 an
1493 592 1554 621 haec
1564 594 1641 621 inter
1651 592 1774 632 sejungi
1785 612 1793 625 ‚
1806 593 1997 634 copularique
2007 593 2116 634 possint
2134 605 2139 623 :
2159 605 2200 628 arr

1242 631 1314 665 verb
1326 654 1334 666 ,
1347 642 1379 663 ut
1388 633 1566 674 quibusdam
1574 633 1673 664 visum
1687 653 1695 667 ‚
1707 633 1785 663 nihil
1795 643 1911 664 certum
1922 636 1986 666 seiri
1998 656 2007 669 ,
2018 637 2098 666 nihil
2107 636 2196 677 plane

1241 676 1382 716 cognosci
1393 696 1401 709 ‚
1421 675 1454 705 δε
1463 677 1573 715 percipi
1583 674 1670 714 possit
1682 685 1823 716 :quarum
1833 686 1933 706 rerum
1942 675 2036 708 fateor
2045 688 2202 720 magnam‚.

1243 717 1502 757 multiplicemque
1511 715 1566 747 effe
1577 717 1780 757 disciplinam,
1794 717 1827 748 <Sc
1837 718 1947 749 multas
1959 738 1967 752 ,
1981 721 2131 759 copiosas,
2145 731 2200 751 va-

1243 759 1357 800 riasque
1367 761 1507 789 rationes.
1530 759 1586 789 Sed
1597 758 1678 789 aliud
1688 759 1832 800 quiddam
1844 780 1853 792 ‚
1871 760 1960 801 longe
1976 761 2055 791 aliud
2065 782 2073 796 ‚
2091 761 2202 798 Crasse,

1243 802 1418 841 quaerimus.
1439 809 1526 831 acuto
1535 801 1663 830 homine
1674 800 1763 830 nobis
1778 811 1854 841 opus
1865 801 1907 832 est
1917 823 1925 836 ‚
1946 803 1979 833 δε
1989 812 2091 833 natura
2101 825 2109 837 ,
2129 805 2200 835 usu-

1242 852 1300 883 que
1307 842 1417 872 callido
1428 863 1436 876 ,
1448 844 1500 884 qui
1510 842 1647 884 sagaciter
1654 842 1831 885 pervestiget
1841 863 1848 877 ‚
1859 844 1932 884 quid
1942 844 1986 874 sui
1996 846 2076 875 cives
2086 866 2095 879 ,
2116 847 2198 887 iique

1243 885 1384 914 homines
1395 905 1404 917 ‚
1422 884 1532 925 quibus
1551 884 1664 925 aliquid
1675 883 1803 915 dicendo
1813 886 1984 925 persuadere
2004 886 2079 917 velit
2087 907 2096 921 ,
2116 889 2200 929 cogi-

1243 934 1324 960 tent,
1337 926 1465 956 sentiant
1474 946 1482 960 ,
1494 928 1677 966 opinentur,
1694 926 1876 966 exspeEtent.
1899 931 2015 958 Teneat
2023 938 2142 969 oportet
2151 939 2201 958 ve-
2215 940 2261 971 52

1245 979 1293 997 nas
1305 968 1447 1009 cujusque
1456 970 1585 1009 generis,
1598 970 1703 1002 aetatis,
1713 968 1828 998 ordinis
1839 989 1847 1003 ,
1860 969 1893 999 δε
1903 980 2007 1000 eorum
2016 991 2025 1004 ,
2037 970 2112 1010 apud
2123 981 2201 1011 quos

1244 1009 1357 1050 aliquid
1369 1019 1432 1051 aget
1445 1030 1452 1042 ,
1465 1009 1718 1044 λυπῇ-1136111115,
1731 1012 1870 1044 menteis‚
1883 1011 2041 1052 sensusque
2051 1012 2199 1054 degusten

1245 1052 1498 1092 Philosophorum
1516 1061 1616 1082 autem
1628 1052 1720 1082 libros
1737 1053 1864 1083 reservet
1879 1052 1932 1083 fibi
1945 1053 1980 1083 ad
1989 1054 2204 1093 hujuscemodi}

1245 1093 1407 1124 Tusculani
1417 1095 1550 1134 requiem
1562 1114 1571 1127 ,
1588 1102 1674 1133 atque
1683 1096 1784 1124 otium
1796 1115 1803 1127 ‚
1821 1105 1859 1124 ne
1870 1115 1878 1129 ‚
1898 1094 1918 1124 fi
1928 1095 2048 1136 quando
2059 1098 2086 1125 ei
2098 1095 2201 1127 dicen-

1245 1135 1320 1165 dum
1331 1136 1386 1165 erit
1402 1134 1560 1175 dejustitia
1570 1135 1602 1165 &
1613 1134 1672 1165 fide
1683 1156 1692 1169 ‚
1705 1144 1857 1166 mutuetur
1866 1136 1881 1166 a
1891 1137 2012 1167 Platone
2025 1157 2032 1171 ‚
2044 1139 2097 1178 qui
2107 1158 2115 1170 ‚
2128 1136 2201 1168 cum

1245 1177 1307 1206 haec
1317 1176 1511 1216 exprimenda
1518 1176 1618 1206 verbis
1625 1177 1812 1207 arbitraretur
1820 1197 1828 1211 ,
1840 1188 1943 1207 novam
1953 1178 2101 1219 quandam
2113 1177 2207 1211 finxit

1245 1218 1373 1247 inlibris
1383 1220 1536 1248 civitatem
1558 1228 1563 1246 2
1583 1219 1675 1258 usque
1685 1217 1802 1251 ebssla,
1823 1229 1887 1259 quae
1907 1219 2033 1250 dicenda
2044 1220 2080 1250 de
2090 1220 2203 1258 justitia

1245 1258 1365 1298 putabat
1375 1279 1382 1293 ,
1403 1258 1419 1289 a
1428 1261 1497 1290 vitae
1509 1259 1728 1289 consuetudine
1740 1280 1748 1292 ‚
1768 1260 1801 1290 δε
1811 1259 1828 1290 a
1837 1263 1994 1291 civitatum
2003 1262 2139 1293 moribus
2150 1263 2204 1294 ab·

1246 1301 1416 1331 horrebant.
1441 1300 1532 1342 Qod
1543 1299 1563 1330 si
1574 1311 1606 1331 ea
1614 1301 1808 1341 probarentur
1817 1304 1850 1332 in
1861 1303 1980 1343 populis
1992 1323 2000 1338 ,
2021 1313 2106 1345 atquc
2116 1306 2149 1334 in
2160 1306 2207 1335 ci·

1242 1343 1385 1372 vitatibus
1399 1345 1482 1383 :quis
1500 1343 1555 1372 tibi
1568 1363 1576 1376 ,
1598 1341 1692 1373 Crasse
1707 1364 1714 1377 ,
1732 1342 1912 1375 concessisset
1923 1365 1931 1379 ‚
1943 1344 2102 1376 clarissimo
2120 1348 2201 1380 viro,

1247 1385 1279 1414 δε
1290 1383 1472 1425 amplissimo
1481 1386 1610 1425 principi
1625 1386 1752 1416 civitatis
1763 1406 1771 1419 ‚
1791 1394 1823 1416 ut
1841 1386 1892 1416 illa
1901 1386 2014 1418 diceres
2024 1389 2058 1417 in
2068 1390 2208 1425 maxima,

1246 1428 1392 1457 concione
1403 1435 1526 1457 tuorum
1536 1428 1651 1456 civium
1663 1447 1672 1460 ,
1684 1437 1750 1468 quae
1761 1427 1864 1458 dixisti
1876 1431 1886 1457 ?
1907 1431 2055 1460 Eiui’rrss
2075 1440 2138 1460 Nos
2160 1440 2206 1460 Ex

1248 1478 1405 1499 MISERHS
1417 1489 1426 1502 ‚
1450 1478 1592 1502 enirn-E
1613 1479 1672 1499 nos
1696 1478 1739 1499 ax
1762 1478 1931 1500 FAucmus
1954 1480 2074 1501 EORUM
2087 1492 2096 1505 ,
2122 1481 2206 1512 Qn-

1248 1520 1326 1541 [ΨΜ
1367 1520 1580 1540 οιωυεωτᾼε
1622 1520 1747 1541 NOSTRO
1778 1521 1953 1542 sANGmNE
1983 1522 2051 1543 NON
2082 1524 2205 1544 Pori-:sa-

1248 1561 1397 1582 EXPLERt
1421 1563 1427 1581 2
1451 1562 1578 1582 nom-rr.
1607 1562 1732 1582 sinas-E.
1759 1563 1818 1583 N0s
1850 1563 2015 1592 cU1QAM
2044 1565 2205 1589 sanvriut,

1250 1604 1320 1624 N1s1
1344 1604 1441 1625 v0131s
1463 1603 1646 1624 umvansrs
1659 1615 1667 1627 ,
1692 1604 1817 1635 anms
1840 1605 1881 1625 ET
1903 1606 2062 1628 possmus
2085 1607 2126 1627 m·
2148 1607 2208 1627 DE.-

1250 1646 1369 1666 ssizmus.
1393 1637 1512 1666 Omitto
1521 1636 1653 1666 miserias
1665 1657 1673 1669 ‚
1694 1638 1727 1667 in
1737 1636 1846 1677 quibus
1857 1658 1866 1670 ,
1878 1637 1965 1667 utilli
1973 1639 2057 1678 ajunt
2068 1660 2077 1672 ‚
2088 1640 2136 1669 vir
2144 1638 2210 1669 for-

1250 1680 1286 1708 tis
1297 1676 1355 1708 ess'e
1367 1688 1431 1708 non
1439 1676 1536 1718 potest
1557 1689 1562 1707 :
1582 1680 1694 1707 omitto
1703 1677 1814 1709 fauceis
1826 1700 1834 1712 ‚
1854 1689 1893 1709 ex
1901 1679 2010 1720 quibus
2028 1690 2055 1711 te
2063 1682 2139 1721 eripi
2147 1682 2211 1714 vis,

1254 1730 1292 1751 ne
1300 1721 1311 1760 j
1317 1720 1418 1750 udicio
1428 1721 1535 1760 iniquo
1546 1720 1737 1750 exsorbeatur
1747 1721 1865 1770 sanguis
1876 1730 1943 1751 tuus
1964 1732 1969 1751 1
1990 1722 2072 1763 quod
2084 1723 2208 1762 sapienti

1252 1770 1360 1804 negant
1371 1761 1500 1792 accidere
1508 1759 1590 1802 pofi'e
1611 1772 1616 1790 2
1632 1761 1737 1792 servire
1746 1772 1819 1792 vero
1829 1773 1893 1792 non
1903 1762 1998 1793 modo
2009 1773 2037 1794 te
2049 1784 2057 1797 ,
2076 1764 2125 1794 sed
2137 1766 2208 1794 uni-

1253 1805 1372 1839 versum
1385 1804 1519 1834 senatum
1532 1824 1540 1838 ,
1553 1805 1601 1843 cuj
1607 1813 1638 1833 us
1649 1812 1714 1833 tum
1725 1804 1842 1834 causam
1851 1804 1952 1845 agebas
1961 1825 1970 1839 ,
1988 1806 2074 1836 ausus
2083 1816 2113 1836 es
2126 1806 2211 1837 dice-

1254 1857 1283 1877 re
1294 1848 1305 1875 ?
1315 1845 1454 1877 Potestne
1464 1848 1556 1876 virtus
1567 1865 1575 1879 ,
1598 1844 1694 1876 Crafl'e
1707 1866 1715 1878 ‚
1722 1846 1828 1885 fhrw're
1837 1866 1845 1880 ‚
1858 1846 1920 1876 istis
1930 1846 2100 1877 au&oribus
2111 1867 2119 1881 ‚
2131 1858 2209 1889 quo-

1255 1897 1323 1919 rum
1342 1896 1373 1918 tu
1390 1897 1535 1928 praecepta
1551 1889 1675 1917 oratoris
1690 1886 1827 1917 facultate
1847 1888 2077 1928 complesteris?
2092 1900 2157 1931 quae
2175 1890 2210 1920 &

1256 1932 1372 1970 semper
1382 1949 1390 1963 ,
1404 1930 1435 1959 &
1446 1930 1506 1960 sola
1514 1929 1607 1959 libera
1616 1928 1658 1959 est
1667 1949 1676 1963 ,
1687 1939 1810 1970 quaeque
1821 1939 1933 1960 ETIAM
1947 1951 1954 1963 ,
1967 1929 1987 1959 si
1996 1941 2120 1970 corpora
2127 1940 2211 1971 capta

1255 1971 1311 2002 sint
1320 1973 1412 2002 armis
1422 1991 1430 2006 ‚
1442 1980 1492 2002 aut
1501 1970 1661 2001 constrista
1668 1972 1798 2001 vinculis
1810 1991 1818 2004 ‚
1829 1979 1930 2002 tamen
1939 1972 2027 2002 suum
2034 1973 2083 2012 jus
2094 1993 2104 2007 ‚
2123 1981 2211 2014 atque

1256 2015 1400 2044 omnium
1429 2023 1530 2044 rerum
1558 2014 1740 2053 impunitam
1770 2012 1936 2044 libertatem
1965 2022 2064 2044 tenere
2095 2014 2212 2046 debeat.

1256 2059 1331 2096 Qqae
1341 2053 1414 2086 vero
1424 2054 1563 2086 addidisti
1574 2075 1584 2089 ,
1601 2064 1667 2085 non
1685 2053 1781 2085 modo
1792 2054 1927 2085 senatum
1946 2055 2054 2086 servire
2062 2055 2145 2095 pofl'e
2155 2065 2212 2097 po-,

1256 2099 1329 2139 pulo
1342 2118 1350 2130 ‚
1363 2097 1411 2128 scd
1421 2099 1511 2127 etiam
1522 2097 1630 2127 debere
1639 2117 1648 2130 ,
1670 2098 1736 2137 quis
1746 2097 1806 2126 hoc
1815 2097 2011 2136 philosophus
2023 2105 2084 2127 tam
2095 2098 2213 2131 mollis,

1258 2149 1318 2170 tam
1328 2138 1484 2178 languidus
1497 2159 1507 2171 ‚
1527 2147 1587 2168 tam
1597 2146 1751 2168 enervatus
1763 2157 1770 2170 ‚
1793 2146 1854 2166 tam
1864 2139 1968 2167 omnia
1977 2138 2010 2168 ad
2023 2139 2211 2179 voluptatem

1257 2182 1390 2220 corporis
1400 2198 1409 2212 ,
1421 2179 1619 2220 doloremque
1628 2177 1756 2209 referens
1767 2199 1774 2211 ‚
1793 2179 1916 2218 probare
1925 2178 2020 2219 posset
2037 2183 2047 2209 ?
2069 2183 2213 2212 Senatum

1259 2222 1366 2252 servire
1375 2221 1489 2260 populo
1500 2241 1509 2254 ‚
1521 2223 1569 2257 cui
1578 2220 1707 2260 populus
1718 2221 1779 2260 ipse
1789 2220 1977 2255 moderandi,
1989 2222 2022 2252 &
2033 2223 2154 2264 regendi
2168 2223 2213 2253 sui

1256 2261 1431 2303 potestatem
1443 2282 1452 2295 ,
1463 2260 1541 2303 quasi
1551 2262 1690 2302 quasdam
1703 2262 1830 2292 habenas
1841 2262 2021 2293 tradidisset?
2039 2266 2140 2305 Itaque
2150 2266 2213 2295 haec

1257 2314 1328 2335 cum
1339 2303 1354 2334 a
1375 2311 1402 2334 te
1410 2303 1552 2333 divinitus
1569 2304 1601 2334 &
1611 2314 1666 2345 ego
1686 2303 1764 2334 dieta
1773 2304 1924 2334 arbitrarer
1934 2325 1943 2337 ,
1962 2308 1993 2335 P.
2004 2307 2139 2336 Rutilius
2148 2309 2216 2337 Ru-

1258 2345 1306 2376 fus
1317 2365 1325 2380 ,
1337 2346 1432 2376 homo
1442 2344 1548 2375 (1οᾶ115
1563 2367 1571 2379 ,
1584 2345 1616 2375 &
1628 2346 1824 2386 philosophiae
1837 2345 1955 2376 deditus
1967 2367 1975 2379 ,
1987 2357 2051 2377 non
2060 2348 2156 2378 modo
2164 2358 2216 2388 pa-

1260 2397 1327 2418 rum
1339 2387 1504 2417 commode
1517 2407 1525 2421 ‚
1547 2387 1596 2417 sed
1615 2389 1705 2417 etiam
1725 2390 1849 2427 turpiter
1868 2388 1900 2418 &
1911 2387 2059 2430 flagitiose
2070 2389 2149 2419 dieta
2158 2388 2217 2420 effe

1262 2429 1386 2459 dicebat.
1410 2429 1554 2470 Idemque
1565 2431 1626 2459 Ser.
1639 2429 1763 2459 Galbam
1776 2449 1784 2463 ,
1804 2439 1895 2471 quem
1907 2431 2068 2460 hominem
2087 2435 2103 2459 4
2121 2430 2217 2471 probe

1261 2469 1343 2501 noss'e
1355 2491 1364 2504 ,
1376 2470 1410 2500 &
1419 2469 1663 2501 commeminisse
1677 2472 1704 2501 se
1713 2471 1820 2508 ajebat,
1831 2475 2010 2514 pergraviter
2019 2472 2217 2513 reprehende÷

1260 2523 1291 2543 re
1300 2512 1413 2542 solebat
1425 2533 1433 2545 ‚
1453 2511 1535 2554 qued
1550 2514 1574 2543 is
1589 2533 1597 2545 ‚
1620 2515 1654 2542 L.
1666 2513 1825 2543 Scribonio
1836 2513 2035 2554 quaestionem
2046 2517 2080 2545 in
2090 2525 2162 2545 eum
2171 2513 2218 2544 fe-

1260 2563 1342 2584 rente
1361 2574 1369 2589 ,
1390 2555 1498 2595 populi
1516 2554 1752 2586 misericordiam
1772 2554 1964 2588 concitasset,
1984 2555 2056 2586 cum
2074 2559 2119 2586 M.
2130 2559 2215 2590 Cato,

1263 2596 1365 2626 Galbae
1375 2598 1470 2636 gravis
1481 2616 1489 2630 ,
1509 2606 1598 2637 atquc
1616 2606 1680 2627 acer
1689 2598 1831 2628 inimicus
1843 2618 1852 2631 ,
1870 2596 1968 2637 aspere
1978 2597 2054 2638 apud
2063 2599 2217 2639 populum

1262 2641 1299 2668 R.
1313 2638 1345 2668 &
1356 2640 1551 2668 vehementer
1561 2637 1632 2678 esset
1642 2639 1760 2669 locutus
1774 2650 1779 2668 :
1790 2649 1880 2680 quarn
1891 2640 2061 2670 orationem
2076 2643 2108 2670 in
2118 2641 2218 2681 Origi-

1258 2679 1347 2710 nibus
1371 2681 1389 2710 s
1388 2682 1432 2709 uis
1450 2681 1586 2720 exposuit
1605 2681 1676 2720 ipse.
1720 2680 1967 2720 Reprehendebat
1983 2683 2074 2722 igitur
2089 2681 2218 2712 Galbam

1261 2722 1395 2752 Rutilius
1405 2742 1413 2755 ‚
1425 2722 1507 2763 quod
1518 2724 1543 2752 is
1554 2725 1586 2752 C.
1597 2722 1721 2762 sulpicii
1733 2723 1832 2756 Galli,
1843 2726 2004 2763 propinqui
2015 2723 2060 2753 sui
2069 2723 2220 2764 qupil-

1262 2763 1326 2793 lum
1339 2762 1438 2793 filium
1450 2764 1510 2804 ipse
1521 2763 1605 2804 paene
1616 2766 1650 2793 in
1659 2765 1803 2794 humeros
1813 2765 1880 2794 suos
1891 2763 2057 2798 extulisset,
2071 2767 2122 2805 qui
2131 2763 2221 2805 Patris

1260 2803 1410 2835 clarissimi
1428 2806 1611 2835 recordatione
1620 2825 1629 2839 ,
1648 2806 1680 2836 ὃς
1690 2808 1840 2836 memoria
1856 2804 1962 2836 fletum
1979 2807 2095 2846 populo
2113 2816 2221 2836 move-

1261 2856 1314 2881 ret,
1326 2847 1358 2878 &
1368 2847 1443 2878 duos
1454 2846 1533 2878 filios
1543 2848 1613 2878 suos
1620 2857 1737 2888 parvos,
1749 2847 1847 2879 tutelae
1854 2848 1960 2888 populi
1969 2846 2218 2881 commendasset,

2139 2903 2171 2924 ac
2181 2894 2222 2928 se,

1299 2991 1324 3018 3.
1344 2986 1462 3016 Peragrat
1468 2990 1511 3014 per
1521 2986 1611 3009 animos
1621 2981 1763 3016 hominum]
1776 2981 1921 3008 Lambinus
1934 2979 2066 3016 expunxit
2078 2998 2086 3011 ‚
2092 2986 2137 3013 per
2147 2999 2155 3013 ,
2167 2989 2220 3007 non

1262 3018 1403 3046 necessario
1418 3037 1424 3049 ,
1437 3019 1464 3043 &
1476 3017 1627 3045 nolentibus
1638 3016 1695 3043 mss.
2114 3052 2118 3056 -
2195 3051 2200 3056 Ι

1295 3062 1323 3088 4.
1343 3054 1415 3080 ²²1·on
1433 3055 1528 3086 noffe&
1538 3054 1707 3086 commeminisse
1718 3072 1725 3085 ‚
1736 3052 1804 3086 &ej
1824 3054 1855 3080 In
1868 3052 1934 3079 Pan.
1946 3052 2038 3080 nostris
2051 3062 2102 3079 non
2113 3060 2223 3079 invenio

1258 3092 1316 3125 noffe
1325 3091 1363 3121 &a
1383 3089 1522 3126 abfuitque
1541 3090 1677 3116 chartaceo
1687 3090 1820 3116 Memmii.
1841 3098 1900 3118 nain
1919 3089 1988 3117 alter
2006 3088 2220 3117 membranaceus

1260 3126 1317 3156 heic
1327 3133 1385 3157 erat
1394 3126 1505 3156 mutilus
1518 3145 1527 3162 ,
1537 3133 1569 3156 ut
1578 3126 1606 3154 &
1616 3125 1783 3155 Pithoeanus.

2097 3205 2123 3226 ι.
2141 3193 2220 3231 ἕὶῖἆῃὸ

2229 2272 2275 2307 53
