2295 3400
205 111 301 161 228
644 112 712 161 M.
783 112 1140 162 Tuttxi

1220 115 1747 165 Cinnani-its

144 194 184 221 Η
204 194 405 225 committere·
450 195 543 225 Nunc
552 203 627 242 ego,
646 193 780 229 iudices,
795 195 922 233 ,iamvos
931 192 1162 234 confulmquid
1179 184 1182 229 l
1201 196 1328 232 obrem,
1348 196 1418 228 etim
1431 197 1817 240 equesterordojudicaret,
1841 202 1944 242 annos*
1956 195 2048 237 prope
2069 197 2165 240 quin«

201 238 282 267 mihi
299 235 468 267 faciendum
479 245 596 276 putetis.
620 236 650 266 id
661 238 744 266 enim
756 235 874 266 consilii
884 237 959 266 milii
970 234 1106 276 profeEto
1120 245 1162 266 ta-

202 279 257 308 citi
268 277 373 308 dabitis
384 298 392 311 ,
402 277 484 318 quod
494 286 614 318 egomet
624 278 700 307 milii
711 276 873 308 necessario
882 277 1062 317 capiendum
1073 277 1163 307 intel-

202 319 276 361 ligo.
308 322 338 350 Si
349 328 411 349 utar
420 319 453 349 ad
465 318 626 349 dicendum
642 329 711 348 mco
721 319 859 359 legitimo
869 328 1004 358 tempore
1015 340 1023 352 ‚
1048 320 1110 349 mei
1121 319 1162 349 la-

203 360 289 391 boris
299 381 307 394 ,
322 360 473 391 industriae
483 380 491 393 ‚
504 360 726 401 diligentiaeque
733 363 844 399 capiam
856 359 1005 391 frustum:
1026 362 1058 392 &
1068 370 1106 391 ex
1115 371 1162 391 ac-

203 403 355 433 cusatione
365 400 530 441 perficiam,
543 412 574 431 ut
584 412 676 432 nemo
689 412 830 443 umquam
843 402 909 441 post
921 404 1086 432 hominum
1099 413 1164 432 nie-

203 445 334 473 morimn
345 445 481 483 paratior,
496 444 670 483 vigilantior
680 463 688 476 ,
700 443 894 483 compositior
903 444 1098 483 adjudicium
1113 455 1164 474 ve·

202 484 278 515 nisse
291 485 430 514 videatur.
455 485 510 515 Sed
522 487 553 514 in
564 486 616 514 liic
627 484 712 515 laude
723 485 875 515 industria:
884 496 958 515 mcae
969 506 976 519 ‚
997 495 1057 515 rcus
1067 496 1098 515 ne
1107 485 1164 514 ela-

200 525 297 559 batur,
309 527 464 557 summurn
475 527 641 566 periculum
653 526 704 556 est.
735 527 816 569 Qid
827 527 869 557 est
879 529 967 567 igitur
980 548 987 560 .
1006 527 1088 568 quod
1102 526 1164 557 fieri
1181 554 1183 564 ,

199 566 310 608 poffit?
330 578 393 598 non
404 568 564 598 obscurum
577 589 584 600 ,
597 571 725 608 opinor,
738 579 833 609 neque
842 569 1059 599 absconditum
1091 572 1166 598 Fru-
1181 567 1182 589 l

200 609 287 639 {turn
298 608 390 639 istum
401 609 495 640 laudis
508 631 515 642 ,
528 612 626 650 quiex
636 619 775 650 perpetua
786 612 919 641 oratione
929 613 1039 651 percipi
1053 619 1162 651 potuit,

199 652 234 681 in
243 651 299 681 alia
308 660 444 691 tempora
453 652 636 682 reservemus
649 663 655 681 z
677 662 759 682 nunc
771 653 930 682 hominem
949 651 1049 681 tabuiis
1058 673 1065 685 ‚
1086 650 1161 687 resti-

200 691 253 721 bus
261 703 272 719 .·
288 694 332 732 pri
339 701 408 722 vam
419 714 427 725 ,
441 692 618 734 publicisque
636 694 734 723 linem
745 715 752 727 ,
771 693 1044 736 austoritatibufijus
1053 694 1163 731 arensi*-

200 743 274 762 mm.
306 737 367 765 Res
377 737 480 765 omnis
493 736 568 765 milii
580 745 678 765 tecum
691 737 756 768 erit,
769 735 918 766 Hortensi.
943 736 1038 765 dicam
1050 734 1158 774 aperte·-

198 774 222 806 :si
235 785 263 806 te
275 786 398 807 mecum
411 776 540 807 dicendo
551 797 559 810 ‚
578 787 610 807 ac
620 777 771 807 diluendis
784 778 963 807 criminibus
972 779 1005 806 in
1016 778 1069 806 hac
1079 776 1162 806 causa

197 817 382 848 contendere
391 828 524 858 putarem
537 829 542 847 :
554 829 609 859 ego
619 829 738 860 quoque
750 821 780 848 in
790 818 964 851 accusando,
974 827 1058 858 :itque
1071 828 1100 847 in
1111 827 1164 846 ex—

197 859 346 899 plicandis
355 860 534 890 criminibus
545 871 664 900 operam
675 860 895 891 consumerem.
914 870 1004 892 nunc,
1014 861 1161 899 quoniam

196 910 329 942 pugnare
341 911 444 932 contra
454 912 503 931 me
512 902 676 935 instituisti,
690 912 750 931 non
763 911 821 931 tam
832 912 870 932 ex
879 910 929 931 tiit·
940 910 1050 933 natura,
1071 910 1161 941 quim

197 953 235 972 cx
244 942 323 978 istius
333 951 450 986 tempore
460 964 468 976 ‚
487 944 520 973 SC
529 943 794 977 causaflrialitiose:
814 941 929 973 necesse
940 942 982 972 est
992 942 1160 972 istiusmodi

196 986 309 1014 rationi
318 985 420 1026 aliquo
427 985 554 1015 consilio
564 984 710 1015 obsistere.
731 987 798 1015 Tua
807 987 880 1015 ratio
892 984 942 1018 est,
954 994 987 1014 ut
998 985 1160 1015 secundum

198 1025 291 1056 binos
303 1027 391 1056 ludos
402 1046 410 1060 ,
432 1028 509 1057 mihi
521 1027 698 1066 respondere
710 1028 845 1067 incipias.
869 1037 935 1057 mea
947 1047 954 1060 ‚
977 1035 1009 1056 ut
1022 1035 1089 1056 ante
1100 1028 1161 1065 pri-

199 1076 270 1098 mos
280 1068 367 1098 ludos
377 1069 657 1108 comperendinern.
681 1071 723 1098 Ita
735 1066 800 1102 fiet,
810 1077 843 1098 ut
853 1077 901 1099 tua
911 1068 960 1098 ista
973 1070 1045 1098 ratio
1056 1067 1161 1097 existi-

138 1117 152 1142 1
164 1118 182 1142 2
201 1119 299 1140 metui·
315 1109 428 1145 astuta:
448 1121 551 1139 meum
564 1111 621 1140 hoc
631 1109 791 1140 consilium
803 1130 810 1143 ,
827 1109 1012 1147 neceffizrium.
1046 1109 1160 1139 Verum

201 1151 289 1184 illud,
299 1151 381 1192 quod
394 1151 579 1182 institueram
592 1152 699 1184 dicere,
713 1153 789 1181 mibi
800 1162 861 1181 rem
874 1161 972 1181 tecum
986 1149 1160 1189 ess'e2hujus-

201 1193 290 1223 modi
304 1192 355 1223 est.
381 1196 443 1234 Ego
454 1213 462 1226 ‚
475 1192 546 1223 cum
557 1195 633 1223 hanc
643 1194 758 1223 causam
769 1214 777 1227 2
788 1194 959 1224 Siculorum
970 1202 1069 1233 rog-itu
1082 1203 1160 1222 rece-

198 1233 308 1274 pifi'em
320 1255 328 1268 ‚
342 1234 431 1275 idque
443 1236 518 1265 mihi
529 1236 665 1275 amplum
678 1256 685 1267 ,
706 1236 738 1266 ὃς
749 1236 921 1275 praeclarum
934 1233 1159 1267 existimassem,
1178 1256 1180 1279 2

197 1287 252 1307 eos
261 1277 339 1306 velle
350 1286 424 1306 meae
438 1276 518 1310 fidei,
530 1276 749 1317 diligentiaeque
759 1277 926 1317 periculum
936 1276 1041 1309 facere,
1051 1279 1102 1317 qui
1112 1279 1161 1306 in-

198 1320 360 1351 nocentiae,
372 1317 617 1359 abstinentiaeque
627 1317 776 1349 fecxss‘ent.
794 1329 870 1352 tum,
884 1319 1015 1358 suscepto
1026 1321 1159 1360 negotio,

199 1360 298 1398 majus
309 1361 384 1389 mihi
395 1361 539 1400 quiddam
549 1361 708 1400 proposui,
729 1363 761 1391 in
773 1371 834 1402 quo
843 1370 941 1390 meam
953 1362 984 1390 in
995 1359 1161 1400 rempubli-

198 1411 266 1431 cam
275 1401 462 1432 voluntatem
473 1403 601 1442 populus
613 1405 772 1433 Romanus
783 1403 944 1443 perspicere
955 1401 1055 1442 posset.
1079 1405 1159 1432 Nam

196 1443 276 1473 illud
294 1444 373 1473 milii
391 1453 578 1485 nequaquam
596 1444 723 1486 dignum
743 1443 888 1474 industria
904 1453 1069 1484 conatuque
1090 1454 1160 1474 meo

196 1485 372 1515 videbatur:
395 1485 486 1515 istum
506 1487 521 1516 ii
539 1496 588 1516 me
607 1489 640 1515 in
654 1487 804 1524 judicium
823 1487 881 1524 jam
893 1488 1036 1516 omnium
1044 1486 1160 1524 judicio

197 1526 438 1557 condemnatum
450 1529 560 1561 vocari,
572 1526 625 1557 nisi
634 1527 686 1558 ista
698 1537 745 1558 tua
754 1527 931 1557 intolerabilis
939 1529 1074 1569 porentia,
1087 1528 1119 1557 &
1127 1538 1161 1558 ea

195 1569 344 1608 cupiditas
356 1588 363 1602 ‚
385 1579 442 1609 qua
461 1579 513 1608 per
530 1570 618 1599 hosce
628 1580 724 1599 annos
736 1573 767 1600 in
775 1569 1081 1610 quibusdamjudiciis
1092 1570 1160 1600 usus

195 1619 230 1639 es
242 1631 249 1643 ,
272 1612 364 1640 etiam
381 1612 414 1640 in
424 1609 508 1641 istius
519 1612 654 1641 hominis
665 1611 898 1651 desperaticausa
908 1613 1157 1651 interponeretur.

195 1653 294 1682 Nunc
303 1650 375 1682 vero
388 1671 395 1686 ‚
408 1655 553 1693 quoniam
565 1653 626 1683 haec
635 1662 664 1683 te
674 1655 776 1683 omnis
788 1653 958 1683 dominatio
968 1673 976 1687 ,
990 1663 1159 1694 regnumque

191 1693 369 1733 judiciorum
379 1702 532 1735 tantopere
544 1694 686 1726 delcetat:
709 1695 741 1725 ὃς
751 1696 819 1726 sunt
827 1696 968 1725 homines
979 1715 986 1728 ‚
1003 1705 1079 1736 quos
1090 1696 1159 1725 libi-

194 1734 487 1777 dinis,infamiaeque
497 1737 553 1766 suae
565 1747 661 1777 neque
664 1737 781 1778 predeat,
794 1747 891 1778 neque
902 1741 1009 1766 emeat:
1018 1739 1070 1778 qui
1080 1736 1158 1778 quasi

195 1776 236 1807 de
247 1776 392 1807 industria
401 1788 434 1807 in
444 1778 550 1808 odium
560 1798 569 1812 ‚
589 1777 849 1820 offenfionemque
859 1780 963 1819 populi
974 1782 1108 1810 Romam
1119 1781 1169 1808 ir-—

191 1828 281 1849 ruere
290 1818 448 1849 videantur
460 1830 465 1848 :
483 1821 542 1849 hoc
552 1830 602 1849 me
611 1819 753 1860 profiteor
763 1819 929 1861 suscepisse,
941 1831 1086 1862 magnum
1096 1820 1158 1851 for-

192 1858 266 1890 tasse
276 1870 354 1890 onus
362 1881 370 1894 ,
384 1861 416 1891 δε
427 1862 505 1891 mihi
514 1863 716 1901 periculosum
730 1872 734 1891 :
754 1872 965 1893 verumtamen
975 1863 1112 1903 dignum,
1124 1865 1157 1893 in

191 1910 258 1942 quo
268 1911 376 1932 omnes
387 1912 495 1932 nervos
505 1905 608 1937 aetatis,
620 1903 830 1944 industriaeque
842 1914 916 1935 meae
925 1904 1150 1935 contenderem.

192 1945 350 1983 Qoniam
362 1950 437 1973 torm
447 1945 507 1973 ordo
517 1965 526 1978 ‚
543 1952 696 1986 paucorum
705 1944 884 1988 improbitate
893 1966 901 1980 ‚
921 1946 955 1978 dy
964 1946 1087 1975 audacia
1093 1954 1157 1987 pre-

192 1986 287 2014 mitur
299 2005 306 2018 ,
326 1985 358 2015 δε
369 1987 621 2026 urgeturinfamia
629 1986 815 2026 judiciorum
827 1998 832 2016 :
849 1986 1009 2028 profiteor,
1026 1990 1096 2018 huic
1106 1999 1157 2028 ge-

192 2028 261 2057 :neri
271 2027 434 2057 hominurn
445 2038 495 2058 me
506 2030 668 2059 inimicum
681 2050 690 2063 ‚
700 2030 898 2060 accusatorem
910 2029 1049 2060 odiosum
1061 2050 1069 2064 ‚
1087 2028 1151 2060 affi-

192 2068 291 2099 duum
303 2088 312 2101 ,
329 2068 470 2099 acerbum
479 2070 687 2101 adversarium.
713 2074 781 2101 Hoc
792 2072 870 2102 mihi
883 2072 988 2103 sumo:
1008 2073 1068 2103 hoc
1078 2073 1155 2102 mihi

191 2110 324 2150 deposco
333 2130 342 2145 ‚
362 2111 443 2152 quod
452 2122 537 2152 agam
547 2113 580 2142 in
592 2112 761 2153 magistratu
770 2133 778 2147 ‚
794 2114 876 2154 quod
888 2123 971 2154 agam
982 2124 1020 2144 ex
1028 2124 1063 2144 eo
1076 2115 1152 2148 loco,

191 2162 233 2182 ex
244 2162 305 2193 quo
316 2162 366 2182 me
375 2154 503 2192 populus
514 2153 672 2185 Romanus
682 2164 720 2184 ex
729 2156 796 2185 Kal.
805 2156 875 2195 Jan.
895 2159 904 2174 ¹
917 2156 1017 2186 secum
1027 2166 1109 2197 agere
1119 2156 1155 2186 de

191 2193 300 2234 repub.
310 2204 342 2224 ac
352 2193 388 2224 de
398 2195 576 2225 hominibus
586 2196 734 2236 improbis
744 2197 849 2226 voluit.
874 2197 933 2227 hoc
948 2207 1050 2226 munus
1068 2198 1157 2226 adili-

187 2237 261 2265 tam
271 2245 344 2265 meae
355 2236 469 2276 populo
482 2239 625 2267 Romano
641 2236 856 2278 ampliffimum
869 2258 877 2271 ‚
900 2239 1157 2277 pulcherrimum-

191 2286 252 2317 que
262 2278 414 2317 polliceor.
435 2288 548 2308 moneo
559 2299 566 2312 ‚
577 2279 719 2319 praedico,
729 2279 796 2309 ante
807 2279 967 2313 denuntio,
980 2282 1032 2320 qui
1043 2289 1091 2310 aut
1101 2280 1153 2310 de-

190 2328 306 2358 ponere
318 2340 326 2352 ‚
338 2321 522 2359 autrecipere
531 2340 539 2353 ‚
553 2330 602 2350 aut
611 2323 740 2360 accipere
751 2341 758 2354 ‚
768 2322 962 2361 autpolliceri
971 2341 979 2355 ‚
993 2330 1042 2351 aut
1053 2322 1156 2362 seque-

191 2358 267 2390 stres
279 2381 288 2393 ,
309 2369 358 2391 aut
367 2362 541 2401 interpretes
549 2363 763 2402 corrumpendi
769 2364 779 2401 j
785 2363 876 2393 udicii
886 2363 982 2393 solent
993 2361 1049 2392 effe
1061 2383 1069 2396 ,
1088 2365 1156 2403 qui-

192 2412 252 2442 que
264 2402 298 2432 ad
309 2404 386 2433 lianc
395 2412 460 2432 rem
471 2411 681 2445 :impotentiam
694 2425 701 2437 ,
725 2414 774 2435 aut
783 2405 985 2446 impudentiam
996 2405 1077 2434 suani
1087 2414 1156 2444 pro-

192 2441 259 2473 fcffi
269 2444 336 2474 sunt
346 2465 354 2477 ,
372 2444 539 2475 abstineant
551 2447 581 2474 in
594 2445 774 2484 hocjudicio
786 2456 892 2476 manus
903 2466 911 2479 ‚
932 2446 1109 2486 animosque
1119 2446 1155 2476 ab

132 2495 146 2520 1
162 2496 174 2529 3
196 2486 256 2515 hoc
267 2485 372 2516 scelere
384 2485 508 2517 nefario.
543 2488 605 2517 Erit
615 2496 679 2517 tuni
690 2488 795 2518 consul
808 2487 984 2518 Hortensius
994 2489 1157 2518 cumsum-

195 2536 250 2557 mo
260 2529 401 2566 imperio,
413 2528 446 2558 &
455 2527 609 2568 potestate:
627 2539 682 2570 ego
692 2538 791 2559 autem
804 2529 910 2562 aedilis,
923 2531 982 2559 hoc
991 2528 1042 2562 est,
1053 2530 1155 2569 paullo

192 2569 326 2608 amplius
336 2589 344 2602 ,
364 2569 455 2609 quiim
473 2572 614 2609 privatus.
643 2580 744 2601 tamen
764 2573 825 2602 haec
843 2571 1017 2611 hujusmodi
1036 2581 1080 2601 res
1099 2570 1152 2604 est,

193 2620 287 2651 quam
298 2621 348 2640 me
358 2610 492 2641 asturum
504 2610 561 2641 effe
571 2612 727 2651 polliceor,
740 2615 778 2643 ita
787 2614 902 2653 populo
914 2615 952 2643 R.
962 2621 1040 2653 grata
1049 2633 1057 2645 ⁷
1067 2622 1155 2654 atque

190 2652 327 2693 jucunda
338 2672 347 2684 ‚
367 2661 399 2681 ut
409 2653 468 2691 ipse
481 2655 550 2683 Cos.
562 2655 594 2683 in
605 2655 656 2684 hac
667 2655 750 2685 causa
760 2665 818 2694 prae
831 2665 880 2685 me
890 2657 994 2685 minus
1004 2657 1093 2686 etiam
1105 2674 1113 2688 ‚
1136 2653 1155 2684 fi

195 2691 261 2723 fieri
273 2691 359 2733 poffit
368 2714 375 2726 ‚
393 2693 484 2733 qu‘am
495 2697 625 2734 privatus
637 2694 694 2725 effe
704 2696 846 2727 videatur.
870 2698 974 2727 omnia
986 2706 1049 2726 non
1059 2695 1154 2726 modo

196 2736 528 2769 commemorabuntur,
547 2737 594 2767 scd
605 2739 707 2771 etiam,
719 2737 861 2777 expositis
870 2740 957 2768 coitis
966 2738 1155 2778 rebusfflgen-

195 2784 264 2809 zur,
278 2780 292 2795 ²
303 2786 367 2817 quae
378 2778 455 2806 inter
464 2777 567 2807 decem
578 2788 676 2808 annos
686 2799 694 2812 ‚
706 2779 897 2820 posteaqu‘am
909 2779 1018 2815 judicia
1027 2779 1061 2810 ad
1072 2779 1154 2809 sena—

193 2825 263 2848 tum
274 2818 406 2848 translata
417 2818 484 2848 sunt
493 2839 501 2852 ‚
513 2830 545 2849 in
554 2819 640 2849 rebus
650 2821 699 2858 jud
707 2821 817 2851 itandis
827 2820 951 2854 nefarie,
963 2820 1153 2862 flagitoseque

195 2858 274 2890 faeta
283 2858 360 2890 sunt.
392 2861 558 2902 cognoscet
574 2871 612 2891 ex
632 2871 681 2892 mc
698 2863 828 2903 populus
839 2865 876 2894 R.
888 2863 962 2904 quid
972 2862 1006 2893 sit
1016 2884 1025 2896 ,
1045 2873 1153 2904 quam-

238 2994 262 3012 ι.
281 2990 360 3012 Secum
370 2996 434 3020 agere
443 2987 581 3023 deaepub]
602 2989 669 3014 Pau.
681 2990 772 3024 Cujac.
794 2990 908 3028 denique
926 2992 1010 3019 editio
1031 2992 1156 3019 vetustior

199 3021 279 3049 habet
289 3023 382 3048 habere.

238 3066 266 3083 2.
295 3066 339 3083 ἰιι
347 3061 410 3083 inter
418 3058 492 3084 decem
500 3059 601 3093 annon]
618 3061 659 3086 Ita
668 3062 778 3087 omnino
790 3062 857 3088 Pau.
869 3063 962 3100 Cujai:²
971 3063 1029 3090 mss.
1042 3064 1156 3091 Hotom.

1201 241 1338 280 quaginta
1349 241 1511 270 continuos
1522 260 1530 272 ‚
1547 243 1560 267 3
1574 240 1660 270 nullo
1671 238 1768 277 judice
1779 239 1877 278 equite
1888 239 1925 268 R.
1934 238 2086 275 judicante
2097 260 2105 272 ,
2117 250 2156 272 ne·

1200 279 1368 311 tenuiffima
1399 280 1499 311 uidem
1512 281 1624 319 (aspicia
1633 288 1744 320 accepta
1750 279 1867 321 pecunia
1874 277 1906 307 ob
1916 289 1972 307 rem
1976 279 2161 318 judicandam

1201 322 1359 352 constituta
1378 292 1424 352 sit:
1448 323 1521 363 quid
1540 322 1574 352 sit
1583 343 1591 355 ,
1612 321 1693 364 quod
1713 321 1831 356 iudiciis
1841 320 1876 349 ad
1889 320 2072 351 senatorium
2081 322 2163 354 ordi-

1203 373 1273 393 nem
1288 364 1437 397 transsatis,
1454 364 1622 403 sublataque
1631 363 1736 402 populi
1744 365 1782 392 R.
1794 363 1827 391 in
1840 370 1936 391 unum
1947 372 2095 403 quemque
2105 369 2180 394 no-.'

1204 403 1297 436 strtlm
1316 405 1456 445 potestate
1467 425 1475 438 ‚
1504 405 1684 446 QCalidius
1703 404 1859 433 damnatus
1879 402 1989 433 dixerit
1999 423 2007 436 ,
2033 406 2162 436 minoris

1205 457 1252 477 us.
1266 457 1375 477 xxxm.
1386 448 1557 487 praetorium
1568 448 1727 476 hominem
1740 443 1862 474 honeste
1873 454 1935 474 non
1945 444 2026 484 posse
2035 445 2162 477 dimna—

1202 490 1226 518 ri
1240 499 1245 517 τ
1263 488 1335 528 quid
1347 487 1379 517 sit
1390 509 1397 521 .
1408 487 1489 529 quod
1503 508 1511 522 ‚
1526 491 1558 518 Ρ.
1570 489 1718 527 Septimio
1727 487 1859 517 senatore
1869 485 2021 520 damnato,
2033 490 2163 529 QHor-

1204 539 1230 559 te
1236 529 1298 559 nfio
1316 539 1439 569 praetore
1458 530 1494 559 dc
1510 532 1646 569 pecuniis
1665 527 1836 568 repetundis
1845 547 1853 561 ‚
1875 527 1912 557 lis
1933 527 2073 561 aestimata
2082 528 2116 558 sit
2126 540 2164 559 eo

1206 573 1333 601 nomine
1346 591 1353 604 ,
1364 570 1447 612 quod
1458 571 1509 600 ille
1517 570 1557 600 ob
1566 580 1631 600 rem
1641 569 1828 606 judicandam
1841 589 1850 602 ,
1868 572 2027 608 pecuniam
2037 572 2165 611 accepis-

1201 614 1243 642 set
1255 623 1260 641 1
1272 611 1354 653 quod
1365 615 1397 642 in
1407 616 1438 642 C.
1453 614 1620 645 Herennio,
1632 611 1714 652 quod
1730 613 1762 640 in
1774 613 1806 641 C.
1819 611 2161 650 Popilli0,senatoribus,

1201 657 1254 694 qui
1264 654 1354 684 ambo
1363 654 1513 694 peculatus
1523 653 1654 684 damnati
1666 654 1747 683 sunt:
1766 651 1849 692 quod
1861 655 1892 682 in
1905 654 1948 682 M.
1959 653 2068 684 Attilio
2077 674 2086 687 ‚
2109 656 2163 695 qui

1203 696 1239 725 de
1252 695 1402 733 majestate
1414 696 1570 725 damnatus
1580 695 1631 728 est,
1645 697 1701 725 hoc
1710 694 1833 734 planum
1844 692 1956 724 salitum
1968 693 2011 724 est
2021 715 2029 728 ,
2048 706 2099 725 eos
2109 706 2163 736 pe-

1201 739 1323 766 cuniam
1339 737 1380 767 ob
1398 747 1461 767 rem
1479 737 1671 776 judicandam
1689 734 1831 775 accepisse
1843 746 1848 764 ι
1873 734 1955 775 quod
1966 738 2084 767 inventi
2095 738 2164 768 sunt

1203 779 1352 808 senatores
1362 799 1370 812 ,
1388 781 1440 819 qui
1451 781 1485 809 C.
1498 781 1588 809 Verre
1596 787 1675 817 pi'aet.
1691 777 1805 807 urbano
1816 778 1954 807 sortiente
1964 797 1972 810 ‚
1993 780 2111 809 exirent
2128 781 2162 810 in

1200 830 1271 849 eum
1282 830 1367 850 reum
1378 840 1386 852 ‚
1398 831 1489 860 quem
1501 820 1645 859 incognita
1655 819 1982 859 causticondemnarenc
1994 830 1998 848 z
2018 819 2100 860 quod
2111 822 2161 851 in-

1202 869 1308 891 ventus
1318 861 1360 891 est
1370 860 1494 895 senator,
1505 864 1635 901 quicum
1644 861 1739 900 judex
1747 859 1828 893 effer,
1840 862 1872 889 in
1883 860 2116 900 eodemjudicio
2126 863 2160 893 &c

1179 900 1181 906 '
1201 901 1236 931 ab
1246 914 1286 932 reo
1296 905 1455 942 pecuniam
1466 906 1627 943 acciperet,
1642 913 1733 943 quam
1742 901 1894 941 judicibus
1905 902 2052 933 divideret
2061 923 2070 938 ,
2084 903 2117 933 &
2125 903 2162 933 ab

1199 946 1376 983 <rectiſsimi-e„
1395 954 1429 975 iit
1444 955 1529 975 reum
1548 945 1713 975 damnaret.
1742 945 1810 986 Jam
1824 942 1896 973 vero
1907 945 2160 984 quomodoillam

1202 987 1299 1017 labem
1311 1007 1319 1020 ³
1340 987 1544 1028 ignominiam
1556 1007 1564 1019 ‚
1584 986 1841 1025 calamitatemque
1851 987 1943 1015 totius
1955 986 2071 1016 ordinis
2084 997 2160 1017 con-

1200 1031 1320 1069 querar?
1339 1030 1397 1059 hoc
1406 1028 1519 1059 fabium
1529 1027 1586 1058 esse
1595 1031 1628 1058 in
1640 1028 1693 1057 liae
1701 1030 1819 1058 civitate
1832 1047 1839 1060 ‚
1858 1037 1927 1056 cum
1939 1027 2099 1058 senatorius
2112 1039 2162 1059 or-

1200 1070 1401 1110 dojudicaret‚
1417 1079 1450 1100 ut
1458 1071 1511 1110 difi
1517 1069 1730 1110 oloribmfignu,
1740 1070 1908 1108 juratorum
1918 1070 2082 1100 hominum
2093 1072 2161 1101 sen-

1198 1113 1299 1142 tentiae
1316 1115 1510 1142 notarentur?
1529 1113 1591 1141 hoec
1609 1113 1714 1141 omnia
1733 1121 1784 1141 me
1805 1109 1981 1151 diligenter,
2001 1112 2158 1153 severeque

1199 1153 1337 1184 asturum
1346 1151 1404 1183 else
1414 1153 1569 1193 polliceor.
1614 1155 1683 1194 Qo
1696 1162 1744 1182 me
1754 1151 1876 1183 tandem
1886 1154 1989 1182 animo
1999 1151 2062 1182 fore
2071 1163 2160 1193 pure-

1199 1198 1235 1225 tis
1248 1217 1256 1228 ,
1276 1194 1296 1224 sl
1316 1195 1391 1235 quid
1406 1198 1440 1225 in
1450 1197 1508 1224 hoc
1519 1195 1704 1234 ipsojudicio
1716 1194 1896 1239 intellexero
1906 1192 1997 1224 simili
2005 1195 2103 1235 aliqua
2113 1206 2167 1226 ra-,

1200 1247 1282 1267 tione
1299 1237 1356 1267 eil'e
1375 1237 1541 1270 violatum,
1560 1243 1646 1277 atque
1665 1234 1884 1265 commistum?
1903 1234 1976 1265 cum
1995 1237 2163 1276 praesertim,

1198 1279 1322 1319 planum
1331 1278 1425 1309 facere
1438 1278 1541 1308 multis
1550 1277 1673 1308 testibus
1682 1276 1788 1317 poffim
1798 1297 1807 1311 ‚
1826 1279 1858 1307 C.
1870 1279 1994 1308 Verrem
2004 1279 2037 1307 in
2045 1280 2155 1313 Sicilia,

1178 1325 1180 1336 ¹
1200 1321 1304 1351 multis
1313 1320 1521 1353 audientibus⁷
1543 1320 1616 1359 saepe
1633 1318 1756 1354 dixiss'e,
1778 1322 1819 1350 SE
1836 1327 1973 1349 HARERE
1989 1329 2160 1351 ΗοΜῐΝΕΜ.

1200 1372 1378 1393 POTENTEM
1389 1383 1397 1396 ,
1422 1372 1521 1401 cnjus
1542 1371 1689 1392 mmmm
1707 1370 1926 1392 PRovmciAM
1954 1371 2160 1393 SPOLIARET:

1199 1415 1296 1446 neque
1306 1403 1593 1444 sibisolipecuniam
1606 1413 1754 1444 quaerere,
1775 1404 1823 1434 sed
1843 1405 1884 1433 ita
1901 1405 2067 1433 triennium
2078 1404 2156 1435 illud

1198 1456 1331 1487 praeturae
1341 1445 1499 1477 Siciliensis
1510 1444 1702 1476 distributum
1713 1445 1818 1475 habete
1830 1455 1835 1474 :
1858 1453 1890 1474 ut
1907 1445 2008 1476 secum
2018 1446 2154 1486 praeclai'e

1199 1490 1244 1530 agi
1262 1488 1391 1522 diceret,
1413 1486 1434 1517 si
1453 1490 1541 1518 unius
1550 1489 1621 1517 anni
1632 1487 1778 1528 quaestum
1788 1489 1821 1517 in
1830 1496 1893 1516 rem
1905 1487 1987 1516 suam
1998 1497 2156 1519 converte-

1198 1539 1242 1560 ret
1253 1540 1258 1558 :
1269 1530 1394 1560 alterum
1406 1530 1548 1569 patronis,
1561 1529 1593 1559 &
1603 1528 1810 1558 defensoribus
1819 1529 1878 1559 suis
1889 1528 2022 1559 traderet:
2031 1532 2155 1561 tertium

1199 1572 1288 1602 illum
1299 1571 1486 1602 uberrimum
1497 1591 1505 1605 ‚
1529 1568 1869 1611 quaestuosiffimunique
1878 1579 1993 1600 annum
2002 1579 2099 1601 totum
2110 1573 2157 1610 ju-

1198 1613 1315 1644 dicibus
1335 1613 1502 1643 reservaret.
1533 1615 1580 1643 Ex
1587 1622 1648 1653 quo
1656 1612 1735 1642 mihi
1744 1612 1868 1642 venitin
1877 1620 2012 1642 mentem
2022 1613 2098 1643 illud
2107 1613 2157 1644 di-

1198 1666 1263 1686 cere
1273 1676 1281 1690 ,
1300 1655 1381 1696 quod
1401 1654 1478 1695 apud
1489 1657 1533 1685 M.
1548 1654 1746 1684 Glabrionem
1757 1663 1851 1694 nuper
1859 1652 1930 1684 cum
1942 1655 1974 1684 in
1982 1655 2154 1693 rejiciendis

1195 1698 1346 1737 judicibus
1364 1695 1648 1727 commemoraflem
1660 1717 1669 1729 ,
1689 1696 1827 1726 intellexi
1846 1695 2040 1726 vehementer
2055 1706 2154 1736 popu-

1198 1741 1263 1769 lum
1274 1741 1313 1770 R.
1326 1740 1516 1769 commoveri
1530 1748 1535 1767 :
1555 1748 1605 1768 me
1615 1738 1747 1768 arbitrari
1756 1758 1765 1772 ,
1774 1737 1839 1768 fore
1850 1739 1914 1771 ,uti
1923 1739 2060 1768 nationes
2070 1747 2155 1770 exte-

1197 1792 1235 1812 rae
1245 1781 1355 1822 legatos
1366 1780 1400 1811 ad
1411 1781 1559 1821 populum
1569 1782 1607 1810 R.
1621 1781 1790 1814 mitterent,
1811 1787 1846 1808 ut
1862 1779 1909 1807 lex
1917 1779 1948 1807 de
1951 1781 2073 1821 pecuniis
2080 1788 2161 1822 repe-¹

1197 1823 1298 1856 tundis,
1306 1822 1506 1864 judiciumque
1515 1822 1661 1851 tolleretur.
1680 1820 1700 1851 si
1710 1823 1792 1851 enim
1800 1820 1914 1862 judicia
1922 1822 2005 1852 nulla
2013 1820 2079 1856 fint,
2088 1831 2156 1853 tan·

1197 1874 1263 1895 tum
1273 1874 1523 1905 unumquemque
1532 1863 1698 1894 ablaturum
1717 1871 1840 1903 putant,
1861 1871 2011 1903 quantum
2028 1862 2080 1894 fibi
2091 1884 2100 1898 ‚
2121 1874 2158 1903 ac

1194 1911 1212 1934 4
1221 1907 1323 1936 liberis
1335 1907 1394 1937 suis
1404 1906 1472 1936 satis
1481 1904 1538 1936 effe
1548 1905 1768 1935 arbitrarentur.
1792 1914 1873 1935 nunc
1881 1924 1890 1938 ‚
1909 1903 1991 1945 quod
2002 1906 2158 1945 ejusmodi„

1194 1948 1309 1989 judicia
1317 1947 1384 1981 sint,
1399 1956 1518 1978 tantum
1530 1956 1780 1987 unumquemque
1788 1946 1902 1976 auferre
1912 1966 1920 1979 ‚
1932 1956 2078 1987 quantum
2088 1946 2161 1983 fibi*

1198 1991 1343 2030 pat1·oni5‚
1353 1989 1514 2023 advocatis,
1524 1989 1710 2029 praetoribus,
1719 1988 1872 2029 judicibus
1882 1989 1950 2018 satis
1960 1987 2097 2020 futurum
2109 1988 2153 2021 sit.

1198 2034 1266 2063 Hoc
1278 2030 1416 2072 profefito
1425 2030 1583 2062 infinitum
1595 2029 1662 2061 effe.
1686 2031 1715 2061 se
1724 2028 1881 2062 avarissimi
1891 2031 2026 2061 hominis
2036 2031 2156 2072 cupidi-

1196 2076 1247 2105 tati
1267 2073 1430 2105 satisfacere
1443 2072 1525 2115 posle
1535 2094 1544 2108 ,
1566 2071 1781 2104 nocentiffimae
1791 2072 1927 2103 νίθῑοτίεε
1937 2082 2000 2102 non
2009 2072 2103 2113 posse.
2127 2076 2155 2104 Ο

1197 2116 1466 2147 commemoranda
1488 2115 1602 2155 judicia
1611 2135 1619 2148 ‚
1643 2115 1872 2155 praeclaramque
1894 2113 2158 2153 existimationem,

1196 2157 1289 2188 nostri
1299 2158 1430 2191 ordinis,
1444 2156 1516 2187 cum
1529 2157 1602 2187 socii
1611 2157 1717 2196 populi
1727 2159 1821 2186 Rom.
1830 2155 1941 2195 judicia
1951 2176 1959 2189 ‚
1973 2155 2008 2186 de
2016 2159 2157 2196 pecuniis

1196 2199 1369 2239 repetundis
1380 2198 1444 2229 fieri
1454 2199 1565 2236 nolunt
1576 2219 1584 2232 ‚
1603 2208 1669 2238 quae
1679 2198 1694 2228 a
1705 2197 1868 2237 majoribus
1879 2197 1985 2228 nostris
2001 2199 2155 2230 sociorum

1195 2242 1278 2270 causa
1288 2249 1454 2280 comparata
1465 2241 1532 2270 sunt
1544 2250 1549 2268 2
1568 2243 1617 2269 An
1634 2239 1687 2269 iste
1705 2249 1851 2280 uniquam
1869 2239 1905 2269 de
1924 2239 1952 2269 se
1970 2238 2068 2269 bonam
2078 2240 2156 2280 spem

1197 2281 1354 2316 habuisset,
1366 2280 1420 2311 nisi
1431 2281 1468 2311 de
1477 2281 1562 2312 vobis
1573 2281 1679 2310 malam
1689 2282 1841 2321 opimonem
1854 2282 1959 2312 animo
1967 2281 2156 2313 imbibiss'et?

1198 2326 1268 2363 Qo
1278 2325 1390 2359 maiore
1401 2325 1502 2356 ctiam,
1518 2322 1538 2352 fi
1548 2321 1611 2352 fieri
1623 2322 1719 2363 potest
1728 2343 1736 2356 ‚
1756 2322 1832 2362 apud
1843 2333 1897 2352 vos
1907 2323 1980 2353 odio
1989 2322 2047 2354 ess'e
2055 2323 2154 2359 debet,

1198 2366 1289 2405 quarn
1300 2364 1342 2395 est
1351 2365 1427 2404 apud
1436 2365 1584 2405 populum
1596 2367 1785 2397 Romanum,
1800 2363 1871 2395 cum
1882 2366 1913 2394 in
1923 2366 2052 2400 avaritia,
2064 2366 2154 2397 scele-

1198 2417 1245 2439 re,
1266 2406 1397 2446 perjurio
1412 2416 1466 2436 vos
1477 2407 1527 2446 fm'
1538 2406 1650 2447 fimileu
1659 2405 1716 2436 ess'e
1724 2406 1891 2436 arbitretur.
1935 2409 1991 2437 Cui
2001 2407 2068 2438 loco
2079 2428 2087 2442 ‚
2103 2417 2156 2448 per

1197 2448 1269 2478 deos
1281 2449 1490 2482 immortaleis,
1497 2450 1623 2487 judices,
1634 2448 1792 2481 consulite,
1803 2458 1836 2478 ac
1842 2449 2007 2488 providete.
2028 2459 2155 2483 moneo,

1196 2489 1385 2530 praedicoque
1404 2490 1434 2521 id
1445 2510 1453 2524 ,
1470 2490 1551 2530 quod
1572 2490 1710 2536 intelligo
1721 2510 1730 2524 ‚
1754 2499 1871 2530 tempus
1888 2490 2156 2530 oportuniffimum

1198 2532 1285 2561 vobis
1296 2533 1355 2561 hoc
1363 2531 1510 2562 divinitus
1521 2532 1624 2562 datum
1635 2531 1692 2562 esse
1703 2552 1712 2566 ‚
1731 2540 1763 2562 ut
1771 2531 1843 2562 odio
1855 2553 1864 2565 ‚
1877 2533 1991 2562 invidia
1999 2553 2009 2566 ,
2019 2532 2155 2567 infamia,

1199 2573 1383 2613 turpitudine
1399 2582 1498 2603 totum
1513 2573 1652 2604 ordinem
1661 2573 1803 2603 liberetis.
1838 2576 1869 2604 N
1873 2573 1931 2604 ulla
1941 2576 1974 2604 in
1980 2574 2104 2613 judiciis
2112 2576 2156 2605 se-

1198 2617 1304 2644 veritas
1317 2636 1325 2648 ‚
1345 2615 1427 2645 nulla
1437 2615 1543 2656 religio
1555 2635 1566 2649 ‚
1577 2615 1659 2645 nulla
1667 2614 1799 2656 denique
1804 2615 1866 2654 jam
1878 2615 2088 2647 existimantur
2096 2615 2155 2647 efle

1199 2656 1315 2691 judicia.
1346 2659 1448 2697 Itaque
1459 2656 1473 2687 ὲ
1483 2657 1599 2697 populo
1607 2659 1751 2687 Romano
1760 2659 1987 2688 contemnimur
1996 2678 2004 2691 ‚
2029 2657 2156 2698 despici-

1199 2708 1281 2727 mur:
1301 2700 1380 2739 gravi
1392 2718 1401 2732 ‚
1419 2699 1618 2740 diuturnaque
1633 2699 1696 2738 jam
1715 2696 1872 2740 flagramus
1885 2697 2022 2730 infamia.
2047 2701 2156 2740 Neque

1196 2742 1281 2771 enini
1301 2740 1394 2770 ullam
1410 2741 1500 2770 aliam
1520 2740 1561 2770 ob
1579 2740 1693 2770 caulam
1710 2740 1838 2780 populus
1853 2742 2012 2771 Romanus
2026 2741 2156 2771 tribuni-

1197 2781 1269 2810 tiam
1282 2781 1457 2821 potestatem
1469 2790 1552 2812 tanto
1562 2780 1660 2811 studio
1668 2780 1836 2822 requifivit:
1857 2791 1948 2822 quam
1966 2781 2037 2813 cum
2050 2783 2155 2822 posce—

1197 2823 1246 2853 bat
1255 2843 1263 2856 ,
1274 2823 1367 2853 verbo
1377 2823 1460 2852 illam
1470 2824 1589 2863 poscere
1596 2823 1769 2857 videbatur,
1787 2833 1817 2853 re
1829 2833 1895 2853 vera
1898 2824 2010 2862 judicia
2017 2822 2152 2865 pofiebat.

1196 2866 1305 2905 Neque
1316 2865 1575 2905 hocQCatulum
1585 2884 1595 2899 ,
1611 2865 1773 2895 hominem
1782 2863 2028 2906 sapientiffimum
2040 2886 2048 2900 ‚
2068 2875 2156 2907 atque

2031 2908 2156 2948 amplis-

1240 3000 1266 3032 3..
1287 2996 1354 3019 Nullo
1355 2994 1437 3027 judice
1446 2997 1518 3028 equire
1529 2998 1593 3021 Rom.
1602 2996 1669 3029 &ej
1683 2997 1852 3024 Hotomanus
1863 2998 1952 3024 invitis
1964 2997 2036 3024 libris
2047 2998 2114 3033 legit
2122 2997 2156 3025 de

1203 3027 1472 3064 cotiJeStiirajoaiinis
1482 3030 1604 3061 Lucauii,
1615 3031 1671 3057 casu
1684 3032 1769 3064 resto,
1779 3035 1844 3059 nulla
1852 3035 1902 3065 &a
1913 3033 1985 3060 sensu
1995 3036 2114 3069 egregio.

1236 3072 1264 3096 4.
1284 3066 1429 3099 Ᾱὶόεζὲσβιὶς
1438 3068 1644 3101 arbim-arentium]
1668 3067 1710 3094 12st
1721 3069 1735 3094 a
1746 3068 1900 3095 Victoriana
1910 3087 1918 3100 ‚
1938 3069 2088 3105 placuitque
2099 3070 2153 3096 C:-

199 3093 337 3129 editioque
349 3094 413 3123 Aldi
423 3096 526 3123 Veteris
538 3114 547 3132 ,
566 3097 754 3137 nafis-§unieris
766 3116 774 3132 ,
784 3101 852 3125 intra
862 3117 872 3132 ,
881 3099 961 3128 euasi)
971 3107 1063 3129 contra
1073 3100 1155 3138 ipsum
1200 3100 1323 3127 nierario.
1343 3100 1518 3140 alluduntque
1528 3101 1595 3131 l'all.
1606 3104 1632 3130 ὃς
1645 3101 1688 3131 cd.
1700 3110 1752 3132 vet.
1770 3104 1796 3133 iii
1809 3104 1903 3141 quibus
1912 3106 2072 3134 arbitrentur.
2092 3106 2152 3132 vul-

204 3129 299 3158 Asconii
304 3140 316 3156 :i
321 3139 346 3157 in
352 3150 357 3157 .

1196 3143 1259 3172 gata
1269 3155 1280 3172 ‚
1288 3138 1430 3165 arbitretur.

2041 3185 2054 3205 ι
2061 3195 2067 3203 .
2076 3179 2150 3203 vnum

2178 1156 2221 1190 14

2174 2420 2216 2452 15
