2295 3400
633 111 701 159 M.
773 109 1130 158 TULL11

518 241 1128 298 ACTIONIS

209 124 305 174 230

359 447 485 534 C.

204 789 290 902 P
307 790 421 906 R
447 791 576 900 AE
605 792 611 823 ¹
650 798 670 904 Ι
709 791 713 822 “
737 788 867 903 U
891 791 1004 903 R
1033 783 1163 903 A

321 1116 337 1124 «.
346 1104 359 1118 ³
376 1106 425 1136 <aaa
438 1104 449 1118 ν
472 1097 496 1127 Ε
509 1102 535 1124 Μ
548 1103 559 1124 1
572 1103 594 1124 N
605 1103 624 1124 E
635 1102 660 1124 Μ
678 1091 812 1124 vestrum
825 1093 960 1134 ignorare
971 1089 1108 1123 arbitror,
1117 1089 1167 1130 ju-

240 1140 245 1145 *
298 1137 320 1171 ”,
344 1150 370 1183 *3
384 1146 397 1198 J
420 1132 457 1158 ’Ψ
471 1138 551 1168 dices
560 1155 569 1170 ,
595 1137 675 1166 hunc
684 1146 736 1176 per
745 1136 834 1166 hosce
843 1135 906 1165 dies
917 1134 1090 1163 sermonem
1099 1132 1169 1162 vul-

222 1192 234 1216 t«,
249 1214 252 1219 .
319 1160 398 1230 ’ἢῆ
418 1138 448 1250 ᾧ
471 1182 518 1221 gi,
542 1187 628 1219 atque
639 1179 715 1208 hanc
726 1178 906 1218 opinionem
916 1174 1021 1214 populi
1032 1175 1169 1204 Romani

281 1228 285 1231 “
309 1239 316 1256 ,π
369 1225 398 1260 '³4
420 1219 450 1258 73·
470 1218 557 1253 fuiss‘e
568 1241 577 1255 ‚
595 1223 627 1250 C.
639 1223 764 1250 Verrem
773 1219 862 1249 altera
871 1217 990 1248 actione
1008 1220 1017 1235 ¹
1030 1216 1169 1255 responsu-

320 1292 333 1301 ,Δ
418 1258 450 1304 'ji
472 1273 536 1293 rum
546 1273 596 1292 non
607 1261 665 1300 effi,
678 1271 774 1302 neque
784 1260 819 1291 ad
827 1260 979 1300 judicium
989 1256 1166 1289 affuturum.

318 1342 330 1344 q
367 1312 387 1331 *i
472 1309 547 1348 Qae
563 1303 643 1334 fama
661 1314 725 1334 non
745 1301 858 1333 idcirco
879 1300 981 1332 solum
1006 1309 1166 1334 emanarat,

474 1346 559 1389 quod
577 1346 631 1377 iste
645 1344 725 1376 certe
743 1344 880 1375 statuerat
890 1363 898 1378 ‚
915 1353 948 1374 ac
958 1342 1170 1372 deliberaverat

202 1402 268 1423 non
275 1391 372 1424 adeffe
382 1403 395 1422 :-
407 1390 516 1421 verum
528 1390 618 1420 etiam
630 1409 638 1422 ,
653 1386 736 1429 quod
746 1396 839 1417 nemo
848 1394 1032 1427 quemquam
1044 1392 1103 1414 tam
1114 1393 1165 1413 au-

201 1435 307 1465 dacem
318 1454 326 1469 ,
340 1443 401 1465 tam
411 1441 564 1464 amentem
576 1451 584 1464 ,
597 1440 657 1461 tam
668 1428 879 1470 impudentem
888 1426 952 1457 fore
961 1426 1164 1458 arbitrabatur,

202 1479 255 1518 qui
264 1486 325 1506 tam
334 1474 454 1507 nefariis
464 1473 645 1505 criminibus
655 1492 663 1506 ‚
684 1480 746 1502 tarn
765 1470 869 1501 multis
886 1468 1009 1500 testibus
1019 1471 1033 1487 ²
1044 1466 1165 1501 emerus,

201 1528 251 1549 ora
262 1518 396 1558 judicum
414 1515 566 1557 adspicere3
584 1523 633 1545 aut
644 1524 677 1545 os
689 1514 776 1544 suum
787 1512 900 1554 populo
912 1513 1056 1541 Romano
1067 1509 1168 1539 osten-

203 1561 273 1591 dere
282 1560 410 1591 auderet.
435 1558 577 1589 Estidem
587 1559 693 1587 Verres
704 1576 713 1590 ‚
723 1557 776 1597 qui
785 1554 844 1585 fuit
853 1554 969 1593 semper
980 1564 989 1588 3
1005 1555 1017 1579 ³
1030 1560 1062 1582 ut
1071 1551 1106 1582 ad
1117 1561 1168 1581 au-

202 1602 340 1633 dendum
359 1601 422 1642 proi
427 1600 509 1631 estus
519 1620 528 1634 ‚
551 1597 589 1629 sic
598 1606 713 1639 paratus
722 1597 756 1627 ad
766 1595 962 1627 audiendum.
989 1592 1096 1634 praesto
1107 1592 1150 1623 est
1161 1604 1166 1622 ;

201 1644 362 1684 respondet
373 1654 379 1673 2
397 1642 578 1673 defenditur.
599 1651 638 1671 ne
648 1641 707 1670 hoc
717 1638 841 1681 quidem
852 1637 905 1667 fibi
916 1637 1024 1678 reliqui
1034 1635 1103 1667 facit
1113 1655 1121 1670 ‚
1132 1644 1165 1665 ut

201 1688 237 1717 in
246 1686 334 1716 rebus
343 1683 517 1725 turpissimis
529 1703 536 1718 ‚
556 1682 628 1713 cum
639 1679 800 1712 manifesto
810 1688 945 1711 teneatur
954 1699 962 1713 ,
981 1683 999 1706 4
1009 1677 1030 1708 fi
1038 1680 1166 1711 reticeat,

202 1729 239 1759 ὃ(
248 1726 320 1758 abfit
328 1747 338 1762 ‚
357 1736 460 1758 tamen
478 1724 714 1767 impudentiaesuae
720 1724 868 1764 pudentem
877 1722 988 1751 exitum
996 1719 1112 1762 quaefiffe
1121 1720 1168 1749 vi-

202 1770 315 1800 deatur.
349 1770 447 1800 Patior
457 1788 465 1802 ,
479 1768 597 1809 judices
606 1787 614 1801 ‚
636 1767 669 1797 &
678 1775 743 1797 non
753 1763 880 1795 moleste
891 1763 955 1794 fero
965 1784 974 1797 ,
996 1773 1045 1793 me
1058 1763 1168 1792 laboris

202 1814 277 1845 mei,
287 1821 344 1842 vos
351 1812 470 1842 virtutis
478 1808 582 1840 vestrae
589 1807 722 1839 fru&um
733 1805 792 1837 esse
801 1807 921 1837 laturos.
946 1808 1028 1836 Nam
1039 1803 1059 1834 si
1073 1803 1128 1835 iste
1137 1803 1167 1834 id

202 1852 317 1884 fecisset
326 1873 334 1887 ‚
355 1852 437 1894 quod
447 1849 548 1893 primo
560 1850 696 1882 statuerat
705 1870 714 1884 ,
733 1858 837 1880 utnon
846 1846 954 1878 adesset
965 1858 971 1877 t
990 1848 1095 1877 minus
1114 1847 1168 1876 ali-

202 1905 315 1936 quanto
327 1916 336 1929 ,
348 1895 440 1936 quam
450 1895 529 1924 mihi
540 1902 616 1933 opus
625 1890 696 1922 efl'et
705 1912 714 1926 ‚
725 1891 952 1932 cognosceretur
962 1910 971 1923 ,
983 1889 1056 1930 quid
1068 1898 1123 1929 ego
1134 1890 1166 1918 in

201 1940 258 1968 hac
267 1939 454 1968 accusatione
463 1934 671 1975 comparanda,
680 1931 947 1972 constituendaque
956 1930 1147 1962 elaborass'em
1160 1940 1165 1959 :

201 1978 298 2010 vestra
307 1978 380 2010 verb
391 1979 468 2012 laus,
479 1979 577 2009 tenuis
586 1976 673 2018 plane
685 1985 772 2017 atque
787 1975 912 2005 obscum
922 1993 930 2008 ‚
939 1974 949 2013 j
954 1973 1054 2004 udices
1065 1992 1073 2007 ‚
1085 1971 1166 2012 effet-

204 2025 313 2063 Neque
323 2023 408 2051 enim
420 2021 477 2051 hoc
486 2019 502 2051 a
512 2019 599 2050 vobis
608 2018 738 2059 populus
753 2020 911 2048 Romanus
927 2014 1077 2056 exspeemt
1088 2025 1093 2044 :
1112 2025 1167 2045 ne-

203 2074 262 2105 que
272 2073 308 2094 eo
318 2062 416 2104 potest
424 2061 483 2093 ess‘e
491 2070 651 2093 contentus
662 2081 670 2095 ‚
693 2059 714 2090 si
723 2059 944 2090 condemnatus
954 2056 987 2088 fit
996 2060 1021 2088 is
1030 2077 1039 2092 ‚
1051 2059 1103 2099 qui
1114 2056 1166 2088 ad-

205 2104 264 2136 css'e
274 2107 420 2135 noluerit:
433 2105 465 2135 ὃς
476 2103 497 2133 fi
505 2103 596 2134 fortes
604 2102 723 2133 fueritis
733 2104 765 2131 in
774 2111 820 2135 eo,
830 2110 922 2142 quem
933 2110 1030 2130 nemo
1039 2098 1073 2130 sit
1081 2100 1166 2130 ausus

205 2146 376 2178 defendere.
401 2145 501 2176 immo
511 2144 584 2176 verb
593 2144 676 2178 adsit,
688 2143 878 2183 respondeat:
898 2143 1027 2172 summis
1045 2141 1164 2181 opibus,

206 2191 329 2219 summo
357 2187 458 2219 studio
483 2185 759 2228 potentissimorum
784 2186 949 2215 hominum
969 2183 1146 2214 defendatur
1160 2193 1165 2211 ;

205 2240 298 2261 certet
306 2240 374 2260 mea
383 2230 539 2270 diligentia
547 2239 618 2259 cum
627 2229 752 2258 illorum
763 2228 907 2257 omnium
917 2225 1078 2265 cupiditate
1091 2235 1096 2253 :
1112 2235 1166 2255 ve-

206 2273 262 2303 stra
283 2273 431 2313 integritas
450 2281 520 2302 cum
533 2270 617 2300 istius
632 2270 767 2312 pecunia:
787 2267 909 2298 testium
918 2266 1085 2298 constantia
1094 2275 1166 2296 cum

203 2316 287 2344 illius
298 2323 492 2354 patronorum
503 2314 596 2342 minis
607 2332 615 2346 ‚
633 2321 719 2352 atque
728 2312 870 2351 potentia.
902 2318 968 2339 tum
979 2308 1104 2338 demum
1116 2308 1168 2338 illa

207 2356 287 2387 vic‘ta
295 2356 489 2389 videbuntur,
501 2354 574 2384 cum
583 2356 616 2383 in
626 2354 858 2384 contentionem
868 2371 876 2385 ‚
894 2359 1105 2391 certamenque
1116 2359 1168 2379 ve-

209 2401 318 2428 nerint.
344 2402 356 2425 5
367 2397 482 2428 Absens
501 2394 522 2425 sl
539 2395 593 2426 iste
609 2394 681 2426 effet
696 2394 870 2427 damnatus,
889 2402 953 2423 non
973 2401 1031 2422 tam
1043 2392 1104 2432 ipse
1115 2389 1167 2421 s1bi

170 2451 188 2474 ς,
209 2439 391 2471 consulniss'e
401 2459 409 2474 ,
420 2439 511 2480 quam
521 2436 660 2468 invidifl'e
669 2436 771 2468 vestra:
783 2436 864 2466 laudi
874 2435 1031 2465 videretur.
1076 2431 1092 2453 ⁶
1103 2436 1168 2463 Ne-

207 2493 265 2523 que
283 2484 366 2511 enirn
387 2482 462 2512 salus
480 2480 540 2510 ulla
550 2479 721 2520 reipublicae
734 2479 830 2518 major
839 2479 895 2507 hoc
905 2485 1038 2517 tempore
1047 2477 1166 2515 reperiri

207 2523 304 2565 potest
314 2544 322 2557 ‚
343 2524 435 2565 quam
445 2523 593 2564 populum
605 2522 783 2552 Romanum
795 2520 962 2561 intelligere
973 2538 982 2553 ‚
1009 2518 1169 2559 diligenter

211 2647 234 2665 ι.
356 2635 512 2669 Esponsurum
521 2644 565 2661 non
576 2635 641 2669 effla]
653 2633 885 2666 X'icfforius‚‚tiziffl.
904 2631 974 2669 quod
987 2632 1013 2658 ὅτ
1024 2630 1103 2658 secuti
1114 2630 1171 2657 sinit

249 2639 346 2724 R
360 2673 404 2698 ulii
418 2683 423 2698 :
446 2671 487 2698 sed
497 2672 610 2698 alterum
623 2670 712 2697 vilitur
724 2670 751 2697 iu
765 2670 861 2697 Pallan.
881 2669 906 2696 iu
918 2669 1010 2703 Cujac.
1029 2668 1056 2695 iu
1076 2668 1169 2694 exole-

359 2710 393 2735 tis
404 2707 466 2734 edd.

244 2755 273 2772 ι..
293 2745 420 2779 livit-7115]
433 2744 578 2771 Lambinus
590 2745 710 2770 con-viHm
722 2763 729 2776 ‚
742 2743 768 2770 δε
781 2743 818 2770 ita
827 2749 883 2770 erat
894 2742 920 2768 in
932 2741 1024 2776 Cujac.
1036 2749 1083 2768 nec
1094 2739 1168 2766 vide-

210 2791 254 2809 tur
265 2781 431 2808 mutandum.

247 2827 273 2846 2.
295 2821 322 2843 Ut
332 2819 365 2843 ad
374 2817 506 2843 amandum
521 2818 637 2850 prochur
650 2835 656 2847 ,
670 2817 705 2849 fic
717 2821 822 2849 paratus
832 2815 866 2840 ad
873 2811 1041 2847 audiendum]
1066 2811 1167 2841 Cuiacii

210 2848 277 2880 liber
289 2864 339 2880 uon
352 2853 467 2889 agnostit
480 2862 569 2878 vocem
578 2860 684 2886 paratus
695 2872 703 2885 ,
713 2853 740 2878 8<
754 2851 858 2878 ridetur
869 2850 926 2876 sane
937 2848 1019 2876 abesse
1028 2848 1099 2886 posse
1112 2868 1121 2880 ,
1140 2856 1169 2875 ut

210 2890 555 2924 itrliiiitcllfigaturprojet‘lm.

247 2935 274 2958 4.
302 2930 339 2951 St:
349 2929 444 2950 retici-nt
453 2926 482 2955 (ly
491 2924 574 2958 abste]
595 2922 716 2950 Lambini
728 2922 857 2951 editiones
868 2922 971 2957 aliquot
982 2940 990 2953 ,
1004 2922 1038 2955 fic
1058 2924 1168 2946 rctincar.
1192 2935 1194 2942 ·

210 2962 243 2998 spl
258 2962 352 2988 ilmate
363 2960 435 2987 fredo
447 2961 657 2995 typothetarum.
669 2959 781 2986 alterum
792 2960 863 2987 enim
874 2959 952 2985 tlorct
965 2957 1052 2994 passiin
1064 2958 1090 2984 in
1100 2957 1167 2983 :ilio-

213 3008 270 3024 rum
283 2998 356 3023 libris
370 3017 376 3028 ,
390 2997 558 3031 retinentque
570 2996 636 3022 Pall.
649 2996 739 3022 nostri.

251 3044 274 3066 ς,
295 3034 470 3066 eAmerfiiUe
479 3034 530 3064 esi-t
540 3033 694 3065 dammum]
716 3032 808 3058 Tullio
818 3031 923 3066 dignius
935 3029 1042 3056 videtur
1054 3038 1062 3060 3
1082 3029 1170 3061 Absens

211 3070 339 3095 damnatur
351 3089 357 3101 ,
372 3068 455 3095 recisis
468 3067 643 3098 intermediis,
655 3075 778 3102 tanquam
790 3077 848 3103 qua:
857 3065 1011 3102 adsperserit
1023 3065 1156 3092 librarius.

249 3107 276 3132 6.
297 3109 376 3139 Neque
393 3108 452 3130 enim
464 3105 535 3137 salus
544 3106 586 3129 illa
596 3105 685 3135 reipub.
697 3113 770 3137 major
787 3106 826 3129 hm:
843 3111 939 3136 tempore
957 3105 1054 3135 repet-tri
1068 3100 1167 3135 potest]

217 3145 287 3172 Illud.
300 3148 397 3179 referiri
406 3147 487 3178 ,ωτι-Η,
500 3143 645 3179 [ιιίῂαξὶυηι
657 3143 732 3178 mibi,
744 3151 868 3179 tamquam
880 3151 972 3181 παρη
981 3140 1087 3182 secem?-

1208 109 1736 160 CrcssRours

1244 242 1866 309 SECUNDAE,

709 347 2028 539 ΨΕῙΙέΚΕΜ,

1197 582 1720 648 PRIMUS,

1226 692 2169 906 EURBANA.

1304 976 1768 1033 SEXTA.

1212 1091 1330 1132 rejeffis
1339 1092 1374 1123 ab
1385 1092 1550 1124 accusatore
1558 1092 1723 1133 judicibus,
1734 1093 1841 1126 socios,
1854 1094 1943 1135 leges,
1956 1093 2173 1134 rempublicam

1207 1135 1347 1174 senatorio
1358 1134 1465 1176 confir'io
1486 1135 1624 1166 maxime
1633 1135 1715 1175 poffe
1726 1135 1858 1166 defendi.
1882 1146 1980 1176 neque
1992 1144 2070 1166 tanta
2077 1135 2177 1169 fortu-

1214 1179 1262 1206 nis
1272 1178 1415 1207 omnium
1423 1179 1569 1217 pernicies
1579 1177 1676 1217 potest
1684 1177 1821 1208 accedere
1832 1197 1839 1210 ‚
1861 1177 1953 1218 quarn
1963 1176 2110 1217 opinione
2119 1187 2176 1218 po-

1211 1219 1277 1258 puli
1287 1221 1423 1250 Romani
1431 1221 1579 1249 rationem
1589 1221 1721 1250 veritatis
1732 1239 1741 1253 ,
1753 1220 1928 1258 integritatis
1939 1239 1947 1252 ‚
1959 1218 2040 1254 fidei,
2052 1220 2177 1260 religio·-

1214 1262 1273 1294 nis,
1285 1261 1321 1290 ab
1333 1261 1393 1291 hoc
1402 1260 1509 1291 ordine
1516 1261 1690 1301 abjudicari.
1705 1264 1805 1301 Itaque
1817 1262 1895 1290 mihi
1905 1260 2011 1291 videor
2021 1271 2173 1302 magnam,

1189 1297 1195 1328 l
1215 1302 1248 1332 δε
1266 1301 1401 1333 maxime
1413 1313 1520 1343 aegram
1531 1323 1541 1337 ,
1559 1303 1592 1333 δε
1603 1302 1696 1343 propt‘.¹
1707 1302 1869 1342 depositam
1878 1302 2051 1343 reipublicae
2058 1311 2174 1342 partem

1214 1343 1368 1384 suscepiss'e
1380 1355 1385 1373 :
1397 1355 1495 1385 neque
1505 1347 1538 1374 in
1548 1354 1585 1375 eo
1594 1347 1690 1386 magis
1701 1344 1880 1385 meae,quam
1888 1344 1991 1375 vestrae
2002 1344 2095 1378 laudi,
2106 1346 2173 1375 exi—

1214 1385 1438 1427 stimationique
1447 1384 1576 1417 serviffe.
1599 1391 1614 1415 7
1623 1385 1734 1417 Acceffi
1746 1389 1831 1416 enim
1840 1387 1875 1416 ad
1888 1386 2176 1426 invidiam-iudicio-

1213 1438 1281 1458 rum
1298 1428 1457 1459 levandam
1470 1449 1478 1462 ‚
1499 1430 1810 1469 vituperationemque
1827 1427 2005 1459 tollendam:
2031 1437 2063 1458 ut
2070 1448 2079 1463 ,
2098 1427 2174 1460 cum

1212 1471 1274 1500 haec
1283 1480 1328 1500 res
1337 1480 1392 1511 pro
1401 1471 1554 1501 voluntate
1563 1471 1667 1510 populi
1677 1472 1812 1500 Romani
1822 1468 1893 1501 ess'et
1910 1470 2039 1510 judicata
2047 1490 2056 1504 ‚
2075 1470 2177 1512 aliqua

1213 1522 1251 1542 ex
1261 1521 1340 1552 parte
1350 1522 1418 1542 mea
1428 1512 1582 1554 diligentia
1596 1512 1757 1543 constituta
1765 1522 1799 1542 au
1804 1511 1922 1542 &coritas
1929 1511 2116 1552 judiciorum
2125 1513 2176 1543 vi-

1214 1553 1345 1584 deretur:
1367 1549 1381 1572 8
1391 1552 1545 1594 postremo
1556 1574 1565 1588 ‚
1588 1563 1620 1584 ut
1631 1553 1702 1584 ess'et
1711 1556 1769 1584 hoc
1774 1554 1945 1594 judicatum
1955 1574 1964 1587 ,
1985 1562 2019 1584 ut
2038 1552 2110 1584 finis
2119 1554 2176 1584 ali-

1213 1595 1335 1637 quando
1340 1597 1351 1636 j
1357 1596 1508 1626 udiciariae
1517 1594 1725 1626 controverfiae
1734 1595 1973 1626 constitueretur.
2002 1597 2125 1626 Etenim
2136 1593 2177 1626 sr-

1214 1648 1253 1668 ne
1263 1638 1358 1669 dubio
1369 1659 1377 1672 ‚
1387 1639 1397 1678 j
1402 1638 1502 1669 udices
1515 1658 1523 1672 ‚
1543 1640 1576 1669 in
1586 1640 1639 1668 hac
1648 1638 1732 1668 causa
1739 1648 1773 1668 ea
1781 1648 1827 1668 res
1837 1639 1870 1667 in
1880 1637 2042 1668 discrimen
2051 1637 2175 1668 adduci-

1213 1689 1269 1710 tur.
1293 1682 1375 1711 Reus
1385 1679 1427 1711 est
1436 1682 1521 1710 enim
1530 1679 1774 1711 nocentiffimus:
1788 1682 1840 1721 qui
1846 1679 1875 1720 fi
1883 1679 2088 1714 condemnatur,
2099 1677 2176 1710 defi-

1213 1730 1288 1753 nent
1298 1733 1406 1756 omnes
1415 1722 1511 1753 dicere
1521 1743 1530 1756 ‚
1548 1724 1595 1752 his
1602 1723 1724 1763 judiciis
1733 1724 1892 1762 pecuniam
1900 1720 2072 1762 plurimum
2081 1720 2177 1762 poss'e.

1214 1763 1257 1795 fin
1267 1764 1444 1795 absolvitur:
1464 1763 1632 1795 desinemus
1653 1774 1709 1794 nos
1728 1764 1764 1794 de
1772 1763 1897 1804 judiciis
1909 1763 2121 1794 transferendis
2131 1773 2179 1794 re-

1213 1807 1319 1837 cusare.
1335 1811 1351 1834 9
1362 1805 1476 1837 tametsl
1487 1806 1523 1837 de
1531 1807 1721 1837 absolutione
1729 1805 1813 1836 istius
1824 1816 1919 1846 neque
1929 1806 1990 1846 ipse
1998 1807 2063 1846 jam
2072 1805 2177 1845 sperat,

1213 1859 1268 1878 nec
1276 1849 1408 1889 populus
1419 1851 1458 1879 R.
1471 1850 1587 1879 metuit.
1620 1851 1667 1878 De
1676 1847 1865 1888 impudentia
1873 1845 2012 1889 singulari
2022 1867 2030 1882 ,
2051 1849 2082 1866 ¹0
2090 1846 2178 1888 quod.

1212 1890 1302 1924 adest,
1314 1890 1397 1932 quod
1408 1891 1567 1931 respondet
1577 1910 1586 1924 ,
1607 1890 1676 1921 sunt
1683 1893 1735 1931 qui
1746 1891 1911 1920 mirentur:
1931 1890 2009 1920 mihi
2017 1899 2074 1930 pro
2083 1896 2179 1921 cetera

1212 1933 1276 1973 ejus
1286 1933 1405 1963 audacia
1417 1953 1424 1967 ‚
1437 1942 1524 1974 atque
1534 1934 1665 1963 amentia
1674 1952 1683 1967 ,
1694 1942 1732 1962 ne
1740 1933 1798 1962 hoc
1807 1931 1932 1973 quidem
1944 1931 2118 1963 mirandum
2127 1932 2176 1961 vi-

1213 1974 1307 2007 detur.
1330 1975 1426 2005 multa
1436 1978 1519 2005 enim
1531 1975 1608 2005 &in
1618 1975 1690 2005 deos
1701 1994 1709 2009 2
1721 1975 1798 2004 &in
1807 1975 1951 2004 homines
1961 1973 2056 2015 impie
2067 1993 2076 2008 ‚
2089 1971 2176 2004 nefa·
2196 1995 2204 2004 .

1210 2019 1313 2058 rieque
1322 2016 1484 2048 commisit.
1496 2017 1855 2058 quorumscelerumpoenbs
1863 2016 2005 2057 agitatur,
2018 2016 2050 2046 &
2060 2014 2077 2046 a
2086 2024 2176 2046 men-

1212 2068 1256 2094 te,
1277 2058 1463 2101 consilioque
1481 2059 1648 2089 deducitur.
1693 2060 2067 2105 Agunteum'praecipitem
2076 2067 2174 2098 poenae
2196 2070 2212 2104 3

1212 2103 1328 2132 civium
1339 2104 1552 2131 Romanorum
1567 2111 1572 2129 z
1589 2110 1666 2141 quos
1673 2110 1781 2140 partim
1793 2100 1885 2130 securi
1893 2098 2046 2139 percuffit,
2064 2101 2175 2140 partim

1212 2145 1246 2173 in
1253 2144 1386 2173 vinculis
1396 2145 1512 2173 necavit
1524 2163 1531 2176 ‚
1543 2145 1652 2182 partim
1664 2142 1891 2182 imploranteisj
1897 2151 1946 2171 ura
1955 2141 2099 2173 libertatis
2110 2161 2119 2175 ‚
2140 2142 2175 2172 δε

1213 2185 1342 2215 civitatis
1354 2187 1387 2214 in
1398 2195 1517 2214 crucem
1528 2183 1652 2214 sustulit.
1671 2185 1806 2223 Rapiunt
1814 2193 1884 2213 eum
1897 2183 1932 2213 ad
1944 2184 2124 2224 supplicium
2132 2183 2177 2213 dii

1211 2227 1323 2268 patrii:
1334 2230 1358 2246 ¹¹
1370 2225 1451 2267 quod
1461 2225 1514 2256 iste
1527 2228 1668 2256 inventus
1678 2225 1720 2255 est
1730 2246 1738 2258 ,
1751 2227 1803 2266 qui
1814 2225 1829 2255 ὲ
1839 2225 2002 2265 complexu
2012 2227 2170 2266 parentum

1212 2269 1347 2307 abreptos
1359 2266 1438 2298 filios
1448 2268 1482 2298 ad
1493 2277 1599 2298 necem
1609 2267 1730 2297 duceret
1741 2287 1750 2301 ,
1772 2268 1804 2297 ὃ(
1822 2269 1969 2307 parenteis
1979 2269 2108 2308 pretium
2120 2277 2175 2307 pro

1215 2310 1360 2349 sepultura
1369 2307 1501 2340 liberum
1512 2310 1655 2350 posceret.
1679 2311 1858 2351 Religiones
1867 2308 1939 2339 vero
1950 2330 1959 2344 ‚
1971 2311 2176 2340 caeremoniae-

1214 2361 1272 2392 que
1284 2352 1428 2381 omnium
1437 2352 1597 2385 sacrorum,
1606 2350 1807 2392 fanorumque
1818 2351 1935 2381 violatae
1945 2372 1953 2385 ,
1964 2350 2177 2392 simulacraque

1215 2394 1341 2423 deorum
1354 2413 1362 2426 ‚
1382 2403 1448 2434 quae
1465 2404 1529 2424 non
1549 2393 1644 2423 modo
1665 2403 1703 2423 ex
1715 2394 1773 2424 suis
1784 2394 1904 2433 templis
1914 2394 2008 2424 ablata
2020 2393 2087 2423 sunt
2096 2414 2105 2427 ‚
2125 2392 2175 2423 sed

1217 2437 1305 2464 etiam
1313 2436 1412 2474 jacent
1420 2438 1451 2465 in
1463 2436 1593 2466 tenebris
1602 2456 1610 2469 ‚
1622 2435 1658 2466 ab
1668 2435 1725 2466 isto
1735 2436 1842 2465 retrusa
1853 2455 1860 2469 ‚
1872 2443 1958 2476 atque
1968 2434 2067 2465 abdita
2078 2455 2086 2468 ,
2099 2444 2174 2465 con-

1216 2475 1312 2506 sistere
1322 2477 1386 2517 ejus
1395 2479 1534 2507 animum
1547 2476 1605 2507 sine
1616 2477 1716 2508 furore
1728 2497 1736 2512 ,
1749 2486 1836 2518 atque
1847 2479 1976 2507 amentia
1987 2487 2050 2507 non
2060 2475 2172 2508 sinunt.

1216 2521 1323 2560 Neque
1335 2518 1387 2550 iste
1400 2521 1477 2550 mihi
1489 2519 1607 2551 videtur
1616 2521 1644 2551 se
1653 2520 1687 2551 ad
1699 2519 1926 2551 damnationem
1935 2517 2042 2550 offerre
2059 2517 2171 2554 solum,

2072 2570 2173 2603 neque

1245 2640 1272 2666 7.
1293 2634 1394 2666 <At-cefff
1401 2635 1461 2658 enim
1472 2652 1479 2665 ,
1489 2633 1557 2668 Cyru]
1570 2633 1637 2660 Pall.
1648 2633 1701 2660 duo
1713 2653 1721 2666 ,
1732 2634 1798 2660 item
1807 2633 1901 2670 primae
1912 2632 1972 2660 edd.
1983 2636 2109 2669 cAceeffit5
2129 2643 2176 2662 ne-

1212 2676 1257 2704 gat
1269 2668 1408 2695 Asconius.
2144 2677 2146 2679 '
2174 2674 2178 2677 “

1249 2703 1275 2730 8.
1294 2706 1405 2737 Postremb
1415 2712 1442 2730 ut
1451 2706 1502 2740 effi-t
1513 2706 1718 2740 hocjudicatnm]
1739 2703 1919 2732 Licentiosam
1932 2705 2078 2732 Hotomani
2091 2705 2173 2740 treje-

1212 2740 1328 2767 &iouem
1341 2761 1348 2772 ,
1360 2741 1436 2775 rejeci
1449 2761 1457 2773 ‚
1470 2749 1572 2768 retenta
1585 2743 1690 2777 vulgata
1701 2761 1708 2774 ‚
1720 2744 1749 2768 Sc
1758 2742 1856 2778 syllaba
1866 2741 1966 2774 addita,
1980 2744 2100 2775 postrema,
2109 2750 2136 2768 ut
2146 2749 2173 2767 ut

1192 2788 1194 2814 ἰ
1210 2778 1400 2810 είῘὲῘῙιιᾸὶσαίιιυι
1409 2779 1461 2808 (ζ’-τ.
1480 2777 1506 2804 id
1519 2778 1554 2804 est
1566 2797 1574 2809 ,
1593 2788 1750 2814 quocunque
1760 2777 1867 2805 taudem
1880 2778 1959 2804 modo
1968 2778 2170 2815 pronuntiatum

1192 2818 1194 2844 l
1212 2814 1294 2839 luerit
1307 2832 1314 2845 7
1325 2813 1375 2839 fivi-
1386 2823 1433 2849 pro
1443 2815 1526 2840 vei-re
1538 2834 1545 2846 ‚
1559 2814 1609 2840 sive
1620 2822 1711 2840 contra
1722 2816 1843 2841 Verrem.

1246 2858 1274 2884 9.
1291 2850 1420 2882 ‘I'amcfidc
1431 2850 1567 2882 ahsblntione
1575 2854 1641 2883 istim
1650 2851 1716 2884 Syn]
1730 2851 1786 2877 Pal.
1796 2859 1837 2886 pr.
1848 2851 1975 2884 tamenerst.
1986 2849 2046 2876 vide
2056 2850 2169 2878 M.Ant·

1211 2886 1347 2912 Muretum
1359 2884 1412 2921 cipi
1430 2894 1469 2919 17.
1482 2886 1527 2912 lib.
1540 2895 1582 2912 xi.
1594 2888 1653 2913 Var.
1668 2886 1731 2912 lest.

1250 2930 1290 2947 10.
1311 2923 1376 2953 Qod
1384 2922 1451 2946 ader?
1461 2941 1467 2952 ,
1478 2922 1539 2956 quod
1547 2922 1662 2955 respondet
1674 2923 1744 2955 ‚flant
1753 2924 1793 2955 qui
1802 2921 1943 2954 nzircntur]
1957 2920 2059 2954 Cujucli
2070 2920 2167 2953 codex,

1210 2958 1269 2991 quod
1278 2958 1394 2990 respondet
1406 2977 1413 2987 ,
1423 2958 1452 2987 (ξ’
1462 2962 1502 2991 qui
1512 2965 1628 2982 miremur
1639 2977 1646 2989 ,
1666 2957 1735 2992 quod
1747 2958 1855 2993 putabat
1866 2957 2028 2983 Gulielmius
2042 2977 2050 2988 ,
2071 2958 2167 2984 mutari

1210 2992 1279 3029 poss'e
1290 2993 1315 3019 iu
1330 3012 1336 3024 ,
1357 2996 1390 3018 er?
1400 3003 1440 3026 qm
1449 2997 1504 3019 mir.
1523 2992 1626 3019 dictum
1639 3013 1647 3024 ‚
1659 3001 1688 3019 ut
1699 2994 1839 3030 Propertio
1850 3003 1857 3023 3
1881 2996 1926 3019 ΕΠ
1937 3014 1944 3025 ,
1955 2995 2040 3027 ψαύω
2048 2997 2074 3019 in
2084 2997 2167 3020 celeres

1205 3032 1281 3063 gloria
1290 3037 1351 3054 nata
1358 3030 1436 3061 pedes.
1456 3028 1604 3055 duriuscule
1618 3030 1704 3055 nimis.

1251 3074 1259 3091 ι
1270 3074 1291 3091 1.
1302 3065 1414 3098 Qodistc
1423 3068 1536 3090 inventus
1546 3067 1581 3090 eff
1589 3066 1655 3099 glyc]
1670 3065 1747 3091 Haud
1758 3065 1836 3091 aliter
1847 3065 1905 3091 libri
1920 3064 2009 3091 nostri.
2021 3073 2048 3091 at
2060 3064 2169 3091 Lambi-

1193 3108 1194 3115 ¹
1212 3110 1258 3127 nus
1270 3104 1283 3126 e
1296 3100 1427 3129 rusciano
1440 3121 1446 3135 ‚
1467 3102 1527 3137 quod
1543 3103 1582 3136 iste
1591 3111 1653 3129 :mus
1663 3105 1784 3129 inventus.
1807 3101 1878 3138 quod
1889 3102 1916 3128 8<
1928 3109 2067 3129 monuerat
2078 3102 2169 3127 Hoto-

1213 3147 1315 3165 manus.

2093 3188 2103 3206 3
2125 3179 2171 3205 Cui

2285 793 2288 806 l

2284 877 2287 885 ι

2291 2631 2295 2645 .-
2287 2526 2295 2620 -ιμ

2273 2558 2281 2681 l

2273 2683 2278 2704 l

2271 2717 2278 2840 ἱ

2268 2832 2295 3211 l

2274 2450 2283 2556 ἱ

2291 2494 2295 2505 1

2292 2660 2295 2671 1

2292 2762 2295 2769 ι

2286 3234 2295 3247 J

2273 3275 2295 3367 sl

2277 3371 2295 3400 -l
