2337 3400
131 129 226 195 956

89 1635 129 1661 11

537 118 608 164 M.
688 113 1052 159 Tunnii

141 211 173 240 δε
190 206 289 238 armis),
308 201 435 233 accidit,
455 205 487 228 ut
505 204 598 226 nemo
620 192 760 224 tribunus
778 191 820 231 pl.
839 198 932 220 nemo
949 188 1010 218 alio
1027 196 1092 218 ma-

151 236 258 280 istrata
271 239 382 279 {nenio
392 247 524 281 privatus
535 257 543 270 ‚
560 235 662 266 :metor
672 232 831 264 exsisteret.
854 231 946 261 sedin
957 232 1009 260 hac
1020 239 1095 259 con-

138 263 262 322 ᾅὶιιῃωι,
280 295 366 325 atquc
385 285 512 313 virtute,
531 287 591 308 erat
609 285 712 307 tamen
730 275 857 305 sollicita
871 274 985 303 civitas.
1021 271 1095 301 illu-

142 332 244 362 dimur
262 330 344 357 enini
358 345 366 358 ,
389 326 495 356 Brute,
515 330 585 351 cum
607 319 742 348 rnilitum
762 316 894 348 delitiis,
916 323 982 344 turn
1000 314 1097 352 impe-

142 380 246 404 ratoris
268 367 434 399 insolentia.
457 367 612 394 TANTUM
630 359 756 400 quisque
778 358 806 388 se
823 361 859 404 'in
870 365 930 396 rep.
950 353 1030 395 poss‘e
1041 364 1097 394 po-

144 414 249 445 iltilat,
269 417 414 452 quantum
437 406 523 436 ‘nabet
541 405 663 434 virium.
695 409 760 430 non
777 409 871 431 ratio,
894 407 957 443 non
976 397 1098 430 modus,

144 465 208 486 non
221 454 269 483 lex
283 473 291 485 ,
309 461 372 482 non
388 459 455 479 mos
467 469 474 481 ‚
500 456 564 477 non
583 443 722 474 officium
741 442 835 471 valet:
856 450 920 470 non
934 438 1097 479 judicium,

144 507 210 528 non
229 494 414 525 existimatio
444 491 560 520 civium
578 507 588 520 ,
622 494 685 515 non
704 482 884 524 posteritatis
910 480 1098 511 verecundia.

146 541 221 569 Haec
237 547 292 577 ego
315 535 415 565 multo
441 532 509 562 ante
539 529 722 570 prospiciens
743 545 752 559 ,
779 524 931 566 fugiebam
952 533 989 553 ex
1007 523 1101 555 ltalia,

144 590 210 611 tum
224 599 231 612 2
250 578 321 608 cum
335 586 384 605 ine
397 574 562 604 vestrorum
577 568 747 600 edictorum
765 566 844 596 fama
856 567 1018 595 revocavit.
1049 566 1102 593 In-

145 620 274 653 citavisti
285 617 356 650 velo
368 627 398 647 tu
409 627 459 646 me
470 635 478 648 ,
500 617 586 644 Brute
597 632 605 645 ,
629 610 736 640 Veliae.
759 617 941 650 quamquam
953 608 1035 636 enim
1048 606 1102 635 do-

145 664 244 694 lebam
256 682 264 695 ,
286 663 319 691 in
339 669 404 689 eam
416 668 465 687 me
476 656 582 686 urbem
594 656 635 683 ire
646 672 655 686 ,
674 652 763 692 quam
777 660 807 680 tu
817 649 946 690 fugeres,
971 650 1024 689 qui
1037 657 1103 677 eam

144 702 345 736 liberaviffes,
366 700 446 742 quod
465 699 542 727 mihi
560 704 680 737 quoque
696 693 851 733 quondam
868 691 1031 722 acciderat,
1054 699 1105 729 pe-

144 747 244 778 riculo
265 744 375 777 simili,
399 742 465 772 casu
485 738 626 770 tristiore:
649 737 899 777 perrexitamen,
914 735 1106 771 Romamque

143 788 293 829 perveni,
317 785 464 825 nulloque
474 779 609 822 praesidio
619 776 763 819 quatefeci
776 776 967 806 Antonium:
991 782 1108 804 contra-

145 840 204 871 que
215 830 279 869 ejus
291 837 372 858 arma
381 824 508 856 nefanda
523 843 531 856 ,
550 820 699 862 praesidia,
719 828 784 859 quae
803 817 898 847 oblata
908 817 993 848 sunt,
1015 815 1107 845 Caesa-

145 875 187 903 ris
207 869 338 901 consilio
355 869 388 899 δε
409 866 584 898 au&oritate
606 862 735 892 firmavi.
767 860 821 900 qui
841 857 861 888 si
882 857 992 888 steterit
1010 857 1106 888 idern,

146 915 286 954 mihique
304 910 433 951 paruerit
457 919 463 937 2
498 907 564 937 satis
586 904 728 935 videmur
748 901 878 931 habituri
904 898 1039 940 praesidii.
1063 897 1106 927 sin

144 964 247 986 autem
268 955 436 993 impiorum
452 947 575 980 consilia
596 947 665 986 plus
684 945 848 976 valuerint,
876 942 967 982 quam
989 939 1107 970 nostra:

145 1005 195 1028 aut
219 995 394 1025 imbecillitas
404 992 494 1021 maris
513 999 578 1019 non
598 988 728 1028 potuerit
746 987 919 1026 gravitatem
936 992 1036 1013 rerum
1059 982 1108 1012 su-

146 1039 257 1069 stinere
272 1048 278 1067 :
300 1037 362 1078 spes
373 1036 475 1065 ornnis
484 1031 527 1061 est
537 1034 568 1061 in
579 1039 618 1060 te.
641 1032 740 1069 Qam
751 1027 791 1057 ob
801 1036 864 1057 rem
876 1025 982 1055 advola
992 1044 1000 1058 ,
1021 1024 1107 1054 obsc-

147 1091 199 1111 cro
210 1100 220 1114 ,
238 1089 324 1120 atque
335 1086 400 1108 eam
410 1073 558 1114 rempubl.
570 1081 660 1113 quam
672 1072 800 1102 virtute,
822 1077 908 1108 atque
925 1068 1021 1097 animi
1043 1075 1107 1095 ma-

146 1122 308 1152 onitudine
341 1119 454 1159 magi5‚
482 1124 573 1156 quam
593 1114 711 1143 eventis
732 1120 830 1141 rerum
849 1108 998 1141 liberasti,
1021 1109 1105 1136 exitu

146 1148 250 1194 libera.
281 1163 388 1192 omnis
412 1167 557 1189 omnium
583 1153 766 1186 concursus,
797 1152 834 1182 ad
863 1160 890 1180 te
917 1150 1035 1180 futurus
1054 1147 1107 1178 est.

148 1209 275 1237 Hor-tare
288 1203 368 1234 idem
379 1211 430 1242 per
440 1201 549 1230 litteras
561 1195 702 1228 Caffium.
713 1198 783 1235 Spes
793 1194 938 1223 libertatis
948 1191 1105 1236 nusquam,

147 1246 204 1278 nisi
227 1251 237 1266 ¹
250 1249 283 1276 in
298 1245 465 1276 vestrorum
477 1240 640 1272 castrorum
651 1238 806 1278 principiis
817 1233 993 1265 est-Firmos
1005 1242 1107 1262 omni-

148 1300 192 1320 iio
216 1289 249 1319 &
274 1288 364 1318 duces
383 1285 529 1315 habemus
551 1281 588 1312 ab
606 1279 760 1310 occidente
773 1299 782 1312 ‚
803 1278 836 1307 &
851 1277 1007 1305 exercitus.
1039 1276 1108 1304 Hoc

147 1330 344 1362 adolescentis
357 1325 526 1368 praesidium
546 1322 687 1364 equidem
702 1321 798 1350 adhuc
809 1317 932 1348 firmum
943 1316 1002 1346 esse
1011 1314 1109 1363 confi—

147 1374 198 1403 do.
224 1372 272 1402 sed
292 1373 332 1401 ita
354 1369 445 1399 multi
464 1365 658 1397 labefactant,
691 1372 722 1392 ut
735 1382 743 1396 ‚
763 1372 801 1392 ne
819 1368 996 1392 moveatur,
1016 1367 1109 1405 inter-

147 1416 221 1446 dum
234 1413 439 1448 extimescam.
463 1409 565 1440 Habes
575 1415 673 1437 totum
687 1406 759 1444 reip.
778 1403 903 1434 statum:
920 1400 1109 1445 quiquidem

149 1467 214 1487 tum
224 1465 283 1486 erat
294 1476 301 1489 ,
321 1454 392 1485 cuin
409 1455 459 1483 has
471 1452 579 1481 litteras
591 1448 710 1479 dabam.
733 1446 836 1476 Velim
845 1444 986 1481 deinceps
1000 1442 1111 1489 melio-

148 1509 178 1529 ra
198 1497 269 1527 siut:
293 1496 334 1526 sin
353 1497 439 1526 aliter
456 1493 567 1524 fuerint
583 1489 679 1531 (quod
698 1488 741 1518 dii
758 1496 852 1517 omen
873 1484 1022 1530 avertant).
1036 1492 1109 1529 reip.

148 1543 250 1570 vicem
270 1538 395 1568 dolebo:
417 1546 484 1577 quae
499 1532 664 1563 immortalis
682 1528 740 1560 effe
762 1527 898 1560 debebat.
922 1526 1025 1556 ²-milu
1041 1534 1111 1565 qui-

151 1582 221 1612 dem
233 1579 412 1621 quantulum
423 1578 532 1617 reliqui
543 1575 607 1614 estss

345 1620 554 1650 BRUTUS
577 1615 848 1647 CICERONI,
871 1614 899 1642 S,

254 1667 382 1694 Ere-nis
406 1659 529 1692 Antistii
542 1659 607 1689 talis
617 1666 738 1688 animus
760 1654 803 1685 est
820 1657 853 1684 in
872 1659 1022 1698 remp-qut
1045 1659 1109 1681 nori

253 1705 389 1736 dubitem
401 1723 410 1738 ,
428 1705 502 1744 quin
520 1702 594 1731 &in
605 1700 714 1730 Caesare
727 1717 735 1732 ,
757 1698 790 1727 δε
810 1697 948 1726 Antonio
961 1696 988 1723 ie
1008 1696 1111 1732 ἕρκε-

150 1746 277 1777 flaturus
294 1746 384 1777 fuerit
403 1747 582 1775 acen-'imum
609 1748 860 1781 propugnatorem
882 1745 1058 1766 communis
1077 1736 1114 1765 li-

150 1789 273 1818 bertatis
285 1800 293 1822 j,
306 1786 325 1817 fi
335 1785 483 1817 occasioni
495 1782 634 1825 potuisset
643 1790 806 1811 occurrere.
820 1782 900 1808 Nam
911 1779 963 1818 qui
974 1779 1006 1806 in
1018 1778 1113 1807 Acha-

151 1832 177 1867 ia
198 1828 387 1868 congressum
416 1831 446 1859 P.
469 1826 629 1856 Dolabella
660 1823 793 1854 milites,
819 1829 905 1860 atque
924 1820 1038 1859 equites
1062 1819 1112 1848 ha-

146 1864 270 1906 bentes
283 1871 414 1912 quodvis
438 1869 518 1899 adire
540 1865 707 1907 periculum
723 1883 730 1896 ,
751 1872 789 1892 ex
808 1861 922 1891 insidiis
939 1858 1111 1899 paratissimi

150 1915 186 1944 ad
209 1924 313 1944 omnia
341 1913 483 1944 latronis,
508 1910 647 1939 maluerit
661 1926 669 1941 ‚
689 1905 778 1946 quam
795 1903 893 1933 videri
913 1910 962 1934 aut
989 1901 1110 1931 cantus

151 1954 210 1985 effe
226 1957 386 1996 pecuniam
406 1954 474 1983 dare
487 1972 495 1985 ,
514 1960 563 1981 aut
579 1950 707 1979 libenter
716 1945 828 1977 dediss'e
838 1945 959 1974 homini
970 1942 1111 1983 nequiffi-

152 2007 225 2032 mr),
258 2007 345 2037 atque
379 1991 626 2035 improbiffimo3
652 1992 677 2020 is
699 1988 788 2019 nobis
810 1987 885 2016 ultro
905 1986 938 2016 ὃς
957 1985 1110 2025 pollicitus

150 2039 211 2073 est,
236 2040 269 2069 &
286 2039 369 2068 dedit
388 2047 442 2067 ii-s
453 2045 499 2066 xx
518 2045 557 2064 ex
575 2034 625 2063 sua
642 2032 786 2072 pecunia:
799 2027 941 2069 &‚quod
955 2027 1052 2057 multo
1063 2037 1113 2057 ca-

149 2084 212 2112 rius
223 2081 285 2114 est,
307 2081 431 2121 seipsum
444 2078 572 2110 obtulit,
594 2076 626 2105 &
642 2073 815 2109 conjunxit.
840 2072 920 2100 Huic
939 2069 1112 2110 persuadere

152 2124 301 2163 coepimu‘s
321 2143 329 2156 ‚
361 2131 394 2151 ut
423 2123 586 2159 imperator
609 2119 642 2147 in
661 2115 762 2146 castris
780 2120 963 2144 remaneret,
986 2121 1112 2152 remque

151 2166 305 2205 publicam
324 2163 506 2193 defenderet.
528 2159 656 2190 4statuit
683 2157 711 2187 id
732 2155 803 2189 sibi,
830 2158 976 2195 quoniam
997 2155 1111 2183 exerci—

152 2217 218 2236 tum
231 2204 398 2237 dimisiss'ct.
422 2204 521 2234 statim
538 2200 612 2232 vero
630 2199 797 2230 rediturum
818 2199 853 2227 ad
872 2206 929 2226 nos
947 2194 1112 2225 confirma-

152 2251 197 2278 vit
211 2269 219 2281 ‚
240 2249 389 2290 legatione
408 2247 536 2284 suscepta
557 2264 566 2277 ,
591 2240 646 2273 nisi
667 2249 827 2281 praetorum
848 2240 974 2269 comitia
993 2237 1110 2267 habitu-

152 2292 178 2320 ri
189 2289 283 2320 essent
301 2289 450 2319 consules.
474 2289 555 2316 Nam
567 2285 612 2314 illi
626 2293 666 2314 ita
679 2283 819 2313 sentienti
829 2280 864 2310 de
875 2290 934 2319 rep.
948 2289 1111 2320 magnope-

152 2342 184 2362 re
203 2331 307 2362 audior
326 2330 390 2363 fui,
415 2339 453 2359 ne
471 2327 595 2367 differret
615 2334 733 2364 tempus
752 2324 910 2363 petitionis
929 2321 994 2351 suae.
1026 2323 1111 2360 cujus

153 2372 269 2403 raecum
289 2372 435 2402 omnibus
453 2379 568 2410 gratum
587 2366 643 2397 esse
662 2366 768 2398 debet,
785 2362 945 2404 quimodb
961 2362 1109 2403 judicant,

152 2417 235 2445 hunc
253 2417 420 2445 exercitum
443 2410 500 2441 effe
515 2410 629 2450 reipub.
650 2409 706 2437 tibi
739 2416 821 2436 tanto
846 2406 973 2445 gratius,
998 2413 1111 2444 quanto

153 2458 187 2488 &
207 2457 321 2496 majore
337 2457 461 2488 animo,
487 2453 639 2494 gloriaque
665 2449 833 2479 libertatem
853 2445 985 2476 nostram
1006 2445 1111 2475 defen-

152 2499 218 2532 dis,
244 2499 276 2528 &
294 2498 471 2538 dignitatem
483 2514 491 2528 2
513 2492 532 2523 fi
550 2492 711 2533 contigerit
729 2488 839 2519 nostris
849 2486 980 2517 consiliis
998 2489 1110 2520 exitus,

151 2550 243 2582 quem
264 2549 413 2581 optamus,
424 2534 660 2579 *perfuncturus
670 2542 711 2563 es.
734 2534 799 2572 Ego
819 2531 910 2561 ctiam
922 2549 932 2564 ,
947 2530 991 2559 mi
1006 2530 1113 2560 Cicero

194 2665 203 2682 i
213 2675 219 2682 .
241 2658 268 2681 ln
278 2657 407 2688 vestrorum
417 2657 544 2688 castrorum
553 2652 702 2687 principun]
725 2652 766 2677 Ita
775 2650 859 2677 editio
869 2648 996 2680 Viistorii,
1008 2649 1045 2675 ita
1056 2648 1112 2675 Pal.

154 2700 195 2727 pr.
206 2691 254 2717 sec.
266 2698 329 2718 tert.
341 2700 400 2718 iiam
416 2697 524 2726 quartus
531 2689 651 2722 praesidiis,
662 2687 748 2724 quod,
758 2687 816 2723 quis
826 2696 879 2713 uon
890 2685 970 2712 sentit
980 2686 1113 2722 interpre-

158 2727 283 2754 tatiffliem
295 2726 345 2753 ess'e
355 2726 481 2753 ‹ii-§tionis
492 2726 599 2761 prioris.

193 2772 221 2788 2.
241 2766 306 2789 Mihi
324 2763 415 2797 quidem
433 2763 575 2797 quantulum
593 2762 678 2794 reliqui
694 2763 730 2786 est‘
740 2759 776 2793 ἲ]
796 2757 944 2785 Lambinus
961 2757 1043 2784 finxit
1060 2760 1117 2783 vitae

157 2799 249 2834 guldem
259 2801 360 2833 reliqu,
372 2799 417 2825 nisi
431 2798 553 2829 velimus,
565 2797 665 2833 inquit,
675 2799 799 2830 reliquum.
821 2795 914 2821 eratin
929 2793 988 2820 mss.
1001 2794 1116 2829 aliquot,

158 2834 224 2860 item
236 2835 302 2860 l’all.
312 2834 414 2861 duobus
425 2835 621 2868 aliquantulum&
632 2831 704 2868 quod
715 2831 835 2858 mutabat
845 2833 884 2863 in,
894 2833 951 2856 mihi
960 2830 1050 2864 quidem
1060 2831 1119 2856 mali

157 2872 299 2903 quantulum
310 2873 392 2905 reliqui
402 2872 456 2896 eft?
476 2869 649 2896 Gulielmius.

199 2913 225 2935 κ.
244 2907 401 2938 'Praestarurur
413 2906 492 2940 suit]
517 2905 559 2931 Sic
577 2904 668 2931 eratin
681 2903 801 2930 editione
818 2902 924 2933 veteri,
944 2910 1032 2936 neque
1040 2901 1118 2928 :iliter

159 2939 326 2971 νὶίὶοτὶαιια,
335 2941 448 2967 trutinis.
460 2941 527 2967 Pall.
538 2940 880 2973 intermetiiae‚p2·aestimrus;
893 2948 945 2965 nou
957 2937 1107 2964 ueceffurio.

201 2984 229 3009 4.
248 2979 338 3001 statuit
356 2976 382 3001 id
392 2979 436 3010 fibi
448 2996 455 3008 ,
474 2977 609 3011 quoniam]
631 2976 711 3002 Haud
721 2976 798 3002 :iliter
810 2975 878 3001 Pall.
898 2981 962 3000 tres.
984 2983 1042 3000 narn
1055 2981 1119 3000 tert.

155 3013 206 3047 fibi
213 3012 308 3038 eundem
319 3029 328 3042 ‚
347 3015 465 3044 quoniam.
486 3014 515 3038 P.
528 3012 664 3039 Manutius
675 3011 800 3047 expreslit
814 3013 899 3045 statuit
909 3011 1053 3044 eundi-nisibi
1063 3019 1119 3044 quo-

149 3051 240 3076 Δτιιάιη.
260 3046 331 3082 quod
342 3047 369 3072 δε
381 3047 492 3073 retinuit
503 3048 657 3075 Lambinus.
678 3055 771 3074 neutra
782 3046 863 3073 leffio
874 3045 1010 3072 satisfacit.

202 3092 228 3117 ς.
247 3083 481 3116 PerfimHm-rmcs]
502 3083 558 3109 Pal.
569 3091 634 3110 tert·
653 3085 668 3110 ii
680 3093 757 3111 manu
768 3081 946 3110 enieudatrice
958 3101 966 3113 ‚
981 3083 1121 3115 perfunbi‘us

162 3129 199 3146 es.
217 3119 249 3145 1³.
261 3118 396 3145 Manutius
408 3118 531 3151 conjecit,
540 3121 708 3151 persunflurm
717 3129 740 3145 cs
750 3131 758 3151 ‚-
769 3118 840 3155 quod
852 3118 951 3154 recepit
963 3117 1121 3149 Lambinus,

162 3162 258 3193 praetei·
268 3153 362 3184 libros.
381 3154 448 3183 milii
458 3154 587 3184 biiiaeistae
606 3155 706 3183 vocula:
719 3154 843 3185 videntur
853 3154 955 3184 librarii
973 3154 1062 3192 potius
1072 3153 1124 3182 iili-

1131 109 1677 159 Crannonis-

1126 186 1246 228 proprie
1266 206 1275 220 ,
1318 184 1562 232 familiariterque
1591 193 1705 232 te'rogo
1724 211 1733 226 ,
1761 199 1794 222 ut
1821 193 1960 222 Veterem
1994 182 2091 220 ames&

1131 229 1263 269 velisque
1281 227 1338 258 este
1348 228 1440 268 quam
1454 229 1669 269 ampiiffimum
1685 244 1690 261 :
1710 235 1764 274 qui
1784 233 1834 264 etsi
1846 233 1929 264 nulla
1948 241 1978 262 re
1991 231 2090 262 deter-

1133 274 1188 302 reri
1202 270 1218 301 31
1237 268 1390 310 proposito
1402 268 1500 309 potest
1512 291 1521 304 ,
1542 279 1642 302 tamen
1662 274 1998 305 excitarituislaudibus
2010 293 2018 307 ,
2040 272 2091 301 in-

1131 313 1341 354 dulgentiaque
1361 313 1487 351 poterit,
1506 321 1567 353 quo
1587 315 1679 354 magis
1699 317 1903 356 amplexetur,
1922 326 1954 347 ac
1975 319 2092 346 tueatur

1133 355 1283 396 judicium
1304 354 1401 384 suum-
1425 351 1440 373 ⁶
1453 353 1485 383 &
1505 355 1582 383 mihi
1598 354 1796 396 gratissimum
1806 361 1870 388 erit.

1386 397 1583 425 CICERO
1614 398 1811 434 BRUTO,
1832 402 1861 429 S.

1216 441 1245 468 T
1258 448 1270 467 s
1283 448 1300 467 i¹
1317 436 1439 467 daturus
1456 447 1537 467 eram
1550 436 1692 468 Mefl‘allae
1709 441 1843 470 Corvino
1853 439 2002 471 continuo
2012 440 2094 470 litte-

1217 489 1262 510 ras
1282 488 1383 509 tamen
1403 481 1542 509 Veterem
1564 478 1700 510 nostrum
1723 480 1758 510 ad
1778 489 1805 510 te
1818 480 1877 511 fine
1897 483 2001 512 litteris
2018 485 2097 512 meis

1137 521 1241 551 venire
1252 521 1348 550 nolui.
1373 523 1514 550 Maximo
1534 523 1566 550 in
1593 521 1767 552 discrimine
1785 523 1857 562 resp.
1878 525 1984 557 Brute,
2003 524 2099 554 versa-

1140 571 1186 591 tur
1206 584 1214 597 ‚
1244 561 1419 602 vidiorcfijue
1447 563 1544 603 rursus
1574 562 1719 594 decertare
1747 566 1893 605 cogimur.
1934 565 1964 593 id
1992 565 2099 595 accidit

1141 606 1185 633 M.
1199 604 1306 645 Lepidi
1326 605 1453 637 scelere,
1473 605 1506 634 &
1525 606 1666 634 amentia.
1689 608 1904 646 Qotempore
1922 605 1994 635 curn
2015 607 2099 636 mul-

1143 655 1167 689 ta
1190 656 1310 687 propter
1334 656 1400 676 eam
1419 656 1537 679 curam,
1558 656 1648 687 quam
1668 657 1722 687 pro
1734 657 1793 687 rep.
1817 647 1950 688 suscepi,
1972 649 2101 687 graviter

1143 691 1251 719 terrem
1265 708 1273 721 ‚
1298 697 1362 718 tum
1376 688 1455 717 nihil
1467 689 1523 718 tuli
1537 687 1674 729 graviu5,
1696 690 1787 729 quam
1805 699 1855 719 rne
1865 700 1929 719 non
1944 687 2026 729 poffe
2038 698 2102 719 ma-

1143 732 1195 761 tris
1214 739 1271 760 tuae
1297 730 1434 769 precibus
1458 729 1582 763 cedere,
1608 740 1672 760 non
1694 732 1813 761 sororis.
1837 741 1907 761 nam
1926 732 1999 764 tibi,
2021 729 2104 770 quod

1146 773 1223 802 mibi
1234 773 1360 812 plurimi
1373 771 1415 801 est
1426 792 1434 805 ,
1446 771 1534 802 facile
1547 782 1596 801 me
1606 771 1823 802 satisfa&urum
1838 773 2002 803 arbitrabar.
2023 772 2104 802 Nul-

1146 814 1177 843 lo
1196 816 1281 844 enim
1293 813 1387 843 modo
1398 822 1512 853 poterat
1532 814 1615 844 causa
1638 815 1745 854 Lepidi
1767 819 1782 842 7
1794 814 1938 856 distingui
1958 816 1994 844 ab
2005 817 2104 844 Anto-

1146 858 1215 886 nio:
1236 858 1439 896 omniumque
1461 855 1574 892 judicio
1593 864 1683 886 etiam
1706 857 1809 887 durior
1826 866 1885 888 erat
1896 877 1904 891 ‚
1915 856 1998 897 quod
2011 876 2020 889 ‚
2031 854 2105 886 cum

1147 897 1314 928 honoribus
1343 896 1536 937 amplissimis
1559 898 1575 928 a
1602 897 1701 928 senatu
1720 897 1792 928 effet
1815 899 1948 938 Lepidus
1973 906 2107 932 ornatus,

1146 948 1212 970 turn
1229 942 1318 970 etiam
1331 941 1431 979 paucis
1443 941 1511 969 ante
1532 939 1638 970 diebus
1659 941 1811 980 praeclaras
1837 942 1949 970 litteras
1968 940 2003 971 ad
2023 940 2107 970 sena—

1147 991 1223 1012 tum.
1237 980 1376 1011 misifl‘et:
1406 982 1527 1021 repente
1551 991 1615 1011 non
1637 982 1735 1012 solum
1763 991 1872 1022 recepit
1893 983 2032 1023 reliquias
2050 983 2109 1012 ho-

1147 1023 1259 1057 stiurn,
1283 1023 1331 1053 sed
1361 1023 1476 1052 bellum
1497 1025 1679 1053 acerrimum
1707 1033 1780 1053 terra
1801 1045 1810 1057 ,
1853 1026 1986 1065 marique
2014 1032 2107 1065 gerit:

1146 1066 1230 1105 cujus
1248 1068 1347 1094 exitus
1366 1066 1419 1104 qui
1435 1064 1553 1094 futurus
1572 1062 1605 1093 sit
1625 1085 1634 1098 ,
1664 1068 1812 1095 incertum
1838 1065 1890 1095 est.
1914 1069 2015 1106 Itaque
2033 1064 2107 1095 cum

1147 1116 1308 1146 rogamur,
1331 1114 1363 1135 ut
1383 1105 1604 1145 mifiricordiam
1624 1106 1725 1135 liberis
1745 1108 2047 1147 ejusimpertiamus,
2060 1108 2110 1137 ni—

1148 1150 1191 1178 hil
1210 1146 1330 1178 affertur
1347 1146 1526 1187 quominus
1547 1147 1664 1177 summa
1686 1149 1845 1187 supplicia,
1867 1147 1886 1178 si
1908 1149 2002 1190 (quod
2021 1151 2111 1191 Jupi-

1149 1199 1191 1220 ter
1209 1199 1303 1219 omen
1320 1190 1439 1228 avertat)
1459 1198 1540 1229 pater
1558 1199 1720 1229 puerorum
1735 1193 1859 1224 vicerit,
1879 1191 2030 1222 subeunda
2052 1202 2111 1223 no-

1147 1232 1193 1261 bis
1209 1230 1274 1261 sint.
1308 1233 1374 1260 Nec
1390 1231 1462 1260 vero
1484 1241 1534 1260 me
1553 1232 1648 1272 sugit,
1671 1242 1760 1272 quam
1776 1230 1810 1261 sit
1829 1232 1967 1262 acerbum
1981 1253 1989 1266 2
2008 1241 2111 1275 paren.-

1146 1274 1222 1302 tium
1235 1272 1338 1312 scelera
1350 1272 1483 1311 fitiorum
1499 1280 1580 1313 poemi
1598 1274 1648 1302 lui.
1685 1274 1741 1304 Sed
1763 1275 1818 1303 hoc
1839 1275 1974 1314 praeclare
1994 1275 2110 1317 legibus

1146 1324 1351 1355 comparatum
1364 1314 1425 1347 est,
1450 1325 1494 1345 ur
1519 1325 1664 1345 criminas
1688 1325 1890 1346 LIBERORUM
1915 1326 2108 1348 AMtcxost

1149 1366 1340 1387 PARENTms
1374 1366 1463 1386 REIP.
1490 1367 1676 1387 REDDERET.
1727 1360 1827 1398 Itaque
1853 1360 1985 1397 Lepidus
2003 1359 2110 1390 cmde-

1149 1400 1229 1429 lisin
1239 1399 1369 1432 liberos,
1394 1409 1458 1428 non
1472 1409 1510 1432 is,
1535 1402 1585 1439 qui
1607 1400 1757 1439 Lepidum
1776 1399 1892 1430 hostem
1911 1400 2028 1432 iudicat.
2052 1404 2109 1432 At-

1149 1451 1208 1482 que
1229 1439 1312 1470 illesi
1326 1461 1334 1474 ,
1352 1450 1442 1470 armis
1461 1439 1580 1480 pofit'iS,
1602 1441 1637 1471 dt·
1660 1444 1688 1471 vi
1713 1449 1872 1472 damnatus
1888 1441 1976 1475 effer,
1994 1453 2055 1483 quo
2075 1446 2110 1474 in

1146 1483 1263 1523 judicio
1273 1483 1351 1512 certe
1363 1482 1569 1512 detentionem
1583 1493 1644 1512 non
1658 1483 1792 1513 haberet:
1814 1483 1939 1514 eandem
1959 1486 2112 1516 calamita-

1151 1535 1212 1555 tem
1223 1525 1358 1555 subirent
1375 1525 1461 1553 liberi
1478 1544 1486 1558 ,
1511 1525 1599 1554 bonis
1618 1525 1785 1564 publicatis.
1808 1536 2009 1566 quamquam,
2029 1527 2113 1568 quod

1150 1576 1202 1596 tua
1213 1576 1323 1599 mater,
1348 1566 1381 1595 &
1401 1566 1484 1595 soror
1502 1565 1670 1605 deprecatur
1689 1576 1743 1605 pro
1763 1577 1879 1606 pueris,
1904 1567 2033 1608 idipsum
2047 1589 2055 1602 ,
2077 1569 2112 1599 &

1152 1609 1247 1638 multa
1269 1608 1326 1637 alia
1341 1607 1508 1637 crudeliora
1518 1607 1607 1636 nobis
1618 1609 1762 1637 omnibus
1776 1609 1908 1648 Lepidus
1921 1629 1929 1642 ,
1943 1611 2111 1644 Antonius,

1152 1651 1184 1680 &
1206 1651 1312 1689 reliqui
1330 1648 1431 1678 hostes
1451 1649 1639 1679 denuntiant.
1663 1653 1764 1690 Itaque
1775 1653 1942 1680 maximam
1959 1652 2039 1690 spem
2053 1654 2112 1682 hoc

1152 1702 1289 1732 tempore
1307 1691 1451 1721 habemus
1471 1693 1503 1721 in
1521 1700 1549 1720 te
1569 1711 1578 1724 ,
1609 1701 1696 1732 atque
1716 1695 1848 1721 exercitu
1868 1701 1929 1722 tuo.
1970 1693 2050 1723 cum
2073 1693 2110 1724 ad

1150 1734 1265 1772 reipub.
1286 1734 1456 1766 summam,
1486 1741 1551 1762 turn
1562 1733 1597 1762 ad
1609 1734 1735 1773 gloriam
1748 1753 1756 1766 ,
1777 1734 1810 1763 &
1828 1733 2002 1775 dignitatern
2024 1745 2108 1765 tuam

1152 1776 1349 1805 vehementer
1368 1775 1517 1813 pertinet,
1539 1782 1610 1803 tein
1620 1776 1734 1804 Italiam
1747 1795 1755 1808 ,
1777 1784 1809 1804 ut
1820 1775 1990 1815 antescripsi
2003 1796 2011 1809 ,
2022 1780 2111 1807 veni-

1150 1827 1180 1846 re
1199 1818 1438 1856 quamprimum.
1475 1819 1548 1855 Eget
1576 1817 1659 1845 enim
1679 1817 1878 1846 vehementer
1904 1817 1975 1847 esim
1996 1818 2112 1849 viribus

1151 1860 1228 1891 tuis,
1253 1867 1319 1887 turn
1331 1859 1420 1888 etiarn
1441 1856 1570 1887 consilio
1589 1858 1661 1897 resp.
1683 1861 1823 1888 Veterem
1844 1868 1898 1898 pro
1916 1860 1979 1898 ejus
1998 1870 2064 1900 eiga
2084 1869 2113 1890 te

1150 1899 1375 1933 benivolentia,
1393 1897 1591 1940 singularique
1601 1898 1724 1933 officio,
1745 1900 1873 1929 libenter
1882 1911 1918 1930 ex
1937 1903 1995 1931 tuis
2006 1902 2113 1931 litteris

1150 1942 1329 1981 complexus
1340 1942 1405 1972 sum
1419 1952 1423 1970 :
1438 1951 1569 1981 eumque
1581 1941 1652 1972 cum
1671 1943 1725 1974 tui,
1739 1943 1927 1982 tumreipub.
1938 1941 2115 1973 studiosiss'i·

1153 1994 1260 2017 mum,
1290 1981 1590 2023 amantiss'imunique
1622 1985 1765 2023 cognovi.
1803 1985 2112 2015 Ciceronemmeum

1153 2025 1327 2067 propediem
1340 2046 1353 2059 ,
1373 2035 1405 2055 ut
1423 2025 1507 2065 spero
1521 2044 1529 2058 ,
1557 2025 1677 2056 videbo.
1700 2021 1824 2055 8tecum
1843 2028 1928 2057 enim
1947 2027 2036 2056 illum
2048 2046 2057 2061 ,
2078 2026 2113 2057 &

1153 2079 1181 2100 te
1200 2071 1234 2098 in
1250 2069 1368 2098 Italiam
1390 2067 1523 2097 celeriter
1536 2066 1593 2097 ess'e
1608 2077 1771 2097 venturum
1790 2067 1923 2099 confido.
1963 2091 1965 2094 ⁴

1344 2111 1556 2140 BRUTUS
1586 2111 1865 2144 CICERONI,
1887 2114 1915 2142 S.

1159 2151 1273 2228 DE
1303 2154 1348 2182 M.
1366 2151 1482 2191 Lepido
1500 2154 1595 2180 vereri
1622 2161 1672 2181 me
1692 2155 1773 2192 cogit
1789 2153 1976 2193 reliquorum
1999 2153 2111 2183 timor:

1247 2198 1262 2221 9
1272 2196 1325 2234 qui
1337 2193 1356 2223 si
1367 2195 1507 2232 eripuerit
1526 2192 1555 2222 se
1564 2193 1653 2222 nobis
1671 2193 1766 2233 (quod
1774 2195 1867 2224 velim
1880 2193 1993 2225 temere
2004 2214 2013 2228 ,
2025 2203 2115 2234 atque

1155 2239 1302 2276 injuriose
1316 2236 1352 2266 de
1361 2235 1416 2265 illo
1427 2235 1561 2274 suspicati
1574 2234 1628 2265 sint
1643 2236 1799 2276 homines)
1810 2246 1864 2267 oro
1873 2256 1885 2270 ,
1893 2245 1979 2276 atque
1988 2236 2113 2266 obsecro

1151 2288 1179 2309 te
1191 2299 1200 2312 ‚
1224 2280 1331 2308 Cicero
1343 2298 1352 2311 ,
1371 2276 1625 2307 necessitudinem
1653 2276 1784 2307 nostram
1803 2298 1812 2311 ‚
1849 2287 1988 2318 tuamque
2010 2279 2044 2307 in
2063 2287 2116 2308 me

1154 2320 1397 2351 benivolentiam
1416 2318 1584 2352 obtestans,
1607 2319 1715 2349 sororis
1737 2329 1812 2349 meae
1832 2319 1943 2349 liberos
1960 2318 2113 2358 obliviscit·-

1153 2363 1187 2391 rii
1209 2360 1266 2391 effe
1284 2361 1392 2402 Lepidi
1405 2360 1483 2390 filios
1494 2381 1502 2394 ‚
1523 2371 1632 2401 meque
1640 2361 1728 2390 insin
1740 2363 1827 2400 patris
1836 2362 1938 2391 locum
1952 2358 2116 2392 succeffisse

1153 2403 1322 2433 existimes.
1346 2404 1404 2432 hoc
1414 2401 1433 2431 si
1446 2405 1460 2432 a
1473 2413 1499 2432 te
1510 2404 1641 2442 impetro
1653 2422 1662 2436 ,
1676 2404 1709 2422 ¹0
1721 2403 1799 2432 nihil
1815 2402 1953 2444 ρῐοῑεᾶὸ
1963 2402 2117 2434 dubitabis

1153 2454 1208 2485 pro
1228 2445 1442 2483 hissuscipere.
1466 2445 1903 2478 Aliteraliicumsuisvivunt.
1929 2448 1954 2463 ¹¹
1971 2445 2115 2486 nihilego

1155 2484 1282 2527 pofl‘um
1300 2488 1333 2515 in
1355 2486 1464 2515 sororis
1477 2486 1662 2516 meaeliberis
1681 2484 1776 2516 facere
1787 2506 1796 2520 ,
1815 2496 1876 2527 quo
1893 2484 1985 2526 poffit
2001 2486 2116 2526 expleri

1157 2528 1297 2560 voluntas
1306 2537 1392 2562 mea,
1411 2535 1459 2557 aut
1479 2525 1628 2557 officium.
1659 2528 1742 2567 Qid
1760 2527 1832 2559 vcro
1842 2536 1890 2559 aut
1900 2529 1978 2558 mihi
1988 2528 2118 2558 tribuere

2042 2569 2118 2599 boni

1159 2647 1233 2682 cujus
1245 2649 1325 2683 quirin
1340 2647 1435 2674 Tullii.

1193 2685 1223 2710 6.
1237 2688 1275 2745 ft
1285 2686 1341 2709 milii
1354 2685 1508 2717 gratiffimum
1518 2681 1589 2716 erin]
1610 2682 1756 2709 Lambinus
1770 2700 1777 2714 ,
1788 2682 1815 2708 id
1822 2683 1881 2708 mihi
1891 2700 1899 2713 ,
1907 2677 1983 2717 *quod
1992 2679 2019 2705 8<
2030 2678 2116 2715 reperi

1159 2721 1186 2748 in
1198 2721 1234 2746 Pa
1250 2728 1373 2755 .quai·to.

1197 2765 1224 2790 7.
1246 2758 1362 2788 Distingui
1371 2757 1401 2781 ab
1411 2755 1550 2789 amonim]
1573 2753 1747 2780 Lambiiiiana
1759 2773 1766 2784 ‚
1785 2754 1817 2779 ab
1825 2753 1951 2780 tAmonH:
1972 2759 2024 2777 non
2036 2749 2118 2783 male,

1161 2793 1207 2820 nisi
1219 2793 1382 2818 contrairent
1394 2792 1519 2818 vetustius
1530 2791 1593 2822 cusi,
1604 2791 1630 2816 &
1644 2789 1700 2816 mss.
1712 2789 1804 2816 nostri.

1199 2828 1225 2854 S.
1244 2830 1324 2854 Tecum
1334 2831 1393 2853 enim
1402 2829 1466 2853 illum
1478 2848 1484 2857 ,
1506 2828 1535 2857 [15-
1544 2834 1565 2852 te
1573 2831 1599 2852 ini
1607 2828 1706 2851 Italiam
1715 2827 1756 2850 cel.
1775 2825 1816 2857 ff
1824 2828 1892 2848 vent.
1911 2822 1987 2856 confi]
2008 2821 2121 2849 Lambi-

1162 2874 1209 2891 nus
1221 2864 1307 2890 omisit
1317 2875 1346 2894 0
1356 2871 1377 2889 te
1388 2871 1416 2889 ut
1427 2863 1605 2899 supervacuas.
1621 2863 1650 2888 P.
1662 2859 1797 2886 Manutius
1808 2857 1926 2884 mutabat
1937 2860 1962 2883 in
1975 2859 2015 2891 effe
2026 2877 2034 2889 ‚
2044 2858 2119 2884 dele-

1162 2901 1259 2936 batque
1269 2901 1382 2926 alterum
1394 2901 1435 2933 effe
1446 2918 1453 2930 ,
1473 2898 1543 2934 quod
1564 2906 1628 2924 mox
1639 2895 1804 2930 sequebatur.
1825 2894 1906 2919 nostri
1926 2894 1992 2920 nibil
2004 2894 2119 2927 variant,

1163 2936 1208 2963 nili
1220 2936 1290 2972 quod
1301 2943 1388 2971 quart.
1400 2945 1450 2961 non
1461 2933 1582 2969 agnoscat
1592 2940 1624 2963 te,
1636 2931 1829 2966 retinueritque
1840 2929 1925 2956 solum
1936 2931 1975 2960 (ly.

1198 2981 1227 3006 9.
1247 2974 1294 3004 Qi
1306 2973 1329 3006 fi
1345 2973 1457 3004 eripuerit
1467 2971 1495 3003 se
1503 2969 1592 3002 nobis]
1612 2966 1774 2993 Gulielmius
1792 2965 1901 2992 adnotat
1919 2965 2007 2993 forsan
2026 2965 2120 3002 legeni-

1162 3008 1225 3034 duni
1237 3009 1310 3034 bonis.

1209 3053 1251 3070 10.
1269 3041 1450 3078 thlprofeflb
1459 3039 1576 3065 dubitabis
1585 3046 1625 3071 pro
1634 3038 1814 3072 hisfiaescipere]
1837 3038 1894 3065 Pal.
1904 3047 1945 3074 pr.
1957 3038 2022 3065 item
2033 3038 2121 3064 Wou-

1164 3080 1298 3107 wei-ianus
1310 3084 1414 3105 notatus
1426 3077 1516 3102 littera
1525 3077 1560 3100 T.
1569 3082 1609 3108 pru
1620 3075 1782 3107 mesitfiIper-e.

1203 3125 1213 3141 1
1222 3125 1230 3141 i
1239 3115 1324 3150 ,Ἱῦὴὶί
1331 3113 1455 3145 egopiffiam
1465 3111 1605 3144 infin-oria]
1618 3109 1836 3137 acclamantibus
1848 3108 1906 3136 mss.
1917 3109 2004 3141 libris,
2014 3108 2121 3137 iiitrufit

1166 3150 1311 3180 Lambinus
1321 3148 1484 3184 negativam,
1494 3149 1596 3182 nihilego
1608 3156 1652 3175 non
1657 3146 1755 3182 pqffism,
1765 3147 1818 3180 ὠτ.
1837 3154 1896 3183 quae
1904 3145 2034 3177 licentia?

2034 3190 2058 3209 1.
2067 3183 2117 3206 Re<

2114 422 2158 448 12

2132 2133 2169 2167 ¹3
