<?xml version="1.0" encoding="UTF-8"?>
<!DOCTYPE html PUBLIC "-//W3C//DTD XHTML 1.0 Transitional//EN"
    "http://www.w3.org/TR/xhtml1/DTD/xhtml1-transitional.dtd">
<html xmlns="http://www.w3.org/1999/xhtml" xml:lang="en" lang="en">
 <head>
  <title>
</title>
<meta http-equiv="Content-Type" content="text/html;charset=utf-8" />
  <meta name='ocr-system' content='tesseract 3.04.00' />
  <meta name='ocr-capabilities' content='ocr_page ocr_carea ocr_par ocr_line ocrx_word'/>
</head>
<body>
  <div class='ocr_page' id='page_1' title='image "./mtuliiciceroniso00cice/mtuliiciceroniso00cice_0117.png"; bbox 0 0 2302 3353; ppageno 0'>
   <div class='ocr_carea' id='block_1_1' title="bbox 500 154 1728 206">
    <p class='ocr_par' dir='ltr' id='par_1_1' title="bbox 500 154 1728 206">
     <span class='ocr_line' id='line_1_1' title="bbox 500 154 1728 206; baseline -0.004 -2"><span class='ocrx_word' id='word_1_1' title='bbox 500 172 572 204; x_wconf 76' lang='lat' dir='ltr'>na</span> <span class='ocrx_word' id='word_1_2' title='bbox 600 155 1044 206; x_wconf 70' lang='lat' dir='ltr'>&#39;INVENTIONE</span> <span class='ocrx_word' id='word_1_3' title='bbox 1092 157 1481 205; x_wconf 62' lang='lat' dir='ltr'>Rnaroarca·</span> <span class='ocrx_word' id='word_1_4' title='bbox 1530 154 1728 203; x_wconf 80' lang='lat' dir='ltr'>L113.I.</span> 
     </span>
    </p>
   </div>
   <div class='ocr_carea' id='block_1_2' title="bbox 147 229 1110 1025">
    <p class='ocr_par' dir='ltr' id='par_1_2' title="bbox 147 229 1110 1025">
     <span class='ocr_line' id='line_1_2' title="bbox 149 229 1109 278; baseline -0.009 -10"><span class='ocrx_word' id='word_1_5' title='bbox 149 232 238 278; x_wconf 78' lang='lat' dir='ltr'>poffis</span> <span class='ocrx_word' id='word_1_6' title='bbox 248 256 257 271; x_wconf 86' lang='lat'><em>‚</em></span> <span class='ocrx_word' id='word_1_7' title='bbox 267 236 303 266; x_wconf 67' lang='lat' dir='ltr'>u&#39;t</span> <span class='ocrx_word' id='word_1_8' title='bbox 312 254 321 268; x_wconf 89' lang='lat'><strong>‚</strong></span> <span class='ocrx_word' id='word_1_9' title='bbox 331 231 405 277; x_wconf 69' lang='lat' dir='ltr'>quid</span> <span class='ocrx_word' id='word_1_10' title='bbox 414 252 423 268; x_wconf 89' lang='lat'>‚</span> <span class='ocrx_word' id='word_1_11' title='bbox 436 231 470 263; x_wconf 70' lang='grc' dir='ltr'>ὅτ</span> <span class='ocrx_word' id='word_1_12' title='bbox 478 231 540 274; x_wconf 76' lang='lat' dir='ltr'>&#39;quo</span> <span class='ocrx_word' id='word_1_13' title='bbox 549 231 681 275; x_wconf 79' lang='lat' dir='ltr'>quidque</span> <span class='ocrx_word' id='word_1_14' title='bbox 692 231 761 260; x_wconf 83' lang='lat' dir='ltr'>loco·</span> <span class='ocrx_word' id='word_1_15' title='bbox 771 230 881 260; x_wconf 82' lang='lat' dir='ltr'><strong>dixeris</strong></span> <span class='ocrx_word' id='word_1_16' title='bbox 893 248 902 262; x_wconf 83' lang='lat'>‚</span> <span class='ocrx_word' id='word_1_17' title='bbox 922 229 1083 260; x_wconf 80' lang='lat' dir='ltr'>admoneas</span> <span class='ocrx_word' id='word_1_18' title='bbox 1096 240 1109 259; x_wconf 53' lang='grc' dir='ltr'>τ’</span> 
     </span>
     <span class='ocr_line' id='line_1_3' title="bbox 150 270 1103 316; baseline -0.01 -7"><span class='ocrx_word' id='word_1_19' title='bbox 150 288 216 309; x_wconf 80' lang='lat' dir='ltr'>turn</span> <span class='ocrx_word' id='word_1_20' title='bbox 227 276 299 307; x_wconf 76' lang='lat' dir='ltr'>verb</span> <span class='ocrx_word' id='word_1_21' title='bbox 308 276 476 316; x_wconf 82' lang='lat' dir='ltr'>personam,</span> <span class='ocrx_word' id='word_1_22' title='bbox 489 283 540 304; x_wconf 87' lang='lat' dir='ltr'>aut</span> <span class='ocrx_word' id='word_1_23' title='bbox 550 282 615 303; x_wconf 84' lang='lat' dir='ltr'>rem</span> <span class='ocrx_word' id='word_1_24' title='bbox 626 274 755 314; x_wconf 83' lang='lat' dir='ltr'>aliquam</span> <span class='ocrx_word' id='word_1_25' title='bbox 766 271 914 303; x_wconf 81' lang='lat' dir='ltr'>inducere,</span> <span class='ocrx_word' id='word_1_26' title='bbox 933 270 965 299; x_wconf 72' lang='grc' dir='ltr'>δε</span> <span class='ocrx_word' id='word_1_27' title='bbox 976 280 1103 300; x_wconf 80' lang='lat' dir='ltr'>enume—</span> 
     </span>
     <span class='ocr_line' id='line_1_4' title="bbox 149 311 1103 350; baseline -0.01 0"><span class='ocrx_word' id='word_1_28' title='bbox 149 322 296 350; x_wconf 80' lang='lat' dir='ltr'>rationem</span> <span class='ocrx_word' id='word_1_29' title='bbox 309 319 336 347; x_wconf 92' lang='lat' dir='ltr'>ei</span> <span class='ocrx_word' id='word_1_30' title='bbox 347 325 440 347; x_wconf 85' lang='lat' dir='ltr'>totam</span> <span class='ocrx_word' id='word_1_31' title='bbox 450 316 617 346; x_wconf 74' lang='lat' dir='ltr'>attribuere.</span> <span class='ocrx_word' id='word_1_32' title='bbox 637 315 795 344; x_wconf 82' lang='lat' dir='ltr'>Personam</span> <span class='ocrx_word' id='word_1_33' title='bbox 806 333 814 346; x_wconf 91' lang='lat'>,</span> <span class='ocrx_word' id='word_1_34' title='bbox 827 314 884 342; x_wconf 88' lang='lat' dir='ltr'>hoc</span> <span class='ocrx_word' id='word_1_35' title='bbox 894 311 991 342; x_wconf 86' lang='lat' dir='ltr'>modo</span> <span class='ocrx_word' id='word_1_36' title='bbox 1004 322 1009 340; x_wconf 73' lang='grc' dir='ltr'><strong><em>τ</em></strong></span> <span class='ocrx_word' id='word_1_37' title='bbox 1021 314 1103 341; x_wconf 81' lang='lat' dir='ltr'>Nam</span> 
     </span>
     <span class='ocr_line' id='line_1_5' title="bbox 149 352 1101 402; baseline -0.009 -12"><span class='ocrx_word' id='word_1_38' title='bbox 149 359 171 391; x_wconf 82' lang='lat' dir='ltr'><strong>fi</strong></span> <span class='ocrx_word' id='word_1_39' title='bbox 182 361 254 402; x_wconf 87' lang='lat' dir='ltr'>legis</span> <span class='ocrx_word' id='word_1_40' title='bbox 264 360 384 398; x_wconf 83' lang='lat' dir='ltr'>scriptor</span> <span class='ocrx_word' id='word_1_41' title='bbox 392 356 509 387; x_wconf 81' lang='lat' dir='ltr'>exsistat</span> <span class='ocrx_word' id='word_1_42' title='bbox 519 377 527 392; x_wconf 82' lang='grc'>,</span> <span class='ocrx_word' id='word_1_43' title='bbox 540 357 573 386; x_wconf 71' lang='grc' dir='ltr'>ὃς</span> <span class='ocrx_word' id='word_1_44' title='bbox 583 364 693 396; x_wconf 81' lang='lat' dir='ltr'>quaerat</span> <span class='ocrx_word' id='word_1_45' title='bbox 701 355 717 385; x_wconf 72' lang='lat' dir='ltr'>a</span> <span class='ocrx_word' id='word_1_46' title='bbox 729 354 816 384; x_wconf 85' lang='lat' dir='ltr'>vobis</span> <span class='ocrx_word' id='word_1_47' title='bbox 828 374 837 388; x_wconf 87' lang='lat'>‚</span> <span class='ocrx_word' id='word_1_48' title='bbox 857 353 930 394; x_wconf 86' lang='lat' dir='ltr'>quid</span> <span class='ocrx_word' id='word_1_49' title='bbox 940 352 1081 383; x_wconf 86' lang='lat' dir='ltr'>dubitetis</span> <span class='ocrx_word' id='word_1_50' title='bbox 1093 372 1101 385; x_wconf 90' lang='lat'>,</span> 
     </span>
     <span class='ocr_line' id='line_1_6' title="bbox 147 393 1104 443; baseline -0.008 -12"><span class='ocrx_word' id='word_1_51' title='bbox 147 401 230 443; x_wconf 74' lang='lat' dir='ltr'>quod</span> <span class='ocrx_word' id='word_1_52' title='bbox 240 399 353 442; x_wconf 74' lang='lat' dir='ltr'>possitis</span> <span class='ocrx_word' id='word_1_53' title='bbox 365 399 462 430; x_wconf 84' lang='lat' dir='ltr'><strong>dicere</strong></span> <span class='ocrx_word' id='word_1_54' title='bbox 472 419 481 433; x_wconf 89' lang='lat'>,</span> <span class='ocrx_word' id='word_1_55' title='bbox 492 398 564 428; x_wconf 74' lang='lat' dir='ltr'>cum</span> <span class='ocrx_word' id='word_1_56' title='bbox 575 397 662 428; x_wconf 89' lang='lat' dir='ltr'>vobis</span> <span class='ocrx_word' id='word_1_57' title='bbox 673 399 731 426; x_wconf 83' lang='lat' dir='ltr'>hoc</span> <span class='ocrx_word' id='word_1_58' title='bbox 741 417 749 430; x_wconf 88' lang='lat'>‚</span> <span class='ocrx_word' id='word_1_59' title='bbox 764 396 795 426; x_wconf 67' lang='grc' dir='ltr'>ὃς</span> <span class='ocrx_word' id='word_1_60' title='bbox 807 397 865 425; x_wconf 91' lang='lat' dir='ltr'>hoc</span> <span class='ocrx_word' id='word_1_61' title='bbox 874 394 908 425; x_wconf 86' lang='lat' dir='ltr'>fit</span> <span class='ocrx_word' id='word_1_62' title='bbox 917 393 1104 424; x_wconf 81' lang='lat' dir='ltr'>demonstra-</span> 
     </span>
     <span class='ocr_line' id='line_1_7' title="bbox 149 434 1105 483; baseline -0.008 -11"><span class='ocrx_word' id='word_1_63' title='bbox 149 452 225 472; x_wconf 66' lang='grc' dir='ltr'>ωιτη.</span> <span class='ocrx_word' id='word_1_64' title='bbox 248 445 344 483; x_wconf 82' lang='lat' dir='ltr'>Atque</span> <span class='ocrx_word' id='word_1_65' title='bbox 355 440 496 475; x_wconf 56' lang='lat' dir='ltr'>hic,‘itern</span> <span class='ocrx_word' id='word_1_66' title='bbox 511 442 586 470; x_wconf 84' lang='lat' dir='ltr'>utin</span> <span class='ocrx_word' id='word_1_67' title='bbox 595 438 695 469; x_wconf 88' lang='lat' dir='ltr'>nostra</span> <span class='ocrx_word' id='word_1_68' title='bbox 704 439 839 478; x_wconf 81' lang='lat' dir='ltr'>persona,</span> <span class='ocrx_word' id='word_1_69' title='bbox 852 437 956 467; x_wconf 81' lang='lat' dir='ltr'><strong>licebit</strong></span> <span class='ocrx_word' id='word_1_70' title='bbox 964 436 1035 466; x_wconf 59' lang='lat' dir='ltr'>alias</span> <span class='ocrx_word' id='word_1_71' title='bbox 1046 434 1105 465; x_wconf 86' lang='lat' dir='ltr'>fin-</span> 
     </span>
     <span class='ocr_line' id='line_1_8' title="bbox 147 477 1106 526; baseline -0.008 -12"><span class='ocrx_word' id='word_1_72' title='bbox 147 484 275 526; x_wconf 83' lang='lat' dir='ltr'>gillatim</span> <span class='ocrx_word' id='word_1_73' title='bbox 293 481 411 513; x_wconf 74' lang='lat' dir='ltr'>tianfire</span> <span class='ocrx_word' id='word_1_74' title='bbox 430 484 550 513; x_wconf 81' lang='lat' dir='ltr'>omneis</span> <span class='ocrx_word' id='word_1_75' title='bbox 569 482 840 523; x_wconf 82' lang='lat' dir='ltr'>argumentationes</span> <span class='ocrx_word' id='word_1_76' title='bbox 854 489 859 507; x_wconf 79' lang='lat' dir='ltr'>z</span> <span class='ocrx_word' id='word_1_77' title='bbox 880 478 951 509; x_wconf 70' lang='lat' dir='ltr'>alias</span> <span class='ocrx_word' id='word_1_78' title='bbox 969 477 1005 507; x_wconf 85' lang='lat' dir='ltr'>ad</span> <span class='ocrx_word' id='word_1_79' title='bbox 1015 479 1106 517; x_wconf 77' lang='lat' dir='ltr'>pasti-</span> 
     </span>
     <span class='ocr_line' id='line_1_9' title="bbox 148 517 1106 567; baseline -0.008 -11"><span class='ocrx_word' id='word_1_80' title='bbox 148 528 248 556; x_wconf 72' lang='lat' dir='ltr'>tiones</span> <span class='ocrx_word' id='word_1_81' title='bbox 259 523 372 566; x_wconf 82' lang='lat' dir='ltr'>singula</span> <span class='ocrx_word' id='word_1_82' title='bbox 379 535 486 567; x_wconf 88' lang='lat' dir='ltr'>genera</span> <span class='ocrx_word' id='word_1_83' title='bbox 497 523 603 554; x_wconf 80' lang='lat' dir='ltr'>referre</span> <span class='ocrx_word' id='word_1_84' title='bbox 613 543 622 556; x_wconf 80' lang='lat'>‚</span> <span class='ocrx_word' id='word_1_85' title='bbox 642 522 714 553; x_wconf 70' lang='lat' dir='ltr'>alias</span> <span class='ocrx_word' id='word_1_86' title='bbox 725 522 761 551; x_wconf 82' lang='lat' dir='ltr'>ab</span> <span class='ocrx_word' id='word_1_87' title='bbox 770 521 905 552; x_wconf 87' lang='lat' dir='ltr'>auditore</span> <span class='ocrx_word' id='word_1_88' title='bbox 914 540 923 553; x_wconf 84' lang='lat'>‚</span> <span class='ocrx_word' id='word_1_89' title='bbox 948 520 1021 561; x_wconf 87' lang='lat' dir='ltr'>quid</span> <span class='ocrx_word' id='word_1_90' title='bbox 1031 517 1106 550; x_wconf 84' lang='lat' dir='ltr'>desi-</span> 
     </span>
     <span class='ocr_line' id='line_1_10' title="bbox 149 561 1106 608; baseline -0.008 -10"><span class='ocrx_word' id='word_1_91' title='bbox 149 568 232 599; x_wconf 85' lang='lat' dir='ltr'>deret</span> <span class='ocrx_word' id='word_1_92' title='bbox 241 587 250 601; x_wconf 91' lang='lat'>,</span> <span class='ocrx_word' id='word_1_93' title='bbox 270 576 399 608; x_wconf 88' lang='lat' dir='ltr'>quaerere</span> <span class='ocrx_word' id='word_1_94' title='bbox 411 587 419 600; x_wconf 85' lang='lat'>,</span> <span class='ocrx_word' id='word_1_95' title='bbox 440 566 510 597; x_wconf 71' lang='lat' dir='ltr'>alias</span> <span class='ocrx_word' id='word_1_96' title='bbox 528 567 590 595; x_wconf 81' lang='lat' dir='ltr'>haec</span> <span class='ocrx_word' id='word_1_97' title='bbox 599 564 692 595; x_wconf 80' lang='lat' dir='ltr'>facere</span> <span class='ocrx_word' id='word_1_98' title='bbox 711 573 763 604; x_wconf 87' lang='lat' dir='ltr'>per</span> <span class='ocrx_word' id='word_1_99' title='bbox 772 563 1030 602; x_wconf 79' lang='lat' dir='ltr'>comparationem</span> <span class='ocrx_word' id='word_1_100' title='bbox 1041 561 1106 591; x_wconf 76' lang='lat' dir='ltr'>sua·</span> 
     </span>
     <span class='ocr_line' id='line_1_11' title="bbox 149 604 1106 647; baseline -0.009 -7"><span class='ocrx_word' id='word_1_101' title='bbox 149 619 217 640; x_wconf 84' lang='lat' dir='ltr'>rum</span> <span class='ocrx_word' id='word_1_102' title='bbox 228 629 237 643; x_wconf 90' lang='lat'>,</span> <span class='ocrx_word' id='word_1_103' title='bbox 263 610 296 639; x_wconf 92' lang='lat'><strong>&amp;</strong></span> <span class='ocrx_word' id='word_1_104' title='bbox 306 610 520 639; x_wconf 77' lang='lat' dir='ltr'>contrariarum</span> <span class='ocrx_word' id='word_1_105' title='bbox 539 607 843 647; x_wconf 79' lang='lat' dir='ltr'>argumentationum.</span> <span class='ocrx_word' id='word_1_106' title='bbox 877 606 937 634; x_wconf 83' lang='lat' dir='ltr'>Res</span> <span class='ocrx_word' id='word_1_107' title='bbox 947 611 1046 632; x_wconf 88' lang='lat' dir='ltr'>autem</span> <span class='ocrx_word' id='word_1_108' title='bbox 1057 604 1106 631; x_wconf 87' lang='lat' dir='ltr'>in-</span> 
     </span>
     <span class='ocr_line' id='line_1_12' title="bbox 149 645 1107 690; baseline -0.009 -9"><span class='ocrx_word' id='word_1_109' title='bbox 149 651 274 682; x_wconf 83' lang='lat' dir='ltr'><strong>ducetur</strong></span> <span class='ocrx_word' id='word_1_110' title='bbox 283 671 291 684; x_wconf 85' lang='lat'>,</span> <span class='ocrx_word' id='word_1_111' title='bbox 304 649 325 679; x_wconf 84' lang='lat' dir='ltr'>si</span> <span class='ocrx_word' id='word_1_112' title='bbox 334 651 422 680; x_wconf 87' lang='lat' dir='ltr'>alicui</span> <span class='ocrx_word' id='word_1_113' title='bbox 435 652 476 680; x_wconf 93' lang='lat' dir='ltr'>rei</span> <span class='ocrx_word' id='word_1_114' title='bbox 486 647 662 690; x_wconf 76' lang='lat' dir='ltr'>hujusmodi</span> <span class='ocrx_word' id='word_1_115' title='bbox 673 668 682 681; x_wconf 80' lang='lat'>,</span> <span class='ocrx_word' id='word_1_116' title='bbox 694 648 750 688; x_wconf 77' lang='lat' dir='ltr'>legi</span> <span class='ocrx_word' id='word_1_117' title='bbox 761 667 769 679; x_wconf 93' lang='lat'><em>‚</em></span> <span class='ocrx_word' id='word_1_118' title='bbox 782 647 852 675; x_wconf 88' lang='lat' dir='ltr'>loco</span> <span class='ocrx_word' id='word_1_119' title='bbox 863 665 870 678; x_wconf 83' lang='lat'>‚</span> <span class='ocrx_word' id='word_1_120' title='bbox 884 645 970 677; x_wconf 85' lang='lat' dir='ltr'>urbi,</span> <span class='ocrx_word' id='word_1_121' title='bbox 992 653 1107 674; x_wconf 84' lang='lat' dir='ltr'>monu-</span> 
     </span>
     <span class='ocr_line' id='line_1_13' title="bbox 150 685 1103 730; baseline -0.01 -6"><span class='ocrx_word' id='word_1_122' title='bbox 150 702 256 724; x_wconf 86' lang='lat' dir='ltr'>mento</span> <span class='ocrx_word' id='word_1_123' title='bbox 265 692 440 723; x_wconf 78' lang='lat' dir='ltr'>attribuetur</span> <span class='ocrx_word' id='word_1_124' title='bbox 451 694 546 722; x_wconf 85' lang='lat' dir='ltr'>oratio</span> <span class='ocrx_word' id='word_1_125' title='bbox 557 701 607 730; x_wconf 90' lang='lat' dir='ltr'>per</span> <span class='ocrx_word' id='word_1_126' title='bbox 617 690 878 720; x_wconf 69' lang='lat' dir='ltr'>enumerationem</span> <span class='ocrx_word' id='word_1_127' title='bbox 889 707 898 719; x_wconf 91' lang='lat'>,</span> <span class='ocrx_word' id='word_1_128' title='bbox 919 687 978 716; x_wconf 86' lang='lat' dir='ltr'>hoc</span> <span class='ocrx_word' id='word_1_129' title='bbox 991 685 1085 715; x_wconf 89' lang='lat' dir='ltr'>modo</span> <span class='ocrx_word' id='word_1_130' title='bbox 1098 695 1103 713; x_wconf 90' lang='lat'>:</span> 
     </span>
     <span class='ocr_line' id='line_1_14' title="bbox 150 728 1105 776; baseline -0.01 -10"><span class='ocrx_word' id='word_1_131' title='bbox 150 735 232 776; x_wconf 83' lang='lat' dir='ltr'>Qid</span> <span class='ocrx_word' id='word_1_132' title='bbox 243 733 264 764; x_wconf 82' lang='lat' dir='ltr'>si</span> <span class='ocrx_word' id='word_1_133' title='bbox 276 735 352 775; x_wconf 83' lang='lat' dir='ltr'>leges</span> <span class='ocrx_word' id='word_1_134' title='bbox 365 735 448 775; x_wconf 89' lang='lat' dir='ltr'>loqui</span> <span class='ocrx_word' id='word_1_135' title='bbox 458 731 596 773; x_wconf 78' lang='lat' dir='ltr'>pofl&#39;ent?</span> <span class='ocrx_word' id='word_1_136' title='bbox 609 740 713 761; x_wconf 86' lang='lat' dir='ltr'>nonne</span> <span class='ocrx_word' id='word_1_137' title='bbox 724 731 785 759; x_wconf 77' lang='lat' dir='ltr'>haec</span> <span class='ocrx_word' id='word_1_138' title='bbox 795 728 872 769; x_wconf 85' lang='lat' dir='ltr'>apud</span> <span class='ocrx_word' id='word_1_139' title='bbox 881 738 936 758; x_wconf 89' lang='lat' dir='ltr'>vos</span> <span class='ocrx_word' id='word_1_140' title='bbox 947 737 1105 769; x_wconf 87' lang='lat' dir='ltr'>quereren-</span> 
     </span>
     <span class='ocr_line' id='line_1_15' title="bbox 151 769 1107 816; baseline -0.01 -9"><span class='ocrx_word' id='word_1_141' title='bbox 151 785 199 807; x_wconf 77' lang='lat' dir='ltr'>tur</span> <span class='ocrx_word' id='word_1_142' title='bbox 209 780 220 806; x_wconf 91' lang='lat'>?</span> <span class='ocrx_word' id='word_1_143' title='bbox 230 776 382 816; x_wconf 80' lang='lat' dir='ltr'>Qiidnam</span> <span class='ocrx_word' id='word_1_144' title='bbox 396 773 524 815; x_wconf 70' lang='lat' dir='ltr'>amplius</span> <span class='ocrx_word' id='word_1_145' title='bbox 534 772 710 805; x_wconf 79' lang='lat' dir='ltr'>desideratis,</span> <span class='ocrx_word' id='word_1_146' title='bbox 724 773 730 809; x_wconf 66' lang='grc' dir='ltr'>ι’</span> <span class='ocrx_word' id='word_1_147' title='bbox 735 771 834 801; x_wconf 89' lang='lat' dir='ltr'>udices</span> <span class='ocrx_word' id='word_1_148' title='bbox 847 790 855 803; x_wconf 89' lang='lat'>,</span> <span class='ocrx_word' id='word_1_149' title='bbox 866 769 939 800; x_wconf 74' lang='lat' dir='ltr'>cum</span> <span class='ocrx_word' id='word_1_150' title='bbox 948 769 1038 799; x_wconf 89' lang='lat' dir='ltr'>vobis</span> <span class='ocrx_word' id='word_1_151' title='bbox 1050 770 1107 798; x_wconf 89' lang='lat' dir='ltr'>hoc</span> 
     </span>
     <span class='ocr_line' id='line_1_16' title="bbox 151 810 1107 858; baseline -0.012 -8"><span class='ocrx_word' id='word_1_152' title='bbox 151 819 255 849; x_wconf 81' lang='lat' dir='ltr'>&amp;hoc</span> <span class='ocrx_word' id='word_1_153' title='bbox 265 818 390 858; x_wconf 86' lang='lat' dir='ltr'>planum</span> <span class='ocrx_word' id='word_1_154' title='bbox 402 816 514 846; x_wconf 61' lang='lat' dir='ltr'>fadium</span> <span class='ocrx_word' id='word_1_155' title='bbox 525 813 579 844; x_wconf 84' lang='lat' dir='ltr'>sit?</span> <span class='ocrx_word' id='word_1_156' title='bbox 595 817 632 843; x_wconf 91' lang='lat' dir='ltr'>In</span> <span class='ocrx_word' id='word_1_157' title='bbox 642 815 702 843; x_wconf 79' lang='lat' dir='ltr'>hoc</span> <span class='ocrx_word' id='word_1_158' title='bbox 712 823 832 854; x_wconf 86' lang='lat' dir='ltr'>quoque</span> <span class='ocrx_word' id='word_1_159' title='bbox 843 821 951 852; x_wconf 80' lang='lat' dir='ltr'>genere</span> <span class='ocrx_word' id='word_1_160' title='bbox 961 810 1107 841; x_wconf 81' lang='lat' dir='ltr'>omnibus</span> 
     </span>
     <span class='ocr_line' id='line_1_17' title="bbox 151 853 1108 894; baseline -0.01 -3"><span class='ocrx_word' id='word_1_161' title='bbox 151 861 265 890; x_wconf 87' lang='lat' dir='ltr'>eisdem</span> <span class='ocrx_word' id='word_1_162' title='bbox 277 859 375 890; x_wconf 88' lang='lat' dir='ltr'>modis</span> <span class='ocrx_word' id='word_1_163' title='bbox 387 860 430 888; x_wconf 89' lang='lat' dir='ltr'>uti</span> <span class='ocrx_word' id='word_1_164' title='bbox 440 857 552 887; x_wconf 85' lang='lat' dir='ltr'>licebit.</span> <span class='ocrx_word' id='word_1_165' title='bbox 563 858 736 886; x_wconf 85' lang='lat' dir='ltr'>Commune</span> <span class='ocrx_word' id='word_1_166' title='bbox 747 864 846 884; x_wconf 84' lang='lat' dir='ltr'>autem</span> <span class='ocrx_word' id='word_1_167' title='bbox 857 861 1037 894; x_wconf 84' lang='lat' dir='ltr'>praeceptum</span> <span class='ocrx_word' id='word_1_168' title='bbox 1051 853 1108 882; x_wconf 86' lang='lat' dir='ltr'>hoc</span> 
     </span>
     <span class='ocr_line' id='line_1_18' title="bbox 152 895 1110 937; baseline -0.01 -4"><span class='ocrx_word' id='word_1_169' title='bbox 152 901 238 932; x_wconf 88' lang='lat' dir='ltr'>datur</span> <span class='ocrx_word' id='word_1_170' title='bbox 247 901 282 932; x_wconf 88' lang='lat' dir='ltr'>ad</span> <span class='ocrx_word' id='word_1_171' title='bbox 297 901 553 930; x_wconf 83' lang='lat' dir='ltr'>enumerationem</span> <span class='ocrx_word' id='word_1_172' title='bbox 565 918 573 931; x_wconf 90' lang='lat'>‚</span> <span class='ocrx_word' id='word_1_173' title='bbox 594 905 627 927; x_wconf 86' lang='lat' dir='ltr'>ut</span> <span class='ocrx_word' id='word_1_174' title='bbox 637 907 675 926; x_wconf 87' lang='lat' dir='ltr'>ex</span> <span class='ocrx_word' id='word_1_175' title='bbox 686 906 864 937; x_wconf 86' lang='lat' dir='ltr'>unaquaque</span> <span class='ocrx_word' id='word_1_176' title='bbox 874 895 1110 937; x_wconf 82' lang='lat' dir='ltr'>argumentatio-</span> 
     </span>
     <span class='ocr_line' id='line_1_19' title="bbox 154 935 1108 984; baseline -0.009 -10"><span class='ocrx_word' id='word_1_177' title='bbox 154 954 193 974; x_wconf 83' lang='lat' dir='ltr'>ne</span> <span class='ocrx_word' id='word_1_178' title='bbox 206 964 214 977; x_wconf 92' lang='lat'>,</span> <span class='ocrx_word' id='word_1_179' title='bbox 225 945 370 984; x_wconf 87' lang='lat' dir='ltr'>quoniam</span> <span class='ocrx_word' id='word_1_180' title='bbox 382 950 441 971; x_wconf 82' lang='lat' dir='ltr'>tota</span> <span class='ocrx_word' id='word_1_181' title='bbox 451 942 558 970; x_wconf 87' lang='lat' dir='ltr'>iterum</span> <span class='ocrx_word' id='word_1_182' title='bbox 568 939 628 969; x_wconf 79' lang='lat' dir='ltr'>dici</span> <span class='ocrx_word' id='word_1_183' title='bbox 637 949 703 969; x_wconf 90' lang='lat' dir='ltr'>non</span> <span class='ocrx_word' id='word_1_184' title='bbox 713 938 828 978; x_wconf 85' lang='lat' dir='ltr'>potest,</span> <span class='ocrx_word' id='word_1_185' title='bbox 842 937 872 968; x_wconf 87' lang='lat' dir='ltr'>id</span> <span class='ocrx_word' id='word_1_186' title='bbox 881 939 1015 974; x_wconf 62' lang='lat' dir='ltr'>eligatur,</span> <span class='ocrx_word' id='word_1_187' title='bbox 1026 935 1108 977; x_wconf 87' lang='lat' dir='ltr'>quod</span> 
     </span>
     <span class='ocr_line' id='line_1_20' title="bbox 152 976 1109 1025; baseline -0.008 -10"><span class='ocrx_word' id='word_1_188' title='bbox 152 983 410 1025; x_wconf 76' lang='lat' dir='ltr'>erit-gravtffimum</span> <span class='ocrx_word' id='word_1_189' title='bbox 421 1003 430 1016; x_wconf 91' lang='lat'>,</span> <span class='ocrx_word' id='word_1_190' title='bbox 443 983 475 1013; x_wconf 68' lang='lat' dir='ltr'>&amp;c</span> <span class='ocrx_word' id='word_1_191' title='bbox 486 981 726 1022; x_wconf 84' lang='lat' dir='ltr'>unumquodque</span> <span class='ocrx_word' id='word_1_192' title='bbox 735 979 825 1022; x_wconf 70' lang='lat' dir='ltr'>quam</span> <span class='ocrx_word' id='word_1_193' title='bbox 836 980 930 1010; x_wconf 75' lang='lat' dir='ltr'>brevii</span> <span class='ocrx_word' id='word_1_194' title='bbox 942 976 1006 1008; x_wconf 76' lang='lat' dir='ltr'>ime</span> <span class='ocrx_word' id='word_1_195' title='bbox 1017 978 1109 1008; x_wconf 83' lang='lat' dir='ltr'>trans-</span> 
     </span>
    </p>
   </div>
   <div class='ocr_carea' id='block_1_3' title="bbox 1124 230 1130 1015">
    <p class='ocr_par' dir='ltr' id='par_1_3' title="bbox 1124 230 1130 1015">
     <span class='ocr_line' id='line_1_21' title="bbox 1124 230 1130 1015; baseline 0 0"><span class='ocrx_word' id='word_1_196' title='bbox 1124 230 1130 1015; x_wconf 95' lang='lat' dir='ltr'> </span> 
     </span>
    </p>
   </div>
   <div class='ocr_carea' id='block_1_4' title="bbox 90 1019 1107 1072">
    <p class='ocr_par' dir='ltr' id='par_1_4' title="bbox 90 1019 1107 1072">
     <span class='ocr_line' id='line_1_22' title="bbox 90 1019 1107 1072; baseline -0.009 -15"><span class='ocrx_word' id='word_1_197' title='bbox 90 1042 110 1071; x_wconf 86' lang='lat'><em>5</em></span> <span class='ocrx_word' id='word_1_198' title='bbox 121 1039 134 1072; x_wconf 82' lang='lat'><em>3</em></span> <span class='ocrx_word' id='word_1_199' title='bbox 153 1035 232 1057; x_wconf 81' lang='lat' dir='ltr'>eatur</span> <span class='ocrx_word' id='word_1_200' title='bbox 244 1031 294 1059; x_wconf 56' lang='lat' dir='ltr'>,iit</span> <span class='ocrx_word' id='word_1_201' title='bbox 305 1027 461 1058; x_wconf 84' lang='lat' dir='ltr'>memoria,</span> <span class='ocrx_word' id='word_1_202' title='bbox 476 1034 540 1054; x_wconf 89' lang='lat' dir='ltr'>non</span> <span class='ocrx_word' id='word_1_203' title='bbox 551 1026 646 1054; x_wconf 74' lang='lat' dir='ltr'>oratio</span> <span class='ocrx_word' id='word_1_204' title='bbox 658 1031 799 1053; x_wconf 82' lang='lat' dir='ltr'>renovata</span> <span class='ocrx_word' id='word_1_205' title='bbox 807 1022 951 1052; x_wconf 85' lang='lat' dir='ltr'>videatur.</span> <span class='ocrx_word' id='word_1_206' title='bbox 965 1019 1107 1061; x_wconf 83' lang='lat' dir='ltr'>Indigna-</span> 
     </span>
    </p>
   </div>
   <div class='ocr_carea' id='block_1_5' title="bbox 148 1063 1115 2152">
    <p class='ocr_par' dir='ltr' id='par_1_5' title="bbox 148 1063 1115 2152">
     <span class='ocr_line' id='line_1_23' title="bbox 153 1063 1106 1108; baseline -0.008 -10"><span class='ocrx_word' id='word_1_207' title='bbox 153 1070 206 1102; x_wconf 88' lang='lat' dir='ltr'>tio,</span> <span class='ocrx_word' id='word_1_208' title='bbox 217 1066 260 1098; x_wconf 80' lang='lat' dir='ltr'>est</span> <span class='ocrx_word' id='word_1_209' title='bbox 269 1066 429 1106; x_wconf 66' lang='lat' dir='ltr'>oratio‚‘per</span> <span class='ocrx_word' id='word_1_210' title='bbox 436 1076 527 1108; x_wconf 83' lang='lat' dir='ltr'>quam</span> <span class='ocrx_word' id='word_1_211' title='bbox 538 1064 744 1099; x_wconf 61' lang='lat' dir='ltr'>conficitunut</span> <span class='ocrx_word' id='word_1_212' title='bbox 754 1066 787 1094; x_wconf 90' lang='lat' dir='ltr'>in</span> <span class='ocrx_word' id='word_1_213' title='bbox 798 1065 934 1104; x_wconf 85' lang='lat' dir='ltr'>aliquem.</span> <span class='ocrx_word' id='word_1_214' title='bbox 944 1063 1106 1092; x_wconf 88' lang='lat' dir='ltr'>hominem</span> 
     </span>
     <span class='ocr_line' id='line_1_24' title="bbox 151 1104 1108 1151; baseline -0.008 -11"><span class='ocrx_word' id='word_1_215' title='bbox 151 1119 297 1151; x_wconf 84' lang='lat' dir='ltr'>magnum</span> <span class='ocrx_word' id='word_1_216' title='bbox 308 1108 415 1139; x_wconf 89' lang='lat' dir='ltr'>odium</span> <span class='ocrx_word' id='word_1_217' title='bbox 426 1128 435 1141; x_wconf 84' lang='lat'>‚</span> <span class='ocrx_word' id='word_1_218' title='bbox 447 1109 539 1138; x_wconf 82' lang='lat' dir='ltr'>autin</span> <span class='ocrx_word' id='word_1_219' title='bbox 550 1117 613 1137; x_wconf 88' lang='lat' dir='ltr'>rem</span> <span class='ocrx_word' id='word_1_220' title='bbox 623 1110 718 1149; x_wconf 87' lang='lat' dir='ltr'>gravis</span> <span class='ocrx_word' id='word_1_221' title='bbox 728 1104 854 1137; x_wconf 81' lang='lat' dir='ltr'>offcnfio</span> <span class='ocrx_word' id='word_1_222' title='bbox 865 1106 1042 1135; x_wconf 84' lang='lat' dir='ltr'>concitetur.</span> <span class='ocrx_word' id='word_1_223' title='bbox 1072 1106 1108 1132; x_wconf 91' lang='lat' dir='ltr'>In</span> 
     </span>
     <span class='ocr_line' id='line_1_25' title="bbox 150 1145 1108 1192; baseline -0.008 -10"><span class='ocrx_word' id='word_1_224' title='bbox 150 1153 210 1183; x_wconf 79' lang='lat' dir='ltr'>hoc</span> <span class='ocrx_word' id='word_1_225' title='bbox 219 1160 325 1192; x_wconf 85' lang='lat' dir='ltr'>genere</span> <span class='ocrx_word' id='word_1_226' title='bbox 335 1150 411 1180; x_wconf 88' lang='lat' dir='ltr'>illud</span> <span class='ocrx_word' id='word_1_227' title='bbox 421 1152 556 1190; x_wconf 83' lang='lat' dir='ltr'>primum</span> <span class='ocrx_word' id='word_1_228' title='bbox 578 1150 707 1190; x_wconf 87' lang='lat' dir='ltr'>intelligi</span> <span class='ocrx_word' id='word_1_229' title='bbox 727 1149 870 1179; x_wconf 89' lang='lat' dir='ltr'>volumus</span> <span class='ocrx_word' id='word_1_230' title='bbox 881 1168 889 1181; x_wconf 82' lang='lat'>‚</span> <span class='ocrx_word' id='word_1_231' title='bbox 912 1145 995 1187; x_wconf 66' lang='lat' dir='ltr'>poss&#39;e</span> <span class='ocrx_word' id='word_1_232' title='bbox 1005 1147 1108 1175; x_wconf 88' lang='lat' dir='ltr'>omni-</span> 
     </span>
     <span class='ocr_line' id='line_1_26' title="bbox 152 1187 1105 1233; baseline -0.007 -10"><span class='ocrx_word' id='word_1_233' title='bbox 152 1194 206 1224; x_wconf 90' lang='lat' dir='ltr'>bus</span> <span class='ocrx_word' id='word_1_234' title='bbox 218 1203 256 1223; x_wconf 84' lang='lat' dir='ltr'>ex</span> <span class='ocrx_word' id='word_1_235' title='bbox 268 1193 340 1222; x_wconf 89' lang='lat' dir='ltr'>locis</span> <span class='ocrx_word' id='word_1_236' title='bbox 351 1195 387 1222; x_wconf 85' lang='lat' dir='ltr'>iis</span> <span class='ocrx_word' id='word_1_237' title='bbox 400 1212 408 1226; x_wconf 89' lang='lat'>‚</span> <span class='ocrx_word' id='word_1_238' title='bbox 429 1202 504 1233; x_wconf 89' lang='lat' dir='ltr'>quos</span> <span class='ocrx_word' id='word_1_239' title='bbox 515 1193 548 1221; x_wconf 89' lang='lat' dir='ltr'>in</span> <span class='ocrx_word' id='word_1_240' title='bbox 557 1189 758 1221; x_wconf 78' lang='lat' dir='ltr'>confirmandi</span> <span class='ocrx_word' id='word_1_241' title='bbox 769 1191 920 1230; x_wconf 73' lang='lat' dir='ltr'>praeceptis</span> <span class='ocrx_word' id='word_1_242' title='bbox 928 1187 1086 1228; x_wconf 71' lang='lat' dir='ltr'>pofflimus</span> <span class='ocrx_word' id='word_1_243' title='bbox 1098 1207 1105 1220; x_wconf 90' lang='lat'>,</span> 
     </span>
     <span class='ocr_line' id='line_1_27' title="bbox 151 1230 1106 1275; baseline -0.007 -10"><span class='ocrx_word' id='word_1_244' title='bbox 151 1234 265 1266; x_wconf 68' lang='lat' dir='ltr'>tra-stari</span> <span class='ocrx_word' id='word_1_245' title='bbox 286 1234 538 1275; x_wconf 83' lang='lat' dir='ltr'>indignationem.</span> <span class='ocrx_word' id='word_1_246' title='bbox 562 1243 635 1263; x_wconf 81' lang='lat' dir='ltr'>nam</span> <span class='ocrx_word' id='word_1_247' title='bbox 646 1234 731 1262; x_wconf 79' lang='lat' dir='ltr'>exiis</span> <span class='ocrx_word' id='word_1_248' title='bbox 744 1232 830 1262; x_wconf 90' lang='lat' dir='ltr'>rebus</span> <span class='ocrx_word' id='word_1_249' title='bbox 841 1251 849 1264; x_wconf 93' lang='lat'>,</span> <span class='ocrx_word' id='word_1_250' title='bbox 871 1240 937 1271; x_wconf 83' lang='lat' dir='ltr'>quae</span> <span class='ocrx_word' id='word_1_251' title='bbox 952 1230 1087 1270; x_wconf 86' lang='lat' dir='ltr'>personis</span> <span class='ocrx_word' id='word_1_252' title='bbox 1099 1249 1106 1263; x_wconf 92' lang='lat'><em>‚</em></span> 
     </span>
     <span class='ocr_line' id='line_1_28' title="bbox 150 1271 1108 1318; baseline -0.006 -12"><span class='ocrx_word' id='word_1_253' title='bbox 150 1285 238 1318; x_wconf 85' lang='lat' dir='ltr'>atque</span> <span class='ocrx_word' id='word_1_254' title='bbox 249 1278 378 1317; x_wconf 87' lang='lat' dir='ltr'>negotiis</span> <span class='ocrx_word' id='word_1_255' title='bbox 389 1275 533 1305; x_wconf 84' lang='lat' dir='ltr'>attributae</span> <span class='ocrx_word' id='word_1_256' title='bbox 546 1275 631 1307; x_wconf 88' lang='lat' dir='ltr'>sunt,</span> <span class='ocrx_word' id='word_1_257' title='bbox 653 1276 766 1315; x_wconf 82' lang='lat' dir='ltr'>quaevis</span> <span class='ocrx_word' id='word_1_258' title='bbox 783 1271 1030 1313; x_wconf 78' lang='lat' dir='ltr'>amplificationes</span> <span class='ocrx_word' id='word_1_259' title='bbox 1044 1292 1052 1305; x_wconf 87' lang='lat'>,</span> <span class='ocrx_word' id='word_1_260' title='bbox 1075 1271 1108 1301; x_wconf 72' lang='grc' dir='ltr'>δε</span> 
     </span>
     <span class='ocr_line' id='line_1_29' title="bbox 151 1314 1107 1360; baseline -0.007 -11"><span class='ocrx_word' id='word_1_261' title='bbox 151 1319 374 1360; x_wconf 61' lang='lat' dir='ltr'>indignationes</span> <span class='ocrx_word' id='word_1_262' title='bbox 385 1317 463 1347; x_wconf 87' lang='lat' dir='ltr'>nasci</span> <span class='ocrx_word' id='word_1_263' title='bbox 472 1315 596 1357; x_wconf 85' lang='lat' dir='ltr'>possunt</span> <span class='ocrx_word' id='word_1_264' title='bbox 608 1327 612 1344; x_wconf 94' lang='lat'>:</span> <span class='ocrx_word' id='word_1_265' title='bbox 636 1316 683 1346; x_wconf 85' lang='lat' dir='ltr'>sed</span> <span class='ocrx_word' id='word_1_266' title='bbox 695 1324 794 1345; x_wconf 83' lang='lat' dir='ltr'>tamen</span> <span class='ocrx_word' id='word_1_267' title='bbox 804 1326 837 1344; x_wconf 87' lang='lat' dir='ltr'>ea</span> <span class='ocrx_word' id='word_1_268' title='bbox 848 1335 856 1347; x_wconf 83' lang='lat'>‚</span> <span class='ocrx_word' id='word_1_269' title='bbox 876 1325 941 1355; x_wconf 81' lang='lat' dir='ltr'>quae</span> <span class='ocrx_word' id='word_1_270' title='bbox 954 1314 1107 1354; x_wconf 68' lang='lat' dir='ltr'>separatim</span> 
     </span>
     <span class='ocr_line' id='line_1_30' title="bbox 152 1355 1108 1402; baseline -0.008 -11"><span class='ocrx_word' id='word_1_271' title='bbox 152 1360 190 1392; x_wconf 82' lang='lat' dir='ltr'>de</span> <span class='ocrx_word' id='word_1_272' title='bbox 200 1360 406 1402; x_wconf 79' lang='lat' dir='ltr'>indignatione</span> <span class='ocrx_word' id='word_1_273' title='bbox 416 1360 534 1398; x_wconf 70' lang='lat' dir='ltr'>praecipi</span> <span class='ocrx_word' id='word_1_274' title='bbox 542 1355 909 1398; x_wconf 60' lang='lat' dir='ltr'>poffunnconsideremus.</span> <span class='ocrx_word' id='word_1_275' title='bbox 933 1358 1050 1391; x_wconf 81' lang='lat' dir='ltr'>Primus</span> <span class='ocrx_word' id='word_1_276' title='bbox 1062 1355 1108 1384; x_wconf 92' lang='lat' dir='ltr'>lo-</span> 
     </span>
     <span class='ocr_line' id='line_1_31' title="bbox 152 1397 1109 1440; baseline -0.008 -7"><span class='ocrx_word' id='word_1_277' title='bbox 152 1412 205 1433; x_wconf 87' lang='lat' dir='ltr'>cus</span> <span class='ocrx_word' id='word_1_278' title='bbox 217 1402 344 1434; x_wconf 74' lang='lat' dir='ltr'>sumitur</span> <span class='ocrx_word' id='word_1_279' title='bbox 353 1402 388 1431; x_wconf 86' lang='lat' dir='ltr'>ab</span> <span class='ocrx_word' id='word_1_280' title='bbox 395 1400 568 1435; x_wconf 48' lang='lat' dir='ltr'>aussorifare</span> <span class='ocrx_word' id='word_1_281' title='bbox 576 1420 584 1433; x_wconf 91' lang='lat'>,</span> <span class='ocrx_word' id='word_1_282' title='bbox 594 1410 692 1440; x_wconf 88' lang='lat' dir='ltr'>quum</span> <span class='ocrx_word' id='word_1_283' title='bbox 704 1397 984 1435; x_wconf 74' lang='lat' dir='ltr'>commemoramus</span> <span class='ocrx_word' id='word_1_284' title='bbox 993 1417 1002 1431; x_wconf 86' lang='lat'>‚</span> <span class='ocrx_word' id='word_1_285' title='bbox 1013 1406 1109 1438; x_wconf 81' lang='lat' dir='ltr'>quan·</span> 
     </span>
     <span class='ocr_line' id='line_1_32' title="bbox 154 1441 1109 1479; baseline -0.007 -5"><span class='ocrx_word' id='word_1_286' title='bbox 154 1454 191 1475; x_wconf 87' lang='lat' dir='ltr'>tae</span> <span class='ocrx_word' id='word_1_287' title='bbox 199 1454 274 1474; x_wconf 83' lang='lat' dir='ltr'>curae</span> <span class='ocrx_word' id='word_1_288' title='bbox 284 1453 329 1473; x_wconf 83' lang='lat' dir='ltr'>res</span> <span class='ocrx_word' id='word_1_289' title='bbox 339 1453 371 1473; x_wconf 85' lang='lat' dir='ltr'>ea</span> <span class='ocrx_word' id='word_1_290' title='bbox 380 1442 471 1472; x_wconf 81' lang='lat' dir='ltr'>fuerit</span> <span class='ocrx_word' id='word_1_291' title='bbox 480 1451 529 1472; x_wconf 87' lang='lat' dir='ltr'>aut</span> <span class='ocrx_word' id='word_1_292' title='bbox 539 1444 608 1471; x_wconf 88' lang='lat' dir='ltr'>Diis</span> <span class='ocrx_word' id='word_1_293' title='bbox 617 1441 842 1471; x_wconf 77' lang='lat' dir='ltr'>immortalibus</span> <span class='ocrx_word' id='word_1_294' title='bbox 855 1460 863 1473; x_wconf 90' lang='lat'>,</span> <span class='ocrx_word' id='word_1_295' title='bbox 885 1448 935 1469; x_wconf 88' lang='lat' dir='ltr'>aut</span> <span class='ocrx_word' id='word_1_296' title='bbox 949 1441 990 1468; x_wconf 86' lang='lat' dir='ltr'>cis</span> <span class='ocrx_word' id='word_1_297' title='bbox 1004 1459 1011 1472; x_wconf 88' lang='lat'>‚</span> <span class='ocrx_word' id='word_1_298' title='bbox 1032 1449 1109 1479; x_wconf 88' lang='lat' dir='ltr'>quo-</span> 
     </span>
     <span class='ocr_line' id='line_1_33' title="bbox 153 1481 1109 1525; baseline -0.007 -9"><span class='ocrx_word' id='word_1_299' title='bbox 153 1496 220 1517; x_wconf 89' lang='lat' dir='ltr'>rum</span> <span class='ocrx_word' id='word_1_300' title='bbox 231 1484 387 1515; x_wconf 67' lang='lat' dir='ltr'>auditoritas</span> <span class='ocrx_word' id='word_1_301' title='bbox 398 1482 562 1525; x_wconf 80' lang='lat' dir='ltr'>gravissima</span> <span class='ocrx_word' id='word_1_302' title='bbox 572 1483 675 1513; x_wconf 87' lang='lat' dir='ltr'>debeat</span> <span class='ocrx_word' id='word_1_303' title='bbox 686 1481 751 1512; x_wconf 81' lang='lat' dir='ltr'>effe.</span> <span class='ocrx_word' id='word_1_304' title='bbox 763 1484 823 1522; x_wconf 76' lang='lat' dir='ltr'>Qii</span> <span class='ocrx_word' id='word_1_305' title='bbox 834 1482 918 1511; x_wconf 90' lang='lat' dir='ltr'>locus</span> <span class='ocrx_word' id='word_1_306' title='bbox 929 1482 1062 1511; x_wconf 85' lang='lat' dir='ltr'>sumetur</span> <span class='ocrx_word' id='word_1_307' title='bbox 1071 1490 1109 1509; x_wconf 82' lang='lat' dir='ltr'>ex</span> 
     </span>
     <span class='ocr_line' id='line_1_34' title="bbox 153 1522 1109 1564; baseline -0.006 -6"><span class='ocrx_word' id='word_1_308' title='bbox 153 1528 282 1558; x_wconf 83' lang='lat' dir='ltr'>sortibus</span> <span class='ocrx_word' id='word_1_309' title='bbox 293 1547 302 1561; x_wconf 92' lang='lat'>‚</span> <span class='ocrx_word' id='word_1_310' title='bbox 315 1537 352 1557; x_wconf 83' lang='lat' dir='ltr'>ex</span> <span class='ocrx_word' id='word_1_311' title='bbox 363 1526 490 1556; x_wconf 89' lang='lat' dir='ltr'>oraculis</span> <span class='ocrx_word' id='word_1_312' title='bbox 501 1546 509 1559; x_wconf 87' lang='lat'>‚</span> <span class='ocrx_word' id='word_1_313' title='bbox 523 1525 649 1559; x_wconf 86' lang='lat' dir='ltr'>vatibus,</span> <span class='ocrx_word' id='word_1_314' title='bbox 660 1523 785 1554; x_wconf 84' lang='lat' dir='ltr'>ostentis</span> <span class='ocrx_word' id='word_1_315' title='bbox 796 1543 804 1557; x_wconf 91' lang='lat'>,</span> <span class='ocrx_word' id='word_1_316' title='bbox 816 1522 972 1564; x_wconf 86' lang='lat' dir='ltr'>prodigiis,</span> <span class='ocrx_word' id='word_1_317' title='bbox 985 1523 1109 1562; x_wconf 88' lang='lat' dir='ltr'>respon-</span> 
     </span>
     <span class='ocr_line' id='line_1_35' title="bbox 154 1565 1108 1606; baseline -0.005 -7"><span class='ocrx_word' id='word_1_318' title='bbox 154 1568 201 1603; x_wconf 80' lang='lat' dir='ltr'>sis,</span> <span class='ocrx_word' id='word_1_319' title='bbox 215 1569 247 1599; x_wconf 75' lang='grc' dir='ltr'>δε</span> <span class='ocrx_word' id='word_1_320' title='bbox 257 1567 404 1598; x_wconf 77' lang='lat' dir='ltr'>similibus</span> <span class='ocrx_word' id='word_1_321' title='bbox 414 1567 510 1597; x_wconf 87' lang='lat' dir='ltr'>rebus.</span> <span class='ocrx_word' id='word_1_322' title='bbox 532 1569 607 1597; x_wconf 87' lang='lat' dir='ltr'>item</span> <span class='ocrx_word' id='word_1_323' title='bbox 618 1576 656 1596; x_wconf 81' lang='lat' dir='ltr'>ex</span> <span class='ocrx_word' id='word_1_324' title='bbox 669 1566 834 1606; x_wconf 83' lang='lat' dir='ltr'>majoribus</span> <span class='ocrx_word' id='word_1_325' title='bbox 845 1565 964 1598; x_wconf 85' lang='lat' dir='ltr'>nostris,</span> <span class='ocrx_word' id='word_1_326' title='bbox 977 1565 1108 1606; x_wconf 83' lang='lat' dir='ltr'>regibus,</span> 
     </span>
     <span class='ocr_line' id='line_1_36' title="bbox 153 1605 1108 1652; baseline -0.007 -10"><span class='ocrx_word' id='word_1_327' title='bbox 153 1610 322 1642; x_wconf 83' lang='lat' dir='ltr'>civitatibus</span> <span class='ocrx_word' id='word_1_328' title='bbox 334 1630 342 1644; x_wconf 80' lang='lat'>,</span> <span class='ocrx_word' id='word_1_329' title='bbox 365 1609 503 1652; x_wconf 85' lang='lat' dir='ltr'>gentibus</span> <span class='ocrx_word' id='word_1_330' title='bbox 515 1629 522 1644; x_wconf 88' lang='lat'>,</span> <span class='ocrx_word' id='word_1_331' title='bbox 542 1609 722 1639; x_wconf 86' lang='lat' dir='ltr'>hominibus</span> <span class='ocrx_word' id='word_1_332' title='bbox 733 1605 950 1648; x_wconf 72' lang='lat' dir='ltr'>sapientissimis</span> <span class='ocrx_word' id='word_1_333' title='bbox 959 1627 968 1640; x_wconf 95' lang='lat'>,</span> <span class='ocrx_word' id='word_1_334' title='bbox 984 1607 1085 1637; x_wconf 83' lang='lat' dir='ltr'>senatu</span> <span class='ocrx_word' id='word_1_335' title='bbox 1099 1625 1108 1640; x_wconf 94' lang='lat'>,</span> 
     </span>
     <span class='ocr_line' id='line_1_37' title="bbox 148 1649 1107 1695; baseline -0.005 -11"><span class='ocrx_word' id='word_1_336' title='bbox 148 1654 278 1694; x_wconf 73' lang='lat' dir='ltr'>populo,</span> <span class='ocrx_word' id='word_1_337' title='bbox 291 1654 390 1695; x_wconf 83' lang='lat' dir='ltr'>legum</span> <span class='ocrx_word' id='word_1_338' title='bbox 404 1651 602 1692; x_wconf 80' lang='lat' dir='ltr'>scriptoribus.</span> <span class='ocrx_word' id='word_1_339' title='bbox 623 1651 776 1683; x_wconf 84' lang='lat' dir='ltr'>Secundus</span> <span class='ocrx_word' id='word_1_340' title='bbox 788 1651 870 1681; x_wconf 85' lang='lat' dir='ltr'>locus</span> <span class='ocrx_word' id='word_1_341' title='bbox 880 1649 934 1684; x_wconf 87' lang='lat' dir='ltr'>est,</span> <span class='ocrx_word' id='word_1_342' title='bbox 944 1658 996 1691; x_wconf 88' lang='lat' dir='ltr'>per</span> <span class='ocrx_word' id='word_1_343' title='bbox 1005 1658 1107 1692; x_wconf 86' lang='lat' dir='ltr'>quem,</span> 
     </span>
     <span class='ocr_line' id='line_1_38' title="bbox 154 1692 1110 1736; baseline -0.005 -10"><span class='ocrx_word' id='word_1_344' title='bbox 154 1696 207 1726; x_wconf 76' lang='lat' dir='ltr'>illa</span> <span class='ocrx_word' id='word_1_345' title='bbox 215 1705 260 1726; x_wconf 88' lang='lat' dir='ltr'>res</span> <span class='ocrx_word' id='word_1_346' title='bbox 270 1694 306 1725; x_wconf 82' lang='lat' dir='ltr'>ad</span> <span class='ocrx_word' id='word_1_347' title='bbox 316 1705 392 1736; x_wconf 83' lang='lat' dir='ltr'>quos</span> <span class='ocrx_word' id='word_1_348' title='bbox 401 1696 546 1734; x_wconf 84' lang='lat' dir='ltr'>pertineat</span> <span class='ocrx_word' id='word_1_349' title='bbox 556 1715 564 1727; x_wconf 92' lang='lat'>,</span> <span class='ocrx_word' id='word_1_350' title='bbox 576 1704 646 1725; x_wconf 88' lang='lat' dir='ltr'>cum</span> <span class='ocrx_word' id='word_1_351' title='bbox 658 1692 905 1735; x_wconf 77' lang='lat' dir='ltr'>amplificatione,</span> <span class='ocrx_word' id='word_1_352' title='bbox 918 1703 969 1733; x_wconf 89' lang='lat' dir='ltr'>per</span> <span class='ocrx_word' id='word_1_353' title='bbox 980 1692 1110 1733; x_wconf 69' lang='lat' dir='ltr'>indigna-</span> 
     </span>
     <span class='ocr_line' id='line_1_39' title="bbox 154 1735 1108 1775; baseline -0.004 -8"><span class='ocrx_word' id='word_1_354' title='bbox 154 1738 259 1767; x_wconf 72' lang='lat' dir='ltr'>tionem</span> <span class='ocrx_word' id='word_1_355' title='bbox 269 1758 277 1771; x_wconf 92' lang='lat'>‚</span> <span class='ocrx_word' id='word_1_356' title='bbox 291 1736 457 1767; x_wconf 85' lang='lat' dir='ltr'>ostenditur</span> <span class='ocrx_word' id='word_1_357' title='bbox 467 1757 474 1771; x_wconf 83' lang='lat'>‚</span> <span class='ocrx_word' id='word_1_358' title='bbox 488 1747 526 1766; x_wconf 92' lang='lat' dir='ltr'>an</span> <span class='ocrx_word' id='word_1_359' title='bbox 536 1736 571 1767; x_wconf 90' lang='lat' dir='ltr'>ad</span> <span class='ocrx_word' id='word_1_360' title='bbox 582 1738 704 1766; x_wconf 87' lang='lat' dir='ltr'>omneis</span> <span class='ocrx_word' id='word_1_361' title='bbox 715 1756 723 1770; x_wconf 84' lang='lat'>,</span> <span class='ocrx_word' id='word_1_362' title='bbox 734 1746 772 1766; x_wconf 88' lang='lat' dir='ltr'>an</span> <span class='ocrx_word' id='word_1_363' title='bbox 781 1735 817 1766; x_wconf 85' lang='lat' dir='ltr'>ad</span> <span class='ocrx_word' id='word_1_364' title='bbox 828 1736 974 1775; x_wconf 83' lang='lat' dir='ltr'>majorem</span> <span class='ocrx_word' id='word_1_365' title='bbox 983 1743 1108 1775; x_wconf 82' lang='lat' dir='ltr'>partem,</span> 
     </span>
     <span class='ocr_line' id='line_1_40' title="bbox 153 1777 1110 1820; baseline -0.004 -11"><span class='ocrx_word' id='word_1_366' title='bbox 153 1779 237 1820; x_wconf 80' lang='lat' dir='ltr'>quod</span> <span class='ocrx_word' id='word_1_367' title='bbox 248 1777 461 1809; x_wconf 69' lang='lat' dir='ltr'>atrocissimum</span> <span class='ocrx_word' id='word_1_368' title='bbox 472 1778 515 1809; x_wconf 89' lang='lat' dir='ltr'>est</span> <span class='ocrx_word' id='word_1_369' title='bbox 527 1789 533 1807; x_wconf 71' lang='grc' dir='ltr'><em>ι</em></span> <span class='ocrx_word' id='word_1_370' title='bbox 553 1789 591 1809; x_wconf 90' lang='lat' dir='ltr'>an</span> <span class='ocrx_word' id='word_1_371' title='bbox 603 1778 638 1808; x_wconf 91' lang='lat' dir='ltr'>ad</span> <span class='ocrx_word' id='word_1_372' title='bbox 657 1779 821 1818; x_wconf 85' lang='lat' dir='ltr'>superiores</span> <span class='ocrx_word' id='word_1_373' title='bbox 832 1797 841 1811; x_wconf 85' lang='lat'>,</span> <span class='ocrx_word' id='word_1_374' title='bbox 861 1777 962 1819; x_wconf 87' lang='lat' dir='ltr'>quales</span> <span class='ocrx_word' id='word_1_375' title='bbox 981 1777 1050 1806; x_wconf 87' lang='lat' dir='ltr'>sunt</span> <span class='ocrx_word' id='word_1_376' title='bbox 1068 1778 1089 1805; x_wconf 89' lang='lat' dir='ltr'>ii</span> <span class='ocrx_word' id='word_1_377' title='bbox 1102 1796 1110 1810; x_wconf 89' lang='lat'>,</span> 
     </span>
     <span class='ocr_line' id='line_1_41' title="bbox 154 1818 1112 1866; baseline -0.003 -16"><span class='ocrx_word' id='word_1_378' title='bbox 154 1831 286 1866; x_wconf 86' lang='lat' dir='ltr'>quorum</span> <span class='ocrx_word' id='word_1_379' title='bbox 297 1830 335 1850; x_wconf 84' lang='lat' dir='ltr'>ex</span> <span class='ocrx_word' id='word_1_380' title='bbox 344 1820 516 1851; x_wconf 71' lang='lat' dir='ltr'>au&amp;oritate</span> <span class='ocrx_word' id='word_1_381' title='bbox 527 1820 695 1862; x_wconf 80' lang='lat' dir='ltr'>indignatio</span> <span class='ocrx_word' id='word_1_382' title='bbox 707 1821 834 1851; x_wconf 89' lang='lat' dir='ltr'>sumitur</span> <span class='ocrx_word' id='word_1_383' title='bbox 844 1839 852 1852; x_wconf 95' lang='lat'>,</span> <span class='ocrx_word' id='word_1_384' title='bbox 870 1818 952 1859; x_wconf 87' lang='lat' dir='ltr'>quod</span> <span class='ocrx_word' id='word_1_385' title='bbox 963 1818 1027 1848; x_wconf 85' lang='lat' dir='ltr'>indi</span> <span class='ocrx_word' id='word_1_386' title='bbox 1045 1818 1112 1848; x_wconf 74' lang='lat' dir='ltr'>nis—</span> 
     </span>
     <span class='ocr_line' id='line_1_42' title="bbox 155 1861 1112 1902; baseline -0.003 -10"><span class='ocrx_word' id='word_1_387' title='bbox 155 1865 265 1892; x_wconf 73' lang='lat' dir='ltr'>iimum</span> <span class='ocrx_word' id='word_1_388' title='bbox 277 1862 319 1893; x_wconf 87' lang='lat' dir='ltr'>est</span> <span class='ocrx_word' id='word_1_389' title='bbox 331 1873 336 1891; x_wconf 91' lang='lat'>:</span> <span class='ocrx_word' id='word_1_390' title='bbox 347 1872 386 1892; x_wconf 87' lang='lat' dir='ltr'>an</span> <span class='ocrx_word' id='word_1_391' title='bbox 395 1862 429 1892; x_wconf 89' lang='lat' dir='ltr'>ad</span> <span class='ocrx_word' id='word_1_392' title='bbox 439 1864 532 1902; x_wconf 87' lang='lat' dir='ltr'>pareis</span> <span class='ocrx_word' id='word_1_393' title='bbox 543 1865 659 1896; x_wconf 76' lang='lat' dir='ltr'>animo,</span> <span class='ocrx_word' id='word_1_394' title='bbox 671 1861 800 1894; x_wconf 83' lang='lat' dir='ltr'>fortuna,</span> <span class='ocrx_word' id='word_1_395' title='bbox 811 1871 946 1901; x_wconf 85' lang='lat' dir='ltr'>corpore,</span> <span class='ocrx_word' id='word_1_396' title='bbox 957 1870 1018 1901; x_wconf 91' lang='lat' dir='ltr'>quo</span> <span class='ocrx_word' id='word_1_397' title='bbox 1051 1861 1112 1889; x_wconf 77' lang='lat' dir='ltr'>ini—</span> 
     </span>
     <span class='ocr_line' id='line_1_43' title="bbox 155 1900 1109 1945; baseline -0.004 -12"><span class='ocrx_word' id='word_1_398' title='bbox 155 1903 332 1945; x_wconf 87' lang='lat' dir='ltr'>quiffimum</span> <span class='ocrx_word' id='word_1_399' title='bbox 343 1903 402 1934; x_wconf 83' lang='lat' dir='ltr'>est:</span> <span class='ocrx_word' id='word_1_400' title='bbox 423 1914 461 1934; x_wconf 84' lang='lat' dir='ltr'>an</span> <span class='ocrx_word' id='word_1_401' title='bbox 470 1904 506 1934; x_wconf 86' lang='lat' dir='ltr'>acl</span> <span class='ocrx_word' id='word_1_402' title='bbox 518 1903 676 1934; x_wconf 85' lang='lat' dir='ltr'>inferiores</span> <span class='ocrx_word' id='word_1_403' title='bbox 687 1924 696 1937; x_wconf 80' lang='lat'>,</span> <span class='ocrx_word' id='word_1_404' title='bbox 716 1903 797 1944; x_wconf 90' lang='lat' dir='ltr'>quod</span> <span class='ocrx_word' id='word_1_405' title='bbox 808 1903 825 1933; x_wconf 85' lang='lat' dir='ltr'>s</span> <span class='ocrx_word' id='word_1_406' title='bbox 823 1901 1046 1943; x_wconf 86' lang='lat' dir='ltr'>uperbiffi-mum</span> <span class='ocrx_word' id='word_1_407' title='bbox 1058 1900 1109 1931; x_wconf 90' lang='lat' dir='ltr'>est.</span> 
     </span>
     <span class='ocr_line' id='line_1_44' title="bbox 157 1942 1111 1986; baseline -0.003 -12"><span class='ocrx_word' id='word_1_408' title='bbox 157 1947 279 1975; x_wconf 84' lang='lat' dir='ltr'>Tertius</span> <span class='ocrx_word' id='word_1_409' title='bbox 291 1946 373 1975; x_wconf 90' lang='lat' dir='ltr'>locus</span> <span class='ocrx_word' id='word_1_410' title='bbox 384 1944 425 1974; x_wconf 88' lang='lat' dir='ltr'>est</span> <span class='ocrx_word' id='word_1_411' title='bbox 436 1965 444 1979; x_wconf 85' lang='grc'>,</span> <span class='ocrx_word' id='word_1_412' title='bbox 461 1956 514 1985; x_wconf 89' lang='lat' dir='ltr'>per</span> <span class='ocrx_word' id='word_1_413' title='bbox 522 1956 612 1986; x_wconf 84' lang='lat' dir='ltr'>quem</span> <span class='ocrx_word' id='word_1_414' title='bbox 623 1947 784 1986; x_wconf 87' lang='lat' dir='ltr'>quaerimus</span> <span class='ocrx_word' id='word_1_415' title='bbox 795 1965 803 1978; x_wconf 94' lang='lat'>‚</span> <span class='ocrx_word' id='word_1_416' title='bbox 824 1944 969 1985; x_wconf 87' lang='lat' dir='ltr'>quidnam</span> <span class='ocrx_word' id='word_1_417' title='bbox 978 1942 1013 1974; x_wconf 78' lang='lat' dir='ltr'>sit</span> <span class='ocrx_word' id='word_1_418' title='bbox 1029 1953 1111 1972; x_wconf 79' lang='lat' dir='ltr'>even-</span> 
     </span>
     <span class='ocr_line' id='line_1_45' title="bbox 158 1983 1111 2019; baseline 0 -5"><span class='ocrx_word' id='word_1_419' title='bbox 158 1994 258 2015; x_wconf 81' lang='lat' dir='ltr'>turum</span> <span class='ocrx_word' id='word_1_420' title='bbox 268 2005 276 2019; x_wconf 92' lang='lat'>,</span> <span class='ocrx_word' id='word_1_421' title='bbox 289 1985 311 2015; x_wconf 86' lang='lat' dir='ltr'>fi</span> <span class='ocrx_word' id='word_1_422' title='bbox 321 1986 402 2015; x_wconf 85' lang='lat' dir='ltr'>idem</span> <span class='ocrx_word' id='word_1_423' title='bbox 411 1989 501 2017; x_wconf 86' lang='lat' dir='ltr'>ceteri</span> <span class='ocrx_word' id='word_1_424' title='bbox 509 1986 618 2017; x_wconf 83' lang='lat' dir='ltr'>faciant</span> <span class='ocrx_word' id='word_1_425' title='bbox 629 1998 633 2015; x_wconf 92' lang='lat'>:</span> <span class='ocrx_word' id='word_1_426' title='bbox 654 1987 687 2017; x_wconf 84' lang='lat'>&amp;</span> <span class='ocrx_word' id='word_1_427' title='bbox 697 1985 785 2016; x_wconf 86' lang='lat' dir='ltr'>fimul</span> <span class='ocrx_word' id='word_1_428' title='bbox 793 1985 980 2015; x_wconf 89' lang='lat' dir='ltr'>ostendimus</span> <span class='ocrx_word' id='word_1_429' title='bbox 990 2005 999 2018; x_wconf 88' lang='lat'>,</span> <span class='ocrx_word' id='word_1_430' title='bbox 1010 1986 1080 2014; x_wconf 82' lang='lat' dir='ltr'>huic</span> <span class='ocrx_word' id='word_1_431' title='bbox 1090 1983 1111 2013; x_wconf 88' lang='lat' dir='ltr'>fi</span> 
     </span>
     <span class='ocr_line' id='line_1_46' title="bbox 158 2026 1112 2067; baseline -0.003 -9"><span class='ocrx_word' id='word_1_432' title='bbox 158 2026 331 2058; x_wconf 76' lang='lat' dir='ltr'>concess&#39;um</span> <span class='ocrx_word' id='word_1_433' title='bbox 341 2026 375 2057; x_wconf 82' lang='lat' dir='ltr'>sit</span> <span class='ocrx_word' id='word_1_434' title='bbox 386 2048 397 2060; x_wconf 81' lang='lat'>‚</span> <span class='ocrx_word' id='word_1_435' title='bbox 417 2028 530 2057; x_wconf 87' lang='lat' dir='ltr'>multos</span> <span class='ocrx_word' id='word_1_436' title='bbox 547 2028 674 2058; x_wconf 84' lang='lat' dir='ltr'>aemulos</span> <span class='ocrx_word' id='word_1_437' title='bbox 689 2027 821 2067; x_wconf 84' lang='lat' dir='ltr'>ejusdem</span> <span class='ocrx_word' id='word_1_438' title='bbox 832 2027 959 2056; x_wconf 86' lang='lat' dir='ltr'>audaciae</span> <span class='ocrx_word' id='word_1_439' title='bbox 976 2027 1093 2056; x_wconf 83' lang='lat' dir='ltr'>futuros</span> <span class='ocrx_word' id='word_1_440' title='bbox 1106 2036 1112 2054; x_wconf 79' lang='lat' dir='ltr'><em>z</em></span> 
     </span>
     <span class='ocr_line' id='line_1_47' title="bbox 157 2067 1115 2110; baseline -0.003 -11"><span class='ocrx_word' id='word_1_441' title='bbox 157 2078 197 2099; x_wconf 84' lang='lat' dir='ltr'>ex</span> <span class='ocrx_word' id='word_1_442' title='bbox 207 2079 267 2110; x_wconf 90' lang='lat' dir='ltr'>quo</span> <span class='ocrx_word' id='word_1_443' title='bbox 278 2089 286 2102; x_wconf 87' lang='lat'>‚</span> <span class='ocrx_word' id='word_1_444' title='bbox 298 2069 370 2109; x_wconf 86' lang='lat' dir='ltr'>quid</span> <span class='ocrx_word' id='word_1_445' title='bbox 382 2069 453 2099; x_wconf 86' lang='lat' dir='ltr'>mali</span> <span class='ocrx_word' id='word_1_446' title='bbox 463 2068 495 2098; x_wconf 83' lang='lat' dir='ltr'>sit</span> <span class='ocrx_word' id='word_1_447' title='bbox 505 2078 696 2103; x_wconf 86' lang='lat' dir='ltr'>eventurum,</span> <span class='ocrx_word' id='word_1_448' title='bbox 712 2067 996 2099; x_wconf 80' lang='lat' dir='ltr'>demonstrabimus.</span> <span class='ocrx_word' id='word_1_449' title='bbox 1020 2070 1115 2107; x_wconf 66' lang='lat' dir='ltr'>QY-</span> 
     </span>
     <span class='ocr_line' id='line_1_48' title="bbox 157 2110 1113 2152; baseline -0.003 -11"><span class='ocrx_word' id='word_1_450' title='bbox 157 2117 204 2141; x_wconf 80' lang='lat' dir='ltr'>tus</span> <span class='ocrx_word' id='word_1_451' title='bbox 216 2112 298 2140; x_wconf 82' lang='lat' dir='ltr'>loc-us</span> <span class='ocrx_word' id='word_1_452' title='bbox 310 2110 353 2140; x_wconf 85' lang='lat' dir='ltr'>est</span> <span class='ocrx_word' id='word_1_453' title='bbox 363 2131 371 2142; x_wconf 88' lang='lat'>,</span> <span class='ocrx_word' id='word_1_454' title='bbox 383 2120 436 2150; x_wconf 89' lang='lat' dir='ltr'>per</span> <span class='ocrx_word' id='word_1_455' title='bbox 445 2121 536 2152; x_wconf 88' lang='lat' dir='ltr'>quem</span> <span class='ocrx_word' id='word_1_456' title='bbox 547 2110 798 2143; x_wconf 74' lang='lat' dir='ltr'>demonstramus,</span> <span class='ocrx_word' id='word_1_457' title='bbox 814 2111 926 2140; x_wconf 90' lang='lat' dir='ltr'>multos</span> <span class='ocrx_word' id='word_1_458' title='bbox 936 2110 1054 2139; x_wconf 83' lang='lat' dir='ltr'>alacreis</span> <span class='ocrx_word' id='word_1_459' title='bbox 1064 2119 1113 2137; x_wconf 80' lang='lat' dir='ltr'>ex-</span> 
     </span>
    </p>
   </div>
   <div class='ocr_carea' id='block_1_6' title="bbox 147 2149 1113 2193">
    <p class='ocr_par' dir='ltr' id='par_1_6' title="bbox 147 2149 1113 2193">
     <span class='ocr_line' id='line_1_49' title="bbox 147 2149 1113 2193; baseline -0.003 -11"><span class='ocrx_word' id='word_1_460' title='bbox 147 2151 271 2192; x_wconf 67' lang='lat' dir='ltr'>spee‘tare</span> <span class='ocrx_word' id='word_1_461' title='bbox 281 2172 290 2186; x_wconf 89' lang='lat'>,</span> <span class='ocrx_word' id='word_1_462' title='bbox 302 2152 374 2193; x_wconf 87' lang='lat' dir='ltr'>quid</span> <span class='ocrx_word' id='word_1_463' title='bbox 386 2152 522 2183; x_wconf 80' lang='lat' dir='ltr'>statuatur</span> <span class='ocrx_word' id='word_1_464' title='bbox 532 2173 541 2186; x_wconf 92' lang='lat'>‚</span> <span class='ocrx_word' id='word_1_465' title='bbox 552 2161 585 2182; x_wconf 90' lang='lat' dir='ltr'>ut</span> <span class='ocrx_word' id='word_1_466' title='bbox 594 2162 632 2182; x_wconf 82' lang='lat' dir='ltr'>ex</span> <span class='ocrx_word' id='word_1_467' title='bbox 642 2162 678 2182; x_wconf 87' lang='lat' dir='ltr'>eo</span> <span class='ocrx_word' id='word_1_468' title='bbox 691 2173 700 2185; x_wconf 86' lang='lat'>,</span> <span class='ocrx_word' id='word_1_469' title='bbox 719 2151 800 2192; x_wconf 87' lang='lat' dir='ltr'>quod</span> <span class='ocrx_word' id='word_1_470' title='bbox 811 2153 864 2181; x_wconf 87' lang='lat' dir='ltr'>uni</span> <span class='ocrx_word' id='word_1_471' title='bbox 875 2149 1046 2181; x_wconf 75' lang='lat' dir='ltr'>conce&#39;ss&#39;um</span> <span class='ocrx_word' id='word_1_472' title='bbox 1059 2149 1092 2179; x_wconf 84' lang='lat' dir='ltr'>sit</span> <span class='ocrx_word' id='word_1_473' title='bbox 1103 2171 1113 2183; x_wconf 87' lang='lat'>,</span> 
     </span>
    </p>
   </div>
   <div class='ocr_carea' id='block_1_7' title="bbox 153 2190 1114 2944">
    <p class='ocr_par' dir='ltr' id='par_1_7' title="bbox 153 2190 1114 2944">
     <span class='ocr_line' id='line_1_50' title="bbox 157 2190 1114 2235; baseline -0.002 -12"><span class='ocrx_word' id='word_1_474' title='bbox 157 2193 210 2224; x_wconf 84' lang='lat' dir='ltr'>sibi</span> <span class='ocrx_word' id='word_1_475' title='bbox 219 2203 340 2235; x_wconf 86' lang='lat' dir='ltr'>quoque</span> <span class='ocrx_word' id='word_1_476' title='bbox 351 2194 401 2223; x_wconf 90' lang='lat' dir='ltr'>tali</span> <span class='ocrx_word' id='word_1_477' title='bbox 410 2193 447 2223; x_wconf 91' lang='lat' dir='ltr'>de</span> <span class='ocrx_word' id='word_1_478' title='bbox 457 2204 487 2224; x_wconf 87' lang='lat' dir='ltr'>re</span> <span class='ocrx_word' id='word_1_479' title='bbox 499 2193 570 2235; x_wconf 85' lang='lat' dir='ltr'>quid</span> <span class='ocrx_word' id='word_1_480' title='bbox 583 2195 685 2227; x_wconf 85' lang='lat' dir='ltr'>liceat,</span> <span class='ocrx_word' id='word_1_481' title='bbox 698 2194 863 2233; x_wconf 84' lang='lat' dir='ltr'>intelligere</span> <span class='ocrx_word' id='word_1_482' title='bbox 872 2190 990 2233; x_wconf 79' lang='lat' dir='ltr'>possint.</span> <span class='ocrx_word' id='word_1_483' title='bbox 1015 2194 1114 2233; x_wconf 80' lang='lat' dir='ltr'>Qn—</span> 
     </span>
     <span class='ocr_line' id='line_1_51' title="bbox 156 2234 1111 2276; baseline -0.003 -10"><span class='ocrx_word' id='word_1_484' title='bbox 156 2244 203 2267; x_wconf 83' lang='lat' dir='ltr'>tus</span> <span class='ocrx_word' id='word_1_485' title='bbox 216 2236 298 2265; x_wconf 89' lang='lat' dir='ltr'>locus</span> <span class='ocrx_word' id='word_1_486' title='bbox 312 2234 373 2269; x_wconf 87' lang='lat' dir='ltr'>est,</span> <span class='ocrx_word' id='word_1_487' title='bbox 392 2245 544 2276; x_wconf 84' lang='lat' dir='ltr'>perquem</span> <span class='ocrx_word' id='word_1_488' title='bbox 556 2234 743 2265; x_wconf 85' lang='lat' dir='ltr'>ostendimus</span> <span class='ocrx_word' id='word_1_489' title='bbox 753 2255 763 2268; x_wconf 71' lang='lat'><em>⁷</em></span> <span class='ocrx_word' id='word_1_490' title='bbox 784 2243 890 2265; x_wconf 82' lang='lat' dir='ltr'>ceteras</span> <span class='ocrx_word' id='word_1_491' title='bbox 902 2244 946 2264; x_wconf 86' lang='lat' dir='ltr'>res</span> <span class='ocrx_word' id='word_1_492' title='bbox 958 2243 1111 2274; x_wconf 83' lang='lat' dir='ltr'>perperam</span> 
     </span>
     <span class='ocr_line' id='line_1_52' title="bbox 156 2273 1111 2317; baseline -0.004 -9"><span class='ocrx_word' id='word_1_493' title='bbox 156 2276 329 2308; x_wconf 85' lang='lat' dir='ltr'>constitutas</span> <span class='ocrx_word' id='word_1_494' title='bbox 340 2297 349 2311; x_wconf 84' lang='grc'>,</span> <span class='ocrx_word' id='word_1_495' title='bbox 362 2277 515 2307; x_wconf 64' lang='grc' dir='ltr'>ιῐπεΙΙεξὶει</span> <span class='ocrx_word' id='word_1_496' title='bbox 523 2278 662 2310; x_wconf 68' lang='lat' dir='ltr'>veritate,</span> <span class='ocrx_word' id='word_1_497' title='bbox 684 2285 882 2307; x_wconf 84' lang='lat' dir='ltr'>commutatas</span> <span class='ocrx_word' id='word_1_498' title='bbox 894 2278 1000 2317; x_wconf 85' lang='lat' dir='ltr'>corrigi</span> <span class='ocrx_word' id='word_1_499' title='bbox 1011 2273 1093 2315; x_wconf 83' lang='lat' dir='ltr'>poss&#39;e</span> <span class='ocrx_word' id='word_1_500' title='bbox 1107 2286 1111 2303; x_wconf 88' lang='lat'>:</span> 
     </span>
     <span class='ocr_line' id='line_1_53' title="bbox 156 2317 1112 2359; baseline -0.003 -10"><span class='ocrx_word' id='word_1_501' title='bbox 156 2320 230 2349; x_wconf 86' lang='lat' dir='ltr'>hanc</span> <span class='ocrx_word' id='word_1_502' title='bbox 241 2317 298 2349; x_wconf 83' lang='lat' dir='ltr'>effe</span> <span class='ocrx_word' id='word_1_503' title='bbox 309 2329 384 2352; x_wconf 84' lang='lat' dir='ltr'>rem,</span> <span class='ocrx_word' id='word_1_504' title='bbox 396 2329 461 2359; x_wconf 83' lang='lat' dir='ltr'>quae</span> <span class='ocrx_word' id='word_1_505' title='bbox 473 2317 493 2348; x_wconf 87' lang='lat' dir='ltr'>fi</span> <span class='ocrx_word' id='word_1_506' title='bbox 504 2318 537 2349; x_wconf 87' lang='lat' dir='ltr'>fit</span> <span class='ocrx_word' id='word_1_507' title='bbox 549 2319 639 2349; x_wconf 89' lang='lat' dir='ltr'>semel</span> <span class='ocrx_word' id='word_1_508' title='bbox 650 2319 785 2357; x_wconf 83' lang='lat' dir='ltr'>judicata,</span> <span class='ocrx_word' id='word_1_509' title='bbox 795 2328 892 2359; x_wconf 87' lang='lat' dir='ltr'>neque</span> <span class='ocrx_word' id='word_1_510' title='bbox 902 2318 961 2348; x_wconf 89' lang='lat' dir='ltr'>alio</span> <span class='ocrx_word' id='word_1_511' title='bbox 971 2327 1112 2347; x_wconf 89' lang='lat' dir='ltr'>commu-</span> 
     </span>
     <span class='ocr_line' id='line_1_54' title="bbox 155 2358 1113 2401; baseline -0.002 -11"><span class='ocrx_word' id='word_1_512' title='bbox 155 2362 208 2391; x_wconf 78' lang='lat' dir='ltr'>tari</span> <span class='ocrx_word' id='word_1_513' title='bbox 217 2360 334 2401; x_wconf 85' lang='lat' dir='ltr'>judicio</span> <span class='ocrx_word' id='word_1_514' title='bbox 346 2381 354 2394; x_wconf 88' lang='lat'><strong><em>‚</em></strong></span> <span class='ocrx_word' id='word_1_515' title='bbox 375 2371 472 2401; x_wconf 87' lang='lat' dir='ltr'>neque</span> <span class='ocrx_word' id='word_1_516' title='bbox 484 2361 544 2391; x_wconf 90' lang='lat' dir='ltr'>ulla</span> <span class='ocrx_word' id='word_1_517' title='bbox 554 2359 694 2401; x_wconf 85' lang='lat' dir='ltr'>potestate</span> <span class='ocrx_word' id='word_1_518' title='bbox 705 2362 813 2401; x_wconf 78' lang='lat' dir='ltr'>corrigi</span> <span class='ocrx_word' id='word_1_519' title='bbox 823 2358 918 2400; x_wconf 83' lang='lat' dir='ltr'>poffit.</span> <span class='ocrx_word' id='word_1_520' title='bbox 949 2362 1055 2389; x_wconf 81' lang='lat' dir='ltr'>Sextus</span> <span class='ocrx_word' id='word_1_521' title='bbox 1066 2359 1113 2388; x_wconf 92' lang='lat' dir='ltr'>lo-</span> 
     </span>
     <span class='ocr_line' id='line_1_55' title="bbox 154 2399 1114 2444; baseline -0.002 -12"><span class='ocrx_word' id='word_1_522' title='bbox 154 2412 206 2433; x_wconf 87' lang='lat' dir='ltr'>cus</span> <span class='ocrx_word' id='word_1_523' title='bbox 218 2402 260 2432; x_wconf 92' lang='lat' dir='ltr'>est</span> <span class='ocrx_word' id='word_1_524' title='bbox 275 2423 282 2436; x_wconf 88' lang='lat'>,</span> <span class='ocrx_word' id='word_1_525' title='bbox 293 2410 450 2444; x_wconf 86' lang='lat' dir='ltr'>perquem</span> <span class='ocrx_word' id='word_1_526' title='bbox 462 2403 581 2443; x_wconf 75' lang='lat' dir='ltr'>consulto</span> <span class='ocrx_word' id='word_1_527' title='bbox 593 2422 602 2436; x_wconf 88' lang='lat'>‚</span> <span class='ocrx_word' id='word_1_528' title='bbox 624 2403 656 2432; x_wconf 72' lang='grc' dir='ltr'>δε</span> <span class='ocrx_word' id='word_1_529' title='bbox 666 2402 702 2433; x_wconf 83' lang='lat' dir='ltr'>de</span> <span class='ocrx_word' id='word_1_530' title='bbox 714 2401 859 2432; x_wconf 79' lang='lat' dir='ltr'>industria</span> <span class='ocrx_word' id='word_1_531' title='bbox 867 2401 983 2432; x_wconf 51' lang='lat' dir='ltr'>facium</span> <span class='ocrx_word' id='word_1_532' title='bbox 994 2399 1051 2431; x_wconf 79' lang='lat' dir='ltr'>effe</span> <span class='ocrx_word' id='word_1_533' title='bbox 1062 2400 1114 2430; x_wconf 89' lang='lat' dir='ltr'>de-</span> 
     </span>
     <span class='ocr_line' id='line_1_56' title="bbox 153 2441 1113 2486; baseline -0.002 -12"><span class='ocrx_word' id='word_1_534' title='bbox 153 2443 354 2479; x_wconf 66' lang='lat' dir='ltr'>monstr-atur,</span> <span class='ocrx_word' id='word_1_535' title='bbox 366 2445 412 2474; x_wconf 28' lang='lat' dir='ltr'>A&amp;</span> <span class='ocrx_word' id='word_1_536' title='bbox 421 2444 498 2474; x_wconf 86' lang='lat' dir='ltr'>iliud</span> <span class='ocrx_word' id='word_1_537' title='bbox 510 2444 683 2486; x_wconf 83' lang='lat' dir='ltr'>adjungitur</span> <span class='ocrx_word' id='word_1_538' title='bbox 692 2465 700 2479; x_wconf 83' lang='grc'>,</span> <span class='ocrx_word' id='word_1_539' title='bbox 721 2448 950 2474; x_wconf 65' lang='lat' dir='ltr'>Vonuurnnro</span> <span class='ocrx_word' id='word_1_540' title='bbox 962 2441 1113 2474; x_wconf 80' lang='lat' dir='ltr'>maleficio</span> 
     </span>
     <span class='ocr_line' id='line_1_57' title="bbox 158 2486 1113 2527; baseline -0.001 -11"><span class='ocrx_word' id='word_1_541' title='bbox 158 2487 277 2516; x_wconf 78' lang='lat' dir='ltr'>veniam</span> <span class='ocrx_word' id='word_1_542' title='bbox 288 2486 348 2516; x_wconf 79' lang='lat' dir='ltr'>dari</span> <span class='ocrx_word' id='word_1_543' title='bbox 357 2496 424 2516; x_wconf 70' lang='lat' dir='ltr'>non</span> <span class='ocrx_word' id='word_1_544' title='bbox 433 2495 571 2527; x_wconf 84' lang='lat' dir='ltr'>oportere</span> <span class='ocrx_word' id='word_1_545' title='bbox 581 2497 586 2515; x_wconf 91' lang='lat'>:</span> <span class='ocrx_word' id='word_1_546' title='bbox 597 2486 810 2527; x_wconf 68' lang='lat' dir='ltr'>imprudentiae.</span> <span class='ocrx_word' id='word_1_547' title='bbox 820 2486 943 2517; x_wconf 77' lang='lat' dir='ltr'>concedi</span> <span class='ocrx_word' id='word_1_548' title='bbox 954 2494 1113 2516; x_wconf 79' lang='lat' dir='ltr'>nonnum—</span> 
     </span>
     <span class='ocr_line' id='line_1_58' title="bbox 159 2527 1114 2569; baseline 0 -12"><span class='ocrx_word' id='word_1_549' title='bbox 159 2537 246 2569; x_wconf 85' lang='lat' dir='ltr'>quam</span> <span class='ocrx_word' id='word_1_550' title='bbox 269 2530 455 2558; x_wconf 60' lang='lat' dir='ltr'>convenire:</span> <span class='ocrx_word' id='word_1_551' title='bbox 475 2530 626 2569; x_wconf 80' lang='lat' dir='ltr'>Septi-mus</span> <span class='ocrx_word' id='word_1_552' title='bbox 637 2530 719 2559; x_wconf 79' lang='lat' dir='ltr'>locus</span> <span class='ocrx_word' id='word_1_553' title='bbox 731 2527 773 2559; x_wconf 85' lang='lat' dir='ltr'>est</span> <span class='ocrx_word' id='word_1_554' title='bbox 781 2548 792 2562; x_wconf 76' lang='lat'>,</span> <span class='ocrx_word' id='word_1_555' title='bbox 812 2538 865 2569; x_wconf 90' lang='lat' dir='ltr'>per</span> <span class='ocrx_word' id='word_1_556' title='bbox 873 2537 964 2569; x_wconf 79' lang='lat' dir='ltr'>quem</span> <span class='ocrx_word' id='word_1_557' title='bbox 976 2527 1114 2569; x_wconf 82' lang='lat' dir='ltr'>indigna-</span> 
     </span>
     <span class='ocr_line' id='line_1_59' title="bbox 157 2568 1112 2611; baseline -0.001 -12"><span class='ocrx_word' id='word_1_558' title='bbox 157 2579 236 2604; x_wconf 88' lang='lat' dir='ltr'>mur,</span> <span class='ocrx_word' id='word_1_559' title='bbox 249 2568 330 2610; x_wconf 73' lang='lat' dir='ltr'>quod</span> <span class='ocrx_word' id='word_1_560' title='bbox 341 2578 473 2603; x_wconf 72' lang='lat' dir='ltr'>taetrum,</span> <span class='ocrx_word' id='word_1_561' title='bbox 485 2570 614 2604; x_wconf 86' lang='lat' dir='ltr'>crudele,</span> <span class='ocrx_word' id='word_1_562' title='bbox 630 2570 780 2600; x_wconf 74' lang='lat' dir='ltr'>nefarium</span> <span class='ocrx_word' id='word_1_563' title='bbox 791 2590 799 2604; x_wconf 79' lang='lat'>‚</span> <span class='ocrx_word' id='word_1_564' title='bbox 808 2571 991 2611; x_wconf 64' lang='lat' dir='ltr'>&gt;tyrannicam</span> <span class='ocrx_word' id='word_1_565' title='bbox 998 2568 1112 2600; x_wconf 62' lang='lat' dir='ltr'>facium</span> 
     </span>
     <span class='ocr_line' id='line_1_60' title="bbox 156 2610 1114 2652; baseline -0.001 -11"><span class='ocrx_word' id='word_1_566' title='bbox 156 2610 215 2641; x_wconf 80' lang='lat' dir='ltr'>ess&#39;e</span> <span class='ocrx_word' id='word_1_567' title='bbox 225 2611 359 2642; x_wconf 84' lang='lat' dir='ltr'>dicamus</span> <span class='ocrx_word' id='word_1_568' title='bbox 371 2632 379 2646; x_wconf 89' lang='lat'>‚</span> <span class='ocrx_word' id='word_1_569' title='bbox 392 2615 402 2631; x_wconf 86' lang='lat'><em>¹</em></span> <span class='ocrx_word' id='word_1_570' title='bbox 415 2622 467 2652; x_wconf 87' lang='lat' dir='ltr'>per</span> <span class='ocrx_word' id='word_1_571' title='bbox 476 2614 543 2641; x_wconf 86' lang='lat' dir='ltr'>vim</span> <span class='ocrx_word' id='word_1_572' title='bbox 553 2632 561 2645; x_wconf 83' lang='lat'>‚</span> <span class='ocrx_word' id='word_1_573' title='bbox 575 2622 627 2652; x_wconf 89' lang='lat' dir='ltr'>per</span> <span class='ocrx_word' id='word_1_574' title='bbox 636 2622 761 2642; x_wconf 85' lang='lat' dir='ltr'>manum</span> <span class='ocrx_word' id='word_1_575' title='bbox 774 2612 948 2652; x_wconf 78' lang='lat' dir='ltr'>opulentam</span> <span class='ocrx_word' id='word_1_576' title='bbox 961 2631 969 2643; x_wconf 82' lang='lat'>‚</span> <span class='ocrx_word' id='word_1_577' title='bbox 991 2621 1056 2651; x_wconf 81' lang='lat' dir='ltr'>quae</span> <span class='ocrx_word' id='word_1_578' title='bbox 1069 2621 1114 2640; x_wconf 88' lang='lat' dir='ltr'>res</span> 
     </span>
     <span class='ocr_line' id='line_1_61' title="bbox 160 2651 1114 2694; baseline -0.002 -10"><span class='ocrx_word' id='word_1_579' title='bbox 160 2653 196 2684; x_wconf 76' lang='lat' dir='ltr'>ab</span> <span class='ocrx_word' id='word_1_580' title='bbox 207 2653 334 2694; x_wconf 81' lang='lat' dir='ltr'>legibus,</span> <span class='ocrx_word' id='word_1_581' title='bbox 346 2654 378 2684; x_wconf 89' lang='lat'><strong>&amp;</strong></span> <span class='ocrx_word' id='word_1_582' title='bbox 389 2654 425 2684; x_wconf 89' lang='lat' dir='ltr'>ab</span> <span class='ocrx_word' id='word_1_583' title='bbox 435 2654 573 2694; x_wconf 84' lang='lat' dir='ltr'>aequabili</span> <span class='ocrx_word' id='word_1_584' title='bbox 580 2655 646 2693; x_wconf 87' lang='lat' dir='ltr'>jure</span> <span class='ocrx_word' id='word_1_585' title='bbox 655 2652 851 2684; x_wconf 85' lang='lat' dir='ltr'>remotiffima</span> <span class='ocrx_word' id='word_1_586' title='bbox 861 2651 903 2683; x_wconf 79' lang='lat' dir='ltr'>sit.</span> <span class='ocrx_word' id='word_1_587' title='bbox 923 2652 1053 2683; x_wconf 69' lang='lat' dir='ltr'>OEtavus</span> <span class='ocrx_word' id='word_1_588' title='bbox 1065 2653 1114 2682; x_wconf 83' lang='lat' dir='ltr'>lo-</span> 
     </span>
     <span class='ocr_line' id='line_1_62' title="bbox 157 2693 1114 2767; baseline -0.002 -42"><span class='ocrx_word' id='word_1_589' title='bbox 157 2705 209 2726; x_wconf 88' lang='lat' dir='ltr'>cus</span> <span class='ocrx_word' id='word_1_590' title='bbox 221 2694 263 2725; x_wconf 85' lang='lat' dir='ltr'>est</span> <span class='ocrx_word' id='word_1_591' title='bbox 271 2705 322 2735; x_wconf 90' lang='lat' dir='ltr'>per</span> <span class='ocrx_word' id='word_1_592' title='bbox 328 2705 421 2767; x_wconf 56' lang='lat' dir='ltr'>guem</span> <span class='ocrx_word' id='word_1_593' title='bbox 433 2694 675 2726; x_wconf 86' lang='lat' dir='ltr'>demonstramus</span> <span class='ocrx_word' id='word_1_594' title='bbox 686 2716 694 2729; x_wconf 90' lang='lat'>,</span> <span class='ocrx_word' id='word_1_595' title='bbox 718 2705 783 2726; x_wconf 89' lang='lat' dir='ltr'>non</span> <span class='ocrx_word' id='word_1_596' title='bbox 794 2695 912 2735; x_wconf 81' lang='lat' dir='ltr'>vulgare</span> <span class='ocrx_word' id='word_1_597' title='bbox 921 2715 930 2728; x_wconf 87' lang='lat'>‚</span> <span class='ocrx_word' id='word_1_598' title='bbox 952 2704 1049 2735; x_wconf 78' lang='lat' dir='ltr'>neque</span> <span class='ocrx_word' id='word_1_599' title='bbox 1070 2693 1114 2724; x_wconf 87' lang='lat' dir='ltr'>fa-</span> 
     </span>
     <span class='ocr_line' id='line_1_63' title="bbox 163 2735 1112 2778; baseline -0.001 -12"><span class='ocrx_word' id='word_1_600' title='bbox 163 2736 300 2766; x_wconf 76' lang='lat' dir='ltr'>Ctitatum</span> <span class='ocrx_word' id='word_1_601' title='bbox 310 2747 324 2766; x_wconf 89' lang='lat' dir='ltr'>e</span> <span class='ocrx_word' id='word_1_602' title='bbox 351 2736 367 2767; x_wconf 85' lang='lat' dir='ltr'>&#39;e</span> <span class='ocrx_word' id='word_1_603' title='bbox 376 2757 385 2771; x_wconf 94' lang='lat'>,</span> <span class='ocrx_word' id='word_1_604' title='bbox 406 2747 444 2767; x_wconf 90' lang='lat' dir='ltr'>ne</span> <span class='ocrx_word' id='word_1_605' title='bbox 453 2737 490 2767; x_wconf 90' lang='lat' dir='ltr'>ab</span> <span class='ocrx_word' id='word_1_606' title='bbox 500 2736 696 2767; x_wconf 73' lang='lat' dir='ltr'>audacissimis</span> <span class='ocrx_word' id='word_1_607' title='bbox 714 2737 839 2778; x_wconf 87' lang='lat' dir='ltr'>quidem</span> <span class='ocrx_word' id='word_1_608' title='bbox 859 2736 1039 2766; x_wconf 90' lang='lat' dir='ltr'>hominibus</span> <span class='ocrx_word' id='word_1_609' title='bbox 1051 2756 1059 2770; x_wconf 90' lang='lat'>‚</span> <span class='ocrx_word' id='word_1_610' title='bbox 1082 2735 1112 2765; x_wconf 89' lang='lat' dir='ltr'>id</span> 
     </span>
     <span class='ocr_line' id='line_1_64' title="bbox 160 2777 1112 2820; baseline -0.001 -12"><span class='ocrx_word' id='word_1_611' title='bbox 160 2777 343 2808; x_wconf 77' lang='lat' dir='ltr'>maleficium</span> <span class='ocrx_word' id='word_1_612' title='bbox 354 2799 362 2811; x_wconf 88' lang='lat'><strong><em>‚</em></strong></span> <span class='ocrx_word' id='word_1_613' title='bbox 384 2778 420 2808; x_wconf 89' lang='lat' dir='ltr'>de</span> <span class='ocrx_word' id='word_1_614' title='bbox 430 2789 492 2819; x_wconf 90' lang='lat' dir='ltr'>quo</span> <span class='ocrx_word' id='word_1_615' title='bbox 502 2781 606 2820; x_wconf 79' lang='lat' dir='ltr'>agitur.</span> <span class='ocrx_word' id='word_1_616' title='bbox 629 2787 715 2820; x_wconf 89' lang='lat' dir='ltr'>atque</span> <span class='ocrx_word' id='word_1_617' title='bbox 727 2779 756 2809; x_wconf 88' lang='lat' dir='ltr'>id</span> <span class='ocrx_word' id='word_1_618' title='bbox 769 2778 784 2808; x_wconf 76' lang='grc' dir='ltr'>ἒι</span> <span class='ocrx_word' id='word_1_619' title='bbox 792 2777 864 2808; x_wconf 84' lang='lat' dir='ltr'>feris</span> <span class='ocrx_word' id='word_1_620' title='bbox 874 2788 935 2819; x_wconf 92' lang='lat' dir='ltr'>quo</span> <span class='ocrx_word' id='word_1_621' title='bbox 959 2788 995 2807; x_wconf 91' lang='lat' dir='ltr'>ue</span> <span class='ocrx_word' id='word_1_622' title='bbox 1010 2779 1112 2807; x_wconf 88' lang='lat' dir='ltr'>homi—</span> 
     </span>
     <span class='ocr_line' id='line_1_65' title="bbox 160 2788 1113 2862; baseline -0.001 -12"><span class='ocrx_word' id='word_1_623' title='bbox 160 2820 249 2850; x_wconf 90' lang='lat' dir='ltr'>nibus</span> <span class='ocrx_word' id='word_1_624' title='bbox 260 2839 268 2853; x_wconf 83' lang='grc'>,</span> <span class='ocrx_word' id='word_1_625' title='bbox 283 2820 316 2850; x_wconf 87' lang='lat'>&amp;</span> <span class='ocrx_word' id='word_1_626' title='bbox 326 2819 342 2850; x_wconf 71' lang='lat' dir='ltr'>a</span> <span class='ocrx_word' id='word_1_627' title='bbox 352 2820 479 2850; x_wconf 87' lang='lat' dir='ltr'>barbaris</span> <span class='ocrx_word' id='word_1_628' title='bbox 489 2821 628 2862; x_wconf 80' lang='lat' dir='ltr'>gentibus</span> <span class='ocrx_word' id='word_1_629' title='bbox 638 2841 647 2855; x_wconf 90' lang='lat'>,</span> <span class='ocrx_word' id='word_1_630' title='bbox 659 2822 691 2851; x_wconf 77' lang='grc' dir='ltr'>δε</span> <span class='ocrx_word' id='word_1_631' title='bbox 703 2820 890 2851; x_wconf 85' lang='lat' dir='ltr'>immanibus</span> <span class='ocrx_word' id='word_1_632' title='bbox 901 2788 1001 2850; x_wconf 57' lang='lat' dir='ltr'>bestiis</span> <span class='ocrx_word' id='word_1_633' title='bbox 1012 2830 1113 2849; x_wconf 88' lang='lat' dir='ltr'>remo-</span> 
     </span>
     <span class='ocr_line' id='line_1_66' title="bbox 161 2859 1110 2903; baseline -0.001 -11"><span class='ocrx_word' id='word_1_634' title='bbox 161 2869 226 2892; x_wconf 86' lang='lat' dir='ltr'>tum</span> <span class='ocrx_word' id='word_1_635' title='bbox 238 2859 294 2891; x_wconf 82' lang='lat' dir='ltr'>effe</span> <span class='ocrx_word' id='word_1_636' title='bbox 304 2881 312 2895; x_wconf 84' lang='lat'>‚</span> <span class='ocrx_word' id='word_1_637' title='bbox 326 2862 388 2892; x_wconf 82' lang='lat' dir='ltr'>haec</span> <span class='ocrx_word' id='word_1_638' title='bbox 398 2870 486 2892; x_wconf 86' lang='lat' dir='ltr'>erunt</span> <span class='ocrx_word' id='word_1_639' title='bbox 496 2882 505 2896; x_wconf 93' lang='lat'>‚</span> <span class='ocrx_word' id='word_1_640' title='bbox 517 2873 583 2903; x_wconf 86' lang='lat' dir='ltr'>quae</span> <span class='ocrx_word' id='word_1_641' title='bbox 594 2864 625 2892; x_wconf 92' lang='lat' dir='ltr'>in</span> <span class='ocrx_word' id='word_1_642' title='bbox 637 2864 783 2903; x_wconf 88' lang='lat' dir='ltr'>parenteis</span> <span class='ocrx_word' id='word_1_643' title='bbox 795 2882 803 2896; x_wconf 89' lang='lat'>,</span> <span class='ocrx_word' id='word_1_644' title='bbox 816 2862 926 2891; x_wconf 86' lang='lat' dir='ltr'>liberos</span> <span class='ocrx_word' id='word_1_645' title='bbox 938 2882 946 2895; x_wconf 80' lang='lat'>,</span> <span class='ocrx_word' id='word_1_646' title='bbox 957 2863 1110 2903; x_wconf 84' lang='lat' dir='ltr'>conjuges,</span> 
     </span>
     <span class='ocr_line' id='line_1_67' title="bbox 158 2902 1112 2944; baseline -0.001 -11"><span class='ocrx_word' id='word_1_647' title='bbox 158 2903 395 2944; x_wconf 76' lang='lat' dir='ltr'>consanguineos</span> <span class='ocrx_word' id='word_1_648' title='bbox 414 2924 423 2937; x_wconf 75' lang='lat'><strong>³</strong></span> <span class='ocrx_word' id='word_1_649' title='bbox 444 2904 589 2944; x_wconf 87' lang='lat' dir='ltr'>supplices</span> <span class='ocrx_word' id='word_1_650' title='bbox 600 2924 608 2938; x_wconf 93' lang='lat'>,</span> <span class='ocrx_word' id='word_1_651' title='bbox 630 2904 789 2934; x_wconf 86' lang='lat' dir='ltr'>crudeliter</span> <span class='ocrx_word' id='word_1_652' title='bbox 808 2902 885 2933; x_wconf 58' lang='lat' dir='ltr'>fasta</span> <span class='ocrx_word' id='word_1_653' title='bbox 903 2903 1040 2934; x_wconf 85' lang='lat' dir='ltr'>dicentur</span> <span class='ocrx_word' id='word_1_654' title='bbox 1052 2914 1057 2932; x_wconf 88' lang='grc'>;</span> <span class='ocrx_word' id='word_1_655' title='bbox 1079 2904 1112 2933; x_wconf 89' lang='lat'>&amp;</span> 
     </span>
    </p>
   </div>
   <div class='ocr_carea' id='block_1_8' title="bbox 160 2943 2120 2987">
    <p class='ocr_par' dir='ltr' id='par_1_8' title="bbox 160 2943 2120 2987">
     <span class='ocr_line' id='line_1_68' title="bbox 160 2943 2120 2987; baseline -0.003 -13"><span class='ocrx_word' id='word_1_656' title='bbox 160 2944 298 2986; x_wconf 82' lang='lat' dir='ltr'>deinceps</span> <span class='ocrx_word' id='word_1_657' title='bbox 309 2944 388 2986; x_wconf 81' lang='lat' dir='ltr'>siqua</span> <span class='ocrx_word' id='word_1_658' title='bbox 397 2944 584 2986; x_wconf 85' lang='lat' dir='ltr'>proferantur</span> <span class='ocrx_word' id='word_1_659' title='bbox 593 2947 627 2976; x_wconf 89' lang='lat' dir='ltr'>in</span> <span class='ocrx_word' id='word_1_660' title='bbox 637 2946 767 2987; x_wconf 88' lang='lat' dir='ltr'>majores</span> <span class='ocrx_word' id='word_1_661' title='bbox 776 2954 848 2976; x_wconf 86' lang='lat' dir='ltr'>natu</span> <span class='ocrx_word' id='word_1_662' title='bbox 859 2966 868 2980; x_wconf 95' lang='lat'>‚</span> <span class='ocrx_word' id='word_1_663' title='bbox 881 2946 915 2976; x_wconf 85' lang='lat' dir='ltr'>in</span> <span class='ocrx_word' id='word_1_664' title='bbox 924 2945 1067 2986; x_wconf 75' lang='lat' dir='ltr'>hospites&gt;</span> <span class='ocrx_word' id='word_1_665' title='bbox 1080 2946 1113 2974; x_wconf 88' lang='lat' dir='ltr'>in</span> <span class='ocrx_word' id='word_1_666' title='bbox 1159 2954 1216 2978; x_wconf 85' lang='lat' dir='ltr'>tus,</span> <span class='ocrx_word' id='word_1_667' title='bbox 1228 2945 1387 2975; x_wconf 84' lang='lat' dir='ltr'>communi</span> <span class='ocrx_word' id='word_1_668' title='bbox 1397 2953 1518 2985; x_wconf 90' lang='lat' dir='ltr'>quoquc</span> <span class='ocrx_word' id='word_1_669' title='bbox 1529 2943 1645 2974; x_wconf 88' lang='lat' dir='ltr'>honore</span> <span class='ocrx_word' id='word_1_670' title='bbox 1659 2944 1691 2972; x_wconf 90' lang='lat' dir='ltr'>in</span> <span class='ocrx_word' id='word_1_671' title='bbox 1703 2951 1801 2974; x_wconf 84' lang='lat' dir='ltr'>morte</span> <span class='ocrx_word' id='word_1_672' title='bbox 1811 2943 1912 2973; x_wconf 79' lang='lat' dir='ltr'>caruit.</span> <span class='ocrx_word' id='word_1_673' title='bbox 1934 2944 2056 2975; x_wconf 65' lang='lat' dir='ltr'>Nonus,</span> <span class='ocrx_word' id='word_1_674' title='bbox 2067 2951 2120 2982; x_wconf 78' lang='lat' dir='ltr'>per</span> 
     </span>
    </p>
   </div>
   <div class='ocr_carea' id='block_1_9' title="bbox 160 3039 1960 3052">
    <p class='ocr_par' dir='ltr' id='par_1_9' title="bbox 160 3039 1960 3052">
     <span class='ocr_line' id='line_1_69' title="bbox 160 3039 1960 3052; baseline 0 301"><span class='ocrx_word' id='word_1_675' title='bbox 160 3039 1960 3052; x_wconf 95' lang='lat' dir='ltr'> </span> 
     </span>
    </p>
   </div>
   <div class='ocr_carea' id='block_1_10' title="bbox 163 3069 1141 3214">
    <p class='ocr_par' dir='ltr' id='par_1_10' title="bbox 163 3069 1141 3214">
     <span class='ocr_line' id='line_1_70' title="bbox 203 3069 1141 3119; baseline -0.001 -24"><span class='ocrx_word' id='word_1_676' title='bbox 203 3078 226 3095; x_wconf 86' lang='grc' dir='ltr'>ι.</span> <span class='ocrx_word' id='word_1_677' title='bbox 244 3074 292 3096; x_wconf 83' lang='lat' dir='ltr'>‘Per</span> <span class='ocrx_word' id='word_1_678' title='bbox 299 3073 402 3103; x_wconf 58' lang='lat' dir='ltr'>¹vimpo-</span> <span class='ocrx_word' id='word_1_679' title='bbox 410 3072 585 3105; x_wconf 72' lang='lat' dir='ltr'>manum,&amp;c.]</span> <span class='ocrx_word' id='word_1_680' title='bbox 596 3072 663 3097; x_wconf 72' lang='lat' dir='ltr'>Fere</span> <span class='ocrx_word' id='word_1_681' title='bbox 674 3071 803 3098; x_wconf 77' lang='lat' dir='ltr'>adsentiar</span> <span class='ocrx_word' id='word_1_682' title='bbox 813 3071 946 3106; x_wconf 78' lang='lat' dir='ltr'>(cripturoe</span> <span class='ocrx_word' id='word_1_683' title='bbox 957 3070 1010 3097; x_wconf 83' lang='lat' dir='ltr'>Pal.</span> <span class='ocrx_word' id='word_1_684' title='bbox 1023 3069 1071 3096; x_wconf 83' lang='lat' dir='ltr'>sec.</span> <span class='ocrx_word' id='word_1_685' title='bbox 1081 3077 1123 3102; x_wconf 76' lang='lat' dir='ltr'>per</span> <span class='ocrx_word' id='word_1_686' title='bbox 1139 3075 1141 3119; x_wconf 47' lang='grc'>1</span> 
     </span>
     <span class='ocr_line' id='line_1_71' title="bbox 163 3105 1122 3142; baseline 0.001 -13"><span class='ocrx_word' id='word_1_687' title='bbox 163 3107 329 3137; x_wconf 65' lang='grc' dir='ltr'>τίηῳηαηιηη,</span> <span class='ocrx_word' id='word_1_688' title='bbox 339 3107 487 3138; x_wconf 61' lang='lat' dir='ltr'>opulentiam·</span> <span class='ocrx_word' id='word_1_689' title='bbox 497 3115 581 3142; x_wconf 83' lang='lat' dir='ltr'>neque</span> <span class='ocrx_word' id='word_1_690' title='bbox 590 3106 647 3133; x_wconf 86' lang='lat' dir='ltr'>abit</span> <span class='ocrx_word' id='word_1_691' title='bbox 656 3108 845 3142; x_wconf 75' lang='lat' dir='ltr'>tertius‚quam</span> <span class='ocrx_word' id='word_1_692' title='bbox 856 3105 926 3142; x_wconf 83' lang='lat' dir='ltr'>quod</span> <span class='ocrx_word' id='word_1_693' title='bbox 937 3107 970 3137; x_wconf 86' lang='lat' dir='ltr'>is,</span> <span class='ocrx_word' id='word_1_694' title='bbox 977 3108 1122 3139; x_wconf 71' lang='lat' dir='ltr'>opulemam.</span> 
     </span>
     <span class='ocr_line' id='line_1_72' title="bbox 165 3138 1120 3178; baseline 0.002 -14"><span class='ocrx_word' id='word_1_695' title='bbox 165 3138 241 3166; x_wconf 75' lang='lat' dir='ltr'>habet</span> <span class='ocrx_word' id='word_1_696' title='bbox 259 3147 344 3167; x_wconf 80' lang='lat' dir='ltr'>tamen</span> <span class='ocrx_word' id='word_1_697' title='bbox 357 3141 462 3176; x_wconf 81' lang='lat' dir='ltr'>vulgata.</span> <span class='ocrx_word' id='word_1_698' title='bbox 471 3141 540 3168; x_wconf 84' lang='lat' dir='ltr'>suam</span> <span class='ocrx_word' id='word_1_699' title='bbox 550 3143 680 3168; x_wconf 80' lang='lat' dir='ltr'>Venerem</span> <span class='ocrx_word' id='word_1_700' title='bbox 693 3161 701 3174; x_wconf 93' lang='lat'>,</span> <span class='ocrx_word' id='word_1_701' title='bbox 722 3151 800 3178; x_wconf 87' lang='lat' dir='ltr'>quam</span> <span class='ocrx_word' id='word_1_702' title='bbox 808 3152 863 3168; x_wconf 78' lang='lat' dir='ltr'>nou</span> <span class='ocrx_word' id='word_1_703' title='bbox 878 3141 983 3168; x_wconf 76' lang='lat' dir='ltr'>videtur</span> <span class='ocrx_word' id='word_1_704' title='bbox 994 3140 1120 3167; x_wconf 75' lang='lat' dir='ltr'>assecutus</span> 
     </span>
     <span class='ocr_line' id='line_1_73' title="bbox 165 3175 1140 3214; baseline 0 -11"><span class='ocrx_word' id='word_1_705' title='bbox 165 3175 323 3204; x_wconf 73' lang='lat' dir='ltr'>Wouvenus</span> <span class='ocrx_word' id='word_1_706' title='bbox 334 3176 574 3212; x_wconf 64' lang='lat' dir='ltr'>noster-,arbitratus</span> <span class='ocrx_word' id='word_1_707' title='bbox 586 3178 655 3206; x_wconf 68' lang='lat' dir='ltr'>forte</span> <span class='ocrx_word' id='word_1_708' title='bbox 668 3177 973 3211; x_wconf 61' lang='lat' dir='ltr'>rescribendumffimnum</span> <span class='ocrx_word' id='word_1_709' title='bbox 982 3179 1118 3204; x_wconf 65' lang='lat' dir='ltr'>violentam.</span> <span class='ocrx_word' id='word_1_710' title='bbox 1135 3180 1140 3214; x_wconf 65' lang='lat' dir='ltr'>J</span> 
     </span>
    </p>
   </div>
   <div class='ocr_carea' id='block_1_11' title="bbox 1147 167 2112 1436">
    <p class='ocr_par' dir='ltr' id='par_1_11' title="bbox 1147 167 2112 1436">
     <span class='ocr_line' id='line_1_74' title="bbox 2040 167 2106 216; baseline 0.03 -2"><span class='ocrx_word' id='word_1_711' title='bbox 2040 167 2106 216; x_wconf 73' lang='lat'>49</span> 
     </span>
     <span class='ocr_line' id='line_1_75' title="bbox 1147 224 2104 268; baseline -0.007 -8"><span class='ocrx_word' id='word_1_712' title='bbox 1147 233 1265 261; x_wconf 77' lang='lat' dir='ltr'>vicinos</span> <span class='ocrx_word' id='word_1_713' title='bbox 1275 251 1283 264; x_wconf 93' lang='lat'>‚</span> <span class='ocrx_word' id='word_1_714' title='bbox 1293 240 1295 242; x_wconf 94' lang='lat'>·</span> <span class='ocrx_word' id='word_1_715' title='bbox 1305 232 1337 261; x_wconf 86' lang='lat' dir='ltr'>in</span> <span class='ocrx_word' id='word_1_716' title='bbox 1348 226 1462 260; x_wconf 73' lang='lat' dir='ltr'>amicos</span> <span class='ocrx_word' id='word_1_717' title='bbox 1473 249 1482 264; x_wconf 94' lang='lat'>‚</span> <span class='ocrx_word' id='word_1_718' title='bbox 1501 229 1535 258; x_wconf 84' lang='lat' dir='ltr'>:in</span> <span class='ocrx_word' id='word_1_719' title='bbox 1550 237 1601 258; x_wconf 83' lang='lat' dir='ltr'>eos</span> <span class='ocrx_word' id='word_1_720' title='bbox 1611 249 1618 262; x_wconf 91' lang='lat'>‚</span> <span class='ocrx_word' id='word_1_721' title='bbox 1640 225 1821 268; x_wconf 82' lang='lat' dir='ltr'>quibuscum</span> <span class='ocrx_word' id='word_1_722' title='bbox 1831 224 2028 265; x_wconf 69' lang='lat' dir='ltr'>vitamegeris</span> <span class='ocrx_word' id='word_1_723' title='bbox 2040 243 2048 257; x_wconf 83' lang='lat'><em>‚</em></span> <span class='ocrx_word' id='word_1_724' title='bbox 2070 226 2104 254; x_wconf 88' lang='lat' dir='ltr'>in</span> 
     </span>
     <span class='ocr_line' id='line_1_76' title="bbox 1148 267 2104 313; baseline -0.009 -10"><span class='ocrx_word' id='word_1_725' title='bbox 1148 282 1198 301; x_wconf 82' lang='lat' dir='ltr'>eos</span> <span class='ocrx_word' id='word_1_726' title='bbox 1210 292 1219 306; x_wconf 92' lang='lat'>,</span> <span class='ocrx_word' id='word_1_727' title='bbox 1235 272 1311 312; x_wconf 88' lang='lat' dir='ltr'>apud</span> <span class='ocrx_word' id='word_1_728' title='bbox 1321 275 1398 313; x_wconf 81' lang='lat' dir='ltr'>quo&#39;s&#39;</span> <span class='ocrx_word' id='word_1_729' title='bbox 1406 268 1609 303; x_wconf 55' lang='lat' dir='ltr'>educatusfis,</span> <span class='ocrx_word' id='word_1_730' title='bbox 1622 271 1655 299; x_wconf 88' lang='lat' dir='ltr'>in</span> <span class='ocrx_word' id='word_1_731' title='bbox 1667 278 1718 299; x_wconf 85' lang='lat' dir='ltr'>eos</span> <span class='ocrx_word' id='word_1_732' title='bbox 1729 287 1737 302; x_wconf 86' lang='lat'>,</span> <span class='ocrx_word' id='word_1_733' title='bbox 1751 267 1767 297; x_wconf 65' lang='lat' dir='ltr'>a</span> <span class='ocrx_word' id='word_1_734' title='bbox 1777 267 1886 308; x_wconf 78' lang='lat' dir='ltr'>quibus</span> <span class='ocrx_word' id='word_1_735' title='bbox 1897 270 2030 296; x_wconf 75' lang='lat' dir='ltr'>eruditus</span> <span class='ocrx_word' id='word_1_736' title='bbox 2042 278 2048 299; x_wconf 85' lang='lat'>·,</span> <span class='ocrx_word' id='word_1_737' title='bbox 2071 268 2104 295; x_wconf 81' lang='lat' dir='ltr'>in</span> 
     </span>
     <span class='ocr_line' id='line_1_77' title="bbox 1149 307 2104 350; baseline -0.005 -9"><span class='ocrx_word' id='word_1_738' title='bbox 1149 322 1286 343; x_wconf 84' lang='lat' dir='ltr'>mortuos</span> <span class='ocrx_word' id='word_1_739' title='bbox 1297 334 1305 347; x_wconf 93' lang='lat'>,</span> <span class='ocrx_word' id='word_1_740' title='bbox 1320 316 1352 343; x_wconf 88' lang='lat' dir='ltr'>in</span> <span class='ocrx_word' id='word_1_741' title='bbox 1361 314 1487 343; x_wconf 84' lang='lat' dir='ltr'>miseros</span> <span class='ocrx_word' id='word_1_742' title='bbox 1499 332 1507 346; x_wconf 90' lang='lat'>,</span> <span class='ocrx_word' id='word_1_743' title='bbox 1520 313 1553 342; x_wconf 74' lang='grc' dir='ltr'>δε</span> <span class='ocrx_word' id='word_1_744' title='bbox 1564 309 1767 342; x_wconf 77' lang='lat' dir='ltr'>misericordia</span> <span class='ocrx_word' id='word_1_745' title='bbox 1778 310 1885 350; x_wconf 84' lang='lat' dir='ltr'>dignos</span> <span class='ocrx_word' id='word_1_746' title='bbox 1897 328 1905 341; x_wconf 91' lang='lat'>,</span> <span class='ocrx_word' id='word_1_747' title='bbox 1918 309 1951 337; x_wconf 89' lang='lat' dir='ltr'>in</span> <span class='ocrx_word' id='word_1_748' title='bbox 1960 307 2104 337; x_wconf 71' lang='lat' dir='ltr'>homines</span> 
     </span>
     <span class='ocr_line' id='line_1_78' title="bbox 1151 349 2105 390; baseline -0.006 -7"><span class='ocrx_word' id='word_1_749' title='bbox 1151 355 1244 383; x_wconf 88' lang='lat' dir='ltr'>claros</span> <span class='ocrx_word' id='word_1_750' title='bbox 1256 375 1263 387; x_wconf 92' lang='lat'>‚</span> <span class='ocrx_word' id='word_1_751' title='bbox 1278 355 1407 384; x_wconf 85' lang='lat' dir='ltr'>nobileis</span> <span class='ocrx_word' id='word_1_752' title='bbox 1419 374 1426 387; x_wconf 94' lang='lat'>‚</span> <span class='ocrx_word' id='word_1_753' title='bbox 1440 355 1472 384; x_wconf 68' lang='grc' dir='ltr'>ὃς</span> <span class='ocrx_word' id='word_1_754' title='bbox 1484 355 1598 384; x_wconf 87' lang='lat' dir='ltr'>honore</span> <span class='ocrx_word' id='word_1_755' title='bbox 1609 354 1688 386; x_wconf 84' lang='lat' dir='ltr'>usos,</span> <span class='ocrx_word' id='word_1_756' title='bbox 1701 354 1735 382; x_wconf 89' lang='lat' dir='ltr'>in</span> <span class='ocrx_word' id='word_1_757' title='bbox 1745 361 1797 382; x_wconf 87' lang='lat' dir='ltr'>cos</span> <span class='ocrx_word' id='word_1_758' title='bbox 1808 371 1816 384; x_wconf 87' lang='lat'>,</span> <span class='ocrx_word' id='word_1_759' title='bbox 1828 352 1881 390; x_wconf 85' lang='lat' dir='ltr'>qui</span> <span class='ocrx_word' id='word_1_760' title='bbox 1889 359 1988 390; x_wconf 86' lang='lat' dir='ltr'>neque</span> <span class='ocrx_word' id='word_1_761' title='bbox 1999 349 2105 378; x_wconf 63' lang='lat' dir='ltr'>laedere</span> 
     </span>
     <span class='ocr_line' id='line_1_79' title="bbox 1149 392 2105 436; baseline -0.004 -12"><span class='ocrx_word' id='word_1_762' title='bbox 1149 395 1255 427; x_wconf 83' lang='lat' dir='ltr'>alium,</span> <span class='ocrx_word' id='word_1_763' title='bbox 1269 405 1322 425; x_wconf 86' lang='lat' dir='ltr'>nec</span> <span class='ocrx_word' id='word_1_764' title='bbox 1335 396 1360 424; x_wconf 75' lang='lat' dir='ltr'>se</span> <span class='ocrx_word' id='word_1_765' title='bbox 1371 396 1529 426; x_wconf 70' lang='lat' dir='ltr'>defendere</span> <span class='ocrx_word' id='word_1_766' title='bbox 1539 403 1712 436; x_wconf 86' lang='lat' dir='ltr'>potuerunt,</span> <span class='ocrx_word' id='word_1_767' title='bbox 1724 403 1757 424; x_wconf 87' lang='lat' dir='ltr'>ut</span> <span class='ocrx_word' id='word_1_768' title='bbox 1767 395 1801 423; x_wconf 89' lang='lat' dir='ltr'>in</span> <span class='ocrx_word' id='word_1_769' title='bbox 1809 401 1928 432; x_wconf 88' lang='lat' dir='ltr'>pueros,</span> <span class='ocrx_word' id='word_1_770' title='bbox 1939 392 2105 424; x_wconf 53' lang='lat' dir='ltr'>seneffimu-</span> 
     </span>
     <span class='ocr_line' id='line_1_80' title="bbox 1149 434 2105 477; baseline -0.002 -13"><span class='ocrx_word' id='word_1_771' title='bbox 1149 436 1236 465; x_wconf 82' lang='lat' dir='ltr'>lieres</span> <span class='ocrx_word' id='word_1_772' title='bbox 1248 447 1253 465; x_wconf 92' lang='lat'>:</span> <span class='ocrx_word' id='word_1_773' title='bbox 1274 437 1383 477; x_wconf 80' lang='lat' dir='ltr'>quibus</span> <span class='ocrx_word' id='word_1_774' title='bbox 1401 437 1546 466; x_wconf 86' lang='lat' dir='ltr'>omnibus</span> <span class='ocrx_word' id='word_1_775' title='bbox 1565 439 1668 467; x_wconf 84' lang='lat' dir='ltr'>acriter</span> <span class='ocrx_word' id='word_1_776' title='bbox 1678 437 1803 466; x_wconf 78' lang='lat' dir='ltr'>excitata</span> <span class='ocrx_word' id='word_1_777' title='bbox 1813 434 1981 475; x_wconf 78' lang='lat' dir='ltr'>indignatio</span> <span class='ocrx_word' id='word_1_778' title='bbox 1992 452 2000 465; x_wconf 64' lang='grc' dir='ltr'><em>ι</em></span> <span class='ocrx_word' id='word_1_779' title='bbox 2023 434 2105 462; x_wconf 87' lang='lat' dir='ltr'>sum-</span> 
     </span>
     <span class='ocr_line' id='line_1_81' title="bbox 1151 476 2106 518; baseline -0.003 -12"><span class='ocrx_word' id='word_1_780' title='bbox 1151 487 1241 506; x_wconf 88' lang='lat' dir='ltr'>mum</span> <span class='ocrx_word' id='word_1_781' title='bbox 1252 479 1286 506; x_wconf 86' lang='lat' dir='ltr'>in</span> <span class='ocrx_word' id='word_1_782' title='bbox 1296 487 1366 506; x_wconf 89' lang='lat' dir='ltr'>eum</span> <span class='ocrx_word' id='word_1_783' title='bbox 1377 497 1385 509; x_wconf 81' lang='grc'>,</span> <span class='ocrx_word' id='word_1_784' title='bbox 1397 480 1449 517; x_wconf 87' lang='lat' dir='ltr'>qui</span> <span class='ocrx_word' id='word_1_785' title='bbox 1461 478 1580 508; x_wconf 85' lang='lat' dir='ltr'>violarit</span> <span class='ocrx_word' id='word_1_786' title='bbox 1589 479 1698 508; x_wconf 86' lang='lat' dir='ltr'>horum</span> <span class='ocrx_word' id='word_1_787' title='bbox 1710 476 1833 518; x_wconf 88' lang='lat' dir='ltr'>aliquid,</span> <span class='ocrx_word' id='word_1_788' title='bbox 1845 476 1952 506; x_wconf 84' lang='lat' dir='ltr'>odium</span> <span class='ocrx_word' id='word_1_789' title='bbox 1964 484 2106 508; x_wconf 65' lang='lat' dir='ltr'>commo:</span> 
     </span>
     <span class='ocr_line' id='line_1_82' title="bbox 1151 516 2107 559; baseline -0.004 -10"><span class='ocrx_word' id='word_1_790' title='bbox 1151 529 1219 549; x_wconf 85' lang='lat' dir='ltr'>vere</span> <span class='ocrx_word' id='word_1_791' title='bbox 1230 521 1348 559; x_wconf 86' lang='lat' dir='ltr'>poterit.</span> <span class='ocrx_word' id='word_1_792' title='bbox 1383 522 1492 548; x_wconf 84' lang='lat' dir='ltr'>Nonus</span> <span class='ocrx_word' id='word_1_793' title='bbox 1507 520 1589 548; x_wconf 88' lang='lat' dir='ltr'>locus</span> <span class='ocrx_word' id='word_1_794' title='bbox 1602 519 1658 552; x_wconf 76' lang='lat' dir='ltr'>cst,</span> <span class='ocrx_word' id='word_1_795' title='bbox 1672 528 1822 559; x_wconf 80' lang='lat' dir='ltr'>perquem</span> <span class='ocrx_word' id='word_1_796' title='bbox 1834 538 1843 552; x_wconf 94' lang='lat'>,</span> <span class='ocrx_word' id='word_1_797' title='bbox 1853 527 1924 548; x_wconf 72' lang='lat' dir='ltr'>cuni</span> <span class='ocrx_word' id='word_1_798' title='bbox 1933 516 1999 546; x_wconf 82' lang='lat' dir='ltr'>aliis</span> <span class='ocrx_word' id='word_1_799' title='bbox 2011 536 2019 549; x_wconf 89' lang='lat'>‚</span> <span class='ocrx_word' id='word_1_800' title='bbox 2040 527 2107 557; x_wconf 67' lang='lat' dir='ltr'>qua:</span> 
     </span>
     <span class='ocr_line' id='line_1_83' title="bbox 1150 558 2108 601; baseline -0.004 -11"><span class='ocrx_word' id='word_1_801' title='bbox 1150 560 1266 590; x_wconf 79' lang='lat' dir='ltr'>constat</span> <span class='ocrx_word' id='word_1_802' title='bbox 1275 558 1333 589; x_wconf 82' lang='lat' dir='ltr'>effe</span> <span class='ocrx_word' id='word_1_803' title='bbox 1341 569 1458 600; x_wconf 79' lang='lat' dir='ltr'>peccata</span> <span class='ocrx_word' id='word_1_804' title='bbox 1470 580 1477 592; x_wconf 93' lang='lat'>‚</span> <span class='ocrx_word' id='word_1_805' title='bbox 1500 561 1556 590; x_wconf 88' lang='lat' dir='ltr'>hoc</span> <span class='ocrx_word' id='word_1_806' title='bbox 1568 580 1576 594; x_wconf 91' lang='lat'>‚</span> <span class='ocrx_word' id='word_1_807' title='bbox 1589 571 1649 601; x_wconf 86' lang='lat' dir='ltr'>quo</span> <span class='ocrx_word' id='word_1_808' title='bbox 1660 562 1695 591; x_wconf 86' lang='lat' dir='ltr'>de</span> <span class='ocrx_word' id='word_1_809' title='bbox 1706 559 1829 601; x_wconf 78' lang='lat' dir='ltr'>quaestio</span> <span class='ocrx_word' id='word_1_810' title='bbox 1840 559 1883 590; x_wconf 85' lang='lat' dir='ltr'>est</span> <span class='ocrx_word' id='word_1_811' title='bbox 1892 580 1900 592; x_wconf 84' lang='lat'>‚</span> <span class='ocrx_word' id='word_1_812' title='bbox 1913 565 2089 596; x_wconf 71' lang='lat' dir='ltr'>comparatur</span> <span class='ocrx_word' id='word_1_813' title='bbox 2097 568 2108 585; x_wconf 86' lang='lat'>.-</span> 
     </span>
     <span class='ocr_line' id='line_1_84' title="bbox 1152 597 2107 642; baseline -0.003 -10"><span class='ocrx_word' id='word_1_814' title='bbox 1152 603 1234 632; x_wconf 80' lang='lat' dir='ltr'>&amp;ita</span> <span class='ocrx_word' id='word_1_815' title='bbox 1244 612 1295 642; x_wconf 88' lang='lat' dir='ltr'>per</span> <span class='ocrx_word' id='word_1_816' title='bbox 1304 603 1535 632; x_wconf 82' lang='lat' dir='ltr'>contentionem</span> <span class='ocrx_word' id='word_1_817' title='bbox 1547 622 1554 634; x_wconf 82' lang='lat'>,</span> <span class='ocrx_word' id='word_1_818' title='bbox 1572 612 1684 641; x_wconf 70' lang='lat' dir='ltr'>quanto</span> <span class='ocrx_word' id='word_1_819' title='bbox 1695 604 1821 633; x_wconf 87' lang='lat' dir='ltr'>atrocius</span> <span class='ocrx_word' id='word_1_820' title='bbox 1833 621 1840 635; x_wconf 82' lang='lat'>,</span> <span class='ocrx_word' id='word_1_821' title='bbox 1864 602 1897 631; x_wconf 71' lang='grc' dir='ltr'>ὃς</span> <span class='ocrx_word' id='word_1_822' title='bbox 1909 600 2062 642; x_wconf 83' lang='lat' dir='ltr'>indignius</span> <span class='ocrx_word' id='word_1_823' title='bbox 2073 597 2107 630; x_wconf 80' lang='lat' dir='ltr'>fit</span> 
     </span>
     <span class='ocr_line' id='line_1_85' title="bbox 1149 641 2106 684; baseline -0.003 -10"><span class='ocrx_word' id='word_1_824' title='bbox 1149 643 1225 674; x_wconf 83' lang='lat' dir='ltr'>illud</span> <span class='ocrx_word' id='word_1_825' title='bbox 1236 664 1243 677; x_wconf 85' lang='lat'>,</span> <span class='ocrx_word' id='word_1_826' title='bbox 1267 654 1329 684; x_wconf 89' lang='lat' dir='ltr'>quo</span> <span class='ocrx_word' id='word_1_827' title='bbox 1341 643 1376 673; x_wconf 79' lang='lat' dir='ltr'>de</span> <span class='ocrx_word' id='word_1_828' title='bbox 1386 652 1482 684; x_wconf 79' lang='lat' dir='ltr'>agitur</span> <span class='ocrx_word' id='word_1_829' title='bbox 1493 662 1501 676; x_wconf 93' lang='lat'>,</span> <span class='ocrx_word' id='word_1_830' title='bbox 1524 642 1697 673; x_wconf 71' lang='lat' dir='ltr'>ostenditur.</span> <span class='ocrx_word' id='word_1_831' title='bbox 1730 646 1877 673; x_wconf 72' lang='lat' dir='ltr'>Decimus</span> <span class='ocrx_word' id='word_1_832' title='bbox 1888 643 1972 672; x_wconf 81' lang='lat' dir='ltr'>locus</span> <span class='ocrx_word' id='word_1_833' title='bbox 1983 641 2025 672; x_wconf 89' lang='lat' dir='ltr'>est</span> <span class='ocrx_word' id='word_1_834' title='bbox 2035 662 2044 675; x_wconf 90' lang='lat'>‚</span> <span class='ocrx_word' id='word_1_835' title='bbox 2055 651 2106 682; x_wconf 85' lang='lat' dir='ltr'>per</span> 
     </span>
     <span class='ocr_line' id='line_1_86' title="bbox 1150 685 2107 727; baseline -0.002 -12"><span class='ocrx_word' id='word_1_836' title='bbox 1150 696 1241 727; x_wconf 88' lang='lat' dir='ltr'>quem</span> <span class='ocrx_word' id='word_1_837' title='bbox 1252 688 1356 715; x_wconf 82' lang='lat' dir='ltr'>onmia</span> <span class='ocrx_word' id='word_1_838' title='bbox 1367 705 1375 718; x_wconf 89' lang='lat'>,</span> <span class='ocrx_word' id='word_1_839' title='bbox 1397 695 1462 725; x_wconf 72' lang='lat' dir='ltr'>qua:</span> <span class='ocrx_word' id='word_1_840' title='bbox 1475 686 1507 713; x_wconf 88' lang='lat' dir='ltr'>in</span> <span class='ocrx_word' id='word_1_841' title='bbox 1519 686 1641 725; x_wconf 79' lang='lat' dir='ltr'>negotio</span> <span class='ocrx_word' id='word_1_842' title='bbox 1652 686 1780 724; x_wconf 79' lang='lat' dir='ltr'>gerendo</span> <span class='ocrx_word' id='word_1_843' title='bbox 1790 685 1856 713; x_wconf 58' lang='lat' dir='ltr'>aaa</span> <span class='ocrx_word' id='word_1_844' title='bbox 1873 685 1940 714; x_wconf 91' lang='lat' dir='ltr'>sunt</span> <span class='ocrx_word' id='word_1_845' title='bbox 1950 704 1958 717; x_wconf 97' lang='lat'>,</span> <span class='ocrx_word' id='word_1_846' title='bbox 1981 693 2107 724; x_wconf 68' lang='lat' dir='ltr'>quaeque</span> 
     </span>
     <span class='ocr_line' id='line_1_87' title="bbox 1150 726 2107 769; baseline -0.003 -12"><span class='ocrx_word' id='word_1_847' title='bbox 1150 726 1217 767; x_wconf 88' lang='lat' dir='ltr'>post</span> <span class='ocrx_word' id='word_1_848' title='bbox 1239 729 1394 769; x_wconf 84' lang='lat' dir='ltr'>negotium</span> <span class='ocrx_word' id='word_1_849' title='bbox 1406 726 1563 756; x_wconf 85' lang='lat' dir='ltr'>consecuta</span> <span class='ocrx_word' id='word_1_850' title='bbox 1578 726 1646 755; x_wconf 90' lang='lat' dir='ltr'>sunt</span> <span class='ocrx_word' id='word_1_851' title='bbox 1656 745 1663 758; x_wconf 89' lang='lat'>‚</span> <span class='ocrx_word' id='word_1_852' title='bbox 1685 736 1755 754; x_wconf 85' lang='lat' dir='ltr'>cum</span> <span class='ocrx_word' id='word_1_853' title='bbox 1775 726 2005 766; x_wconf 76' lang='lat' dir='ltr'>uniuscujusque</span> <span class='ocrx_word' id='word_1_854' title='bbox 2026 726 2107 755; x_wconf 86' lang='lat' dir='ltr'>indi-</span> 
     </span>
     <span class='ocr_line' id='line_1_88' title="bbox 1151 762 2104 811; baseline -0.003 -12"><span class='ocrx_word' id='word_1_855' title='bbox 1151 771 1292 811; x_wconf 82' lang='lat' dir='ltr'>gnatione</span> <span class='ocrx_word' id='word_1_856' title='bbox 1305 789 1313 801; x_wconf 89' lang='lat'>‚</span> <span class='ocrx_word' id='word_1_857' title='bbox 1326 769 1358 798; x_wconf 73' lang='grc' dir='ltr'>δε</span> <span class='ocrx_word' id='word_1_858' title='bbox 1366 769 1581 798; x_wconf 84' lang='lat' dir='ltr'>criminatione</span> <span class='ocrx_word' id='word_1_859' title='bbox 1591 767 1773 807; x_wconf 76' lang='lat' dir='ltr'>colligimus,</span> <span class='ocrx_word' id='word_1_860' title='bbox 1791 768 1821 797; x_wconf 88' lang='lat'>&amp;</span> <span class='ocrx_word' id='word_1_861' title='bbox 1833 762 2004 797; x_wconf 57' lang='lat' dir='ltr'>rem&#39;verbis</span> <span class='ocrx_word' id='word_1_862' title='bbox 2013 777 2104 808; x_wconf 81' lang='lat' dir='ltr'>quain</span> 
     </span>
     <span class='ocr_line' id='line_1_89' title="bbox 1153 808 2107 848; baseline -0.002 -7"><span class='ocrx_word' id='word_1_863' title='bbox 1153 810 1288 841; x_wconf 67' lang='lat' dir='ltr'>maxime</span> <span class='ocrx_word' id='word_1_864' title='bbox 1299 819 1366 840; x_wconf 80' lang='lat' dir='ltr'>ante</span> <span class='ocrx_word' id='word_1_865' title='bbox 1377 809 1482 839; x_wconf 86' lang='lat' dir='ltr'>oculos</span> <span class='ocrx_word' id='word_1_866' title='bbox 1493 810 1568 844; x_wconf 69' lang='lat' dir='ltr'>eius,</span> <span class='ocrx_word' id='word_1_867' title='bbox 1579 808 1655 848; x_wconf 85' lang='lat' dir='ltr'>apud</span> <span class='ocrx_word' id='word_1_868' title='bbox 1667 819 1757 848; x_wconf 62' lang='lat' dir='ltr'>quem</span> <span class='ocrx_word' id='word_1_869' title='bbox 1770 808 1887 842; x_wconf 80' lang='lat' dir='ltr'>dicitur,</span> <span class='ocrx_word' id='word_1_870' title='bbox 1900 811 2053 848; x_wconf 82' lang='lat' dir='ltr'>ponimus,</span> <span class='ocrx_word' id='word_1_871' title='bbox 2073 817 2107 839; x_wconf 82' lang='lat' dir='ltr'>ut</span> 
     </span>
     <span class='ocr_line' id='line_1_90' title="bbox 1153 850 2110 893; baseline -0.001 -11"><span class='ocrx_word' id='word_1_872' title='bbox 1153 852 1183 882; x_wconf 90' lang='lat' dir='ltr'>id</span> <span class='ocrx_word' id='word_1_873' title='bbox 1197 873 1205 886; x_wconf 90' lang='lat'>‚</span> <span class='ocrx_word' id='word_1_874' title='bbox 1220 851 1303 893; x_wconf 88' lang='lat' dir='ltr'>quod</span> <span class='ocrx_word' id='word_1_875' title='bbox 1316 851 1477 893; x_wconf 79' lang='lat' dir='ltr'>indignum</span> <span class='ocrx_word' id='word_1_876' title='bbox 1488 850 1530 880; x_wconf 88' lang='lat' dir='ltr'>est</span> <span class='ocrx_word' id='word_1_877' title='bbox 1540 850 1662 890; x_wconf 82' lang='lat' dir='ltr'>perinde</span> <span class='ocrx_word' id='word_1_878' title='bbox 1675 850 1721 879; x_wconf 89' lang='lat' dir='ltr'>illi</span> <span class='ocrx_word' id='word_1_879' title='bbox 1732 850 2033 892; x_wconf 63' lang='lat' dir='ltr'>videamuindignum</span> <span class='ocrx_word' id='word_1_880' title='bbox 2046 871 2054 884; x_wconf 88' lang='lat'>,</span> <span class='ocrx_word' id='word_1_881' title='bbox 2074 861 2110 881; x_wconf 79' lang='lat' dir='ltr'>ac</span> 
     </span>
     <span class='ocr_line' id='line_1_91' title="bbox 1153 891 2106 934; baseline -0.002 -10"><span class='ocrx_word' id='word_1_882' title='bbox 1153 893 1174 924; x_wconf 82' lang='lat' dir='ltr'>si</span> <span class='ocrx_word' id='word_1_883' title='bbox 1185 895 1247 934; x_wconf 86' lang='lat' dir='ltr'>ipse</span> <span class='ocrx_word' id='word_1_884' title='bbox 1258 892 1472 926; x_wconf 70' lang='lat' dir='ltr'>inti·1·fuei·it‚ac</span> <span class='ocrx_word' id='word_1_885' title='bbox 1481 893 1607 932; x_wconf 80' lang='lat' dir='ltr'>praesens</span> <span class='ocrx_word' id='word_1_886' title='bbox 1618 891 1735 922; x_wconf 83' lang='lat' dir='ltr'>viderit.</span> <span class='ocrx_word' id='word_1_887' title='bbox 1759 891 1946 922; x_wconf 75' lang='lat' dir='ltr'>Undecimus</span> <span class='ocrx_word' id='word_1_888' title='bbox 1959 893 2041 922; x_wconf 83' lang='lat' dir='ltr'>locus</span> <span class='ocrx_word' id='word_1_889' title='bbox 2053 893 2106 925; x_wconf 85' lang='lat' dir='ltr'>est,</span> 
     </span>
     <span class='ocr_line' id='line_1_92' title="bbox 1153 932 2106 976; baseline -0.005 -10"><span class='ocrx_word' id='word_1_890' title='bbox 1153 946 1208 976; x_wconf 71' lang='lat' dir='ltr'>per,</span> <span class='ocrx_word' id='word_1_891' title='bbox 1222 934 1521 976; x_wconf 76' lang='lat' dir='ltr'>quem-ostendimus</span> <span class='ocrx_word' id='word_1_892' title='bbox 1531 954 1538 967; x_wconf 87' lang='lat'>‚</span> <span class='ocrx_word' id='word_1_893' title='bbox 1560 933 1597 965; x_wconf 86' lang='lat' dir='ltr'>ab</span> <span class='ocrx_word' id='word_1_894' title='bbox 1608 944 1644 964; x_wconf 86' lang='lat' dir='ltr'>eo</span> <span class='ocrx_word' id='word_1_895' title='bbox 1655 932 1770 964; x_wconf 63' lang='lat' dir='ltr'>factum</span> <span class='ocrx_word' id='word_1_896' title='bbox 1780 953 1789 966; x_wconf 92' lang='lat'>‚</span> <span class='ocrx_word' id='word_1_897' title='bbox 1809 934 1824 962; x_wconf 75' lang='lat' dir='ltr'>a</span> <span class='ocrx_word' id='word_1_898' title='bbox 1835 943 1894 973; x_wconf 76' lang='lat' dir='ltr'>quo</span> <span class='ocrx_word' id='word_1_899' title='bbox 1906 934 2021 962; x_wconf 65' lang='lat' dir='ltr'>minim&amp;</span> <span class='ocrx_word' id='word_1_900' title='bbox 2030 943 2106 974; x_wconf 73' lang='lat' dir='ltr'>opor-</span> 
     </span>
     <span class='ocr_line' id='line_1_93' title="bbox 1154 975 2106 1018; baseline -0.002 -11"><span class='ocrx_word' id='word_1_901' title='bbox 1154 979 1250 1011; x_wconf 59' lang='lat' dir='ltr'>merit,</span> <span class='ocrx_word' id='word_1_902' title='bbox 1262 978 1295 1007; x_wconf 75' lang='lat' dir='ltr'>«Sc</span> <span class='ocrx_word' id='word_1_903' title='bbox 1305 976 1320 1007; x_wconf 67' lang='lat' dir='ltr'>a</span> <span class='ocrx_word' id='word_1_904' title='bbox 1330 986 1402 1018; x_wconf 85' lang='lat' dir='ltr'>quo,</span> <span class='ocrx_word' id='word_1_905' title='bbox 1415 975 1435 1006; x_wconf 77' lang='lat' dir='ltr'>si</span> <span class='ocrx_word' id='word_1_906' title='bbox 1445 976 1518 1007; x_wconf 84' lang='lat' dir='ltr'>alius</span> <span class='ocrx_word' id='word_1_907' title='bbox 1529 975 1646 1010; x_wconf 75' lang='lat' dir='ltr'>faceret,</span> <span class='ocrx_word' id='word_1_908' title='bbox 1659 975 1811 1016; x_wconf 85' lang='lat' dir='ltr'>prohiberi</span> <span class='ocrx_word' id='word_1_909' title='bbox 1822 977 2005 1005; x_wconf 80' lang='lat' dir='ltr'>conveniret.</span> <span class='ocrx_word' id='word_1_910' title='bbox 2019 978 2106 1005; x_wconf 85' lang='lat' dir='ltr'>Duo-</span> 
     </span>
     <span class='ocr_line' id='line_1_94' title="bbox 1153 1014 2108 1059; baseline -0.004 -9"><span class='ocrx_word' id='word_1_911' title='bbox 1153 1020 1289 1051; x_wconf 79' lang='lat' dir='ltr'>decimus</span> <span class='ocrx_word' id='word_1_912' title='bbox 1301 1019 1384 1049; x_wconf 92' lang='lat' dir='ltr'>locus</span> <span class='ocrx_word' id='word_1_913' title='bbox 1395 1018 1437 1049; x_wconf 82' lang='lat' dir='ltr'>est</span> <span class='ocrx_word' id='word_1_914' title='bbox 1447 1039 1455 1053; x_wconf 87' lang='lat'>,</span> <span class='ocrx_word' id='word_1_915' title='bbox 1476 1028 1528 1058; x_wconf 85' lang='lat' dir='ltr'>per</span> <span class='ocrx_word' id='word_1_916' title='bbox 1538 1025 1629 1059; x_wconf 78' lang='lat' dir='ltr'>&#39;quem</span> <span class='ocrx_word' id='word_1_917' title='bbox 1642 1018 1836 1059; x_wconf 67' lang='lat' dir='ltr'>indignamur</span> <span class='ocrx_word' id='word_1_918' title='bbox 1848 1037 1855 1049; x_wconf 82' lang='lat'>,</span> <span class='ocrx_word' id='word_1_919' title='bbox 1879 1014 1961 1057; x_wconf 73' lang='lat' dir='ltr'>quod</span> <span class='ocrx_word' id='word_1_920' title='bbox 1972 1015 2040 1045; x_wconf 64' lang='lat' dir='ltr'>nebu</span> <span class='ocrx_word' id='word_1_921' title='bbox 2051 1018 2108 1048; x_wconf 84' lang='lat' dir='ltr'>hoc</span> 
     </span>
     <span class='ocr_line' id='line_1_95' title="bbox 1150 1059 2107 1103; baseline -0.004 -11"><span class='ocrx_word' id='word_1_922' title='bbox 1150 1064 1264 1103; x_wconf 74' lang='lat' dir='ltr'>prim-is·</span> <span class='ocrx_word' id='word_1_923' title='bbox 1277 1060 1430 1094; x_wconf 83' lang='lat' dir='ltr'>acciderit,</span> <span class='ocrx_word' id='word_1_924' title='bbox 1457 1071 1512 1090; x_wconf 86' lang='lat' dir='ltr'>nec</span> <span class='ocrx_word' id='word_1_925' title='bbox 1522 1064 1536 1079; x_wconf 77' lang='lat'><em>2</em></span> <span class='ocrx_word' id='word_1_926' title='bbox 1545 1061 1634 1090; x_wconf 83' lang='lat' dir='ltr'>alicui</span> <span class='ocrx_word' id='word_1_927' title='bbox 1646 1069 1779 1100; x_wconf 80' lang='lat' dir='ltr'>unquam</span> <span class='ocrx_word' id='word_1_928' title='bbox 1791 1059 1996 1089; x_wconf 76' lang='lat' dir='ltr'>usuevenerit.</span> <span class='ocrx_word' id='word_1_929' title='bbox 2030 1061 2107 1089; x_wconf 81' lang='lat' dir='ltr'>Ter-</span> 
     </span>
     <span class='ocr_line' id='line_1_96' title="bbox 1151 1099 2110 1139; baseline -0.004 -5"><span class='ocrx_word' id='word_1_930' title='bbox 1151 1104 1348 1134; x_wconf 77' lang='lat' dir='ltr'>tiusd&#39;ecimus</span> <span class='ocrx_word' id='word_1_931' title='bbox 1360 1103 1442 1134; x_wconf 85' lang='lat' dir='ltr'>locus</span> <span class='ocrx_word' id='word_1_932' title='bbox 1453 1101 1494 1132; x_wconf 89' lang='lat' dir='ltr'>est</span> <span class='ocrx_word' id='word_1_933' title='bbox 1506 1123 1513 1135; x_wconf 92' lang='lat'>,</span> <span class='ocrx_word' id='word_1_934' title='bbox 1537 1101 1556 1131; x_wconf 86' lang='lat' dir='ltr'>si</span> <span class='ocrx_word' id='word_1_935' title='bbox 1567 1112 1637 1132; x_wconf 86' lang='lat' dir='ltr'>cum</span> <span class='ocrx_word' id='word_1_936' title='bbox 1648 1103 1758 1139; x_wconf 65' lang='lat' dir='ltr'>iniuria</span> <span class='ocrx_word' id='word_1_937' title='bbox 1768 1100 1937 1130; x_wconf 68' lang='lat' dir='ltr'>contumelia</span> <span class='ocrx_word' id='word_1_938' title='bbox 1946 1099 2048 1136; x_wconf 59' lang='lat' dir='ltr'>juneta</span> <span class='ocrx_word' id='word_1_939' title='bbox 2057 1101 2110 1130; x_wconf 79' lang='lat' dir='ltr'>&lt;le-</span> 
     </span>
     <span class='ocr_line' id='line_1_97' title="bbox 1152 1142 2112 1186; baseline -0.004 -11"><span class='ocrx_word' id='word_1_940' title='bbox 1152 1145 1336 1176; x_wconf 70' lang='lat' dir='ltr'>mons’cra&#39;tur</span> <span class='ocrx_word' id='word_1_941' title='bbox 1347 1166 1355 1177; x_wconf 89' lang='lat'>‚</span> <span class='ocrx_word' id='word_1_942' title='bbox 1376 1155 1428 1186; x_wconf 83' lang='lat' dir='ltr'>pei·</span> <span class='ocrx_word' id='word_1_943' title='bbox 1446 1155 1538 1186; x_wconf 85' lang='lat' dir='ltr'>quem</span> <span class='ocrx_word' id='word_1_944' title='bbox 1558 1144 1662 1176; x_wconf 86' lang='lat' dir='ltr'>locum</span> <span class='ocrx_word' id='word_1_945' title='bbox 1673 1144 1884 1184; x_wconf 67' lang='lat' dir='ltr'>insuperbiam</span> <span class='ocrx_word' id='word_1_946' title='bbox 1898 1162 1906 1176; x_wconf 86' lang='lat'>‚</span> <span class='ocrx_word' id='word_1_947' title='bbox 1931 1142 1963 1172; x_wconf 90' lang='lat'>&amp;</span> <span class='ocrx_word' id='word_1_948' title='bbox 1973 1152 2112 1184; x_wconf 73' lang='lat' dir='ltr'>arrogan-</span> 
     </span>
     <span class='ocr_line' id='line_1_98' title="bbox 1152 1184 2111 1228; baseline -0.005 -10"><span class='ocrx_word' id='word_1_949' title='bbox 1152 1190 1225 1218; x_wconf 78' lang='lat' dir='ltr'>tiam</span> <span class='ocrx_word' id='word_1_950' title='bbox 1238 1192 1249 1215; x_wconf 84' lang='lat'>3</span> <span class='ocrx_word' id='word_1_951' title='bbox 1261 1187 1368 1218; x_wconf 88' lang='lat' dir='ltr'>odium</span> <span class='ocrx_word' id='word_1_952' title='bbox 1378 1190 1553 1218; x_wconf 79' lang='lat' dir='ltr'>concitatur.</span> <span class='ocrx_word' id='word_1_953' title='bbox 1584 1186 1849 1228; x_wconf 85' lang='lat' dir='ltr'>Qartusdecimus</span> <span class='ocrx_word' id='word_1_954' title='bbox 1870 1185 1952 1215; x_wconf 85' lang='lat' dir='ltr'>locus</span> <span class='ocrx_word' id='word_1_955' title='bbox 1974 1184 2015 1214; x_wconf 67' lang='lat' dir='ltr'>est</span> <span class='ocrx_word' id='word_1_956' title='bbox 2028 1205 2034 1217; x_wconf 94' lang='lat'>‚</span> <span class='ocrx_word' id='word_1_957' title='bbox 2058 1195 2111 1225; x_wconf 82' lang='lat' dir='ltr'>per</span> 
     </span>
     <span class='ocr_line' id='line_1_99' title="bbox 1151 1225 2108 1270; baseline -0.005 -10"><span class='ocrx_word' id='word_1_958' title='bbox 1151 1240 1243 1270; x_wconf 88' lang='lat' dir='ltr'>quem</span> <span class='ocrx_word' id='word_1_959' title='bbox 1254 1232 1387 1270; x_wconf 85' lang='lat' dir='ltr'>petimus</span> <span class='ocrx_word' id='word_1_960' title='bbox 1398 1229 1434 1259; x_wconf 89' lang='lat' dir='ltr'>ab</span> <span class='ocrx_word' id='word_1_961' title='bbox 1446 1231 1481 1259; x_wconf 89' lang='lat' dir='ltr'>iis</span> <span class='ocrx_word' id='word_1_962' title='bbox 1492 1249 1500 1262; x_wconf 89' lang='lat'>‚</span> <span class='ocrx_word' id='word_1_963' title='bbox 1513 1231 1566 1269; x_wconf 83' lang='lat' dir='ltr'>qui</span> <span class='ocrx_word' id='word_1_964' title='bbox 1576 1231 1712 1260; x_wconf 80' lang='lat' dir='ltr'>audiunt,</span> <span class='ocrx_word' id='word_1_965' title='bbox 1728 1236 1760 1257; x_wconf 90' lang='lat' dir='ltr'>ut</span> <span class='ocrx_word' id='word_1_966' title='bbox 1772 1227 1879 1266; x_wconf 55' lang='lat' dir='ltr'>adfixas</span> <span class='ocrx_word' id='word_1_967' title='bbox 1888 1237 1927 1255; x_wconf 84' lang='lat' dir='ltr'>res</span> <span class='ocrx_word' id='word_1_968' title='bbox 1937 1225 2049 1256; x_wconf 81' lang='lat' dir='ltr'>nostras</span> <span class='ocrx_word' id='word_1_969' title='bbox 2060 1237 2108 1256; x_wconf 83' lang='lat' dir='ltr'>in-</span> 
     </span>
     <span class='ocr_line' id='line_1_100' title="bbox 1150 1268 2108 1313; baseline -0.005 -11"><span class='ocrx_word' id='word_1_970' title='bbox 1150 1273 1241 1313; x_wconf 72' lang='lat' dir='ltr'>jurias</span> <span class='ocrx_word' id='word_1_971' title='bbox 1252 1271 1381 1301; x_wconf 74' lang='lat' dir='ltr'>referant</span> <span class='ocrx_word' id='word_1_972' title='bbox 1392 1282 1397 1300; x_wconf 77' lang='lat' dir='ltr'><em>z</em></span> <span class='ocrx_word' id='word_1_973' title='bbox 1408 1270 1429 1300; x_wconf 83' lang='lat' dir='ltr'>si</span> <span class='ocrx_word' id='word_1_974' title='bbox 1440 1271 1475 1300; x_wconf 90' lang='lat' dir='ltr'>ad</span> <span class='ocrx_word' id='word_1_975' title='bbox 1486 1281 1592 1311; x_wconf 84' lang='lat' dir='ltr'>pueros</span> <span class='ocrx_word' id='word_1_976' title='bbox 1604 1269 1765 1310; x_wconf 79' lang='lat' dir='ltr'>pertinebit</span> <span class='ocrx_word' id='word_1_977' title='bbox 1775 1289 1782 1302; x_wconf 85' lang='lat'>‚</span> <span class='ocrx_word' id='word_1_978' title='bbox 1797 1270 1833 1298; x_wconf 86' lang='lat' dir='ltr'>de</span> <span class='ocrx_word' id='word_1_979' title='bbox 1846 1269 1943 1298; x_wconf 80' lang='lat' dir='ltr'>liberis</span> <span class='ocrx_word' id='word_1_980' title='bbox 1956 1268 2016 1297; x_wconf 81' lang='lat' dir='ltr'>suis</span> <span class='ocrx_word' id='word_1_981' title='bbox 2026 1278 2108 1310; x_wconf 78' lang='lat' dir='ltr'>cogi-</span> 
     </span>
     <span class='ocr_line' id='line_1_101' title="bbox 1153 1309 2107 1350; baseline -0.005 -7"><span class='ocrx_word' id='word_1_982' title='bbox 1153 1322 1217 1344; x_wconf 84' lang='lat' dir='ltr'>tent</span> <span class='ocrx_word' id='word_1_983' title='bbox 1228 1324 1234 1342; x_wconf 68' lang='grc' dir='ltr'>ς</span> <span class='ocrx_word' id='word_1_984' title='bbox 1247 1312 1268 1343; x_wconf 82' lang='lat' dir='ltr'>si</span> <span class='ocrx_word' id='word_1_985' title='bbox 1277 1313 1312 1343; x_wconf 85' lang='lat' dir='ltr'>ad</span> <span class='ocrx_word' id='word_1_986' title='bbox 1324 1313 1465 1343; x_wconf 85' lang='lat' dir='ltr'>mulieres</span> <span class='ocrx_word' id='word_1_987' title='bbox 1478 1332 1486 1345; x_wconf 91' lang='lat'>,</span> <span class='ocrx_word' id='word_1_988' title='bbox 1498 1312 1534 1342; x_wconf 87' lang='lat' dir='ltr'>de</span> <span class='ocrx_word' id='word_1_989' title='bbox 1545 1312 1692 1341; x_wconf 77' lang='lat' dir='ltr'>uxoribus</span> <span class='ocrx_word' id='word_1_990' title='bbox 1704 1322 1709 1341; x_wconf 82' lang='lat'>2</span> <span class='ocrx_word' id='word_1_991' title='bbox 1728 1309 1748 1340; x_wconf 83' lang='lat' dir='ltr'>si</span> <span class='ocrx_word' id='word_1_992' title='bbox 1758 1310 1793 1341; x_wconf 69' lang='lat' dir='ltr'>ael</span> <span class='ocrx_word' id='word_1_993' title='bbox 1806 1311 1888 1340; x_wconf 75' lang='lat' dir='ltr'>senes</span> <span class='ocrx_word' id='word_1_994' title='bbox 1899 1330 1907 1343; x_wconf 91' lang='lat'>,</span> <span class='ocrx_word' id='word_1_995' title='bbox 1919 1310 1955 1340; x_wconf 84' lang='lat' dir='ltr'>de</span> <span class='ocrx_word' id='word_1_996' title='bbox 1964 1310 2107 1350; x_wconf 76' lang='lat' dir='ltr'>patribus,</span> 
     </span>
     <span class='ocr_line' id='line_1_102' title="bbox 1152 1351 2110 1396; baseline -0.004 -11"><span class='ocrx_word' id='word_1_997' title='bbox 1152 1364 1202 1385; x_wconf 87' lang='lat' dir='ltr'>aut</span> <span class='ocrx_word' id='word_1_998' title='bbox 1211 1355 1392 1395; x_wconf 77' lang='lat' dir='ltr'>parentibus.</span> <span class='ocrx_word' id='word_1_999' title='bbox 1425 1353 1713 1396; x_wconf 58' lang='lat' dir='ltr'>Qinffihisdecimus</span> <span class='ocrx_word' id='word_1_1000' title='bbox 1724 1353 1808 1383; x_wconf 87' lang='lat' dir='ltr'>locus</span> <span class='ocrx_word' id='word_1_1001' title='bbox 1819 1351 1860 1382; x_wconf 80' lang='lat' dir='ltr'>est</span> <span class='ocrx_word' id='word_1_1002' title='bbox 1872 1371 1880 1385; x_wconf 81' lang='lat'><em>‚</em></span> <span class='ocrx_word' id='word_1_1003' title='bbox 1901 1362 2050 1392; x_wconf 77' lang='lat' dir='ltr'>perquem</span> <span class='ocrx_word' id='word_1_1004' title='bbox 2063 1351 2110 1382; x_wconf 68' lang='lat' dir='ltr'>di*-</span> 
     </span>
     <span class='ocr_line' id='line_1_103' title="bbox 1150 1393 2109 1436; baseline -0.003 -9"><span class='ocrx_word' id='word_1_1005' title='bbox 1150 1399 1250 1432; x_wconf 64' lang='lat' dir='ltr'>&gt;cimus</span> <span class='ocrx_word' id='word_1_1006' title='bbox 1262 1417 1271 1430; x_wconf 79' lang='lat'>,</span> <span class='ocrx_word' id='word_1_1007' title='bbox 1285 1397 1420 1427; x_wconf 84' lang='lat' dir='ltr'>inimicis</span> <span class='ocrx_word' id='word_1_1008' title='bbox 1428 1406 1549 1436; x_wconf 88' lang='lat' dir='ltr'>quoque</span> <span class='ocrx_word' id='word_1_1009' title='bbox 1561 1396 1593 1425; x_wconf 62' lang='grc' dir='ltr'>ὃς</span> <span class='ocrx_word' id='word_1_1010' title='bbox 1604 1395 1751 1427; x_wconf 81' lang='lat' dir='ltr'>hostibus,</span> <span class='ocrx_word' id='word_1_1011' title='bbox 1763 1405 1804 1428; x_wconf 66' lang='lat' dir='ltr'>eti,</span> <span class='ocrx_word' id='word_1_1012' title='bbox 1818 1404 1883 1435; x_wconf 75' lang='lat' dir='ltr'>quae</span> <span class='ocrx_word' id='word_1_1013' title='bbox 1895 1393 1983 1423; x_wconf 77' lang='lat' dir='ltr'>nobis</span> <span class='ocrx_word' id='word_1_1014' title='bbox 1995 1394 2109 1424; x_wconf 65' lang='lat' dir='ltr'>accide-</span> 
     </span>
    </p>
   </div>
   <div class='ocr_carea' id='block_1_12' title="bbox 1152 1435 2164 1479">
    <p class='ocr_par' dir='ltr' id='par_1_12' title="bbox 1152 1435 2164 1479">
     <span class='ocr_line' id='line_1_104' title="bbox 1152 1435 2164 1479; baseline -0.004 -10"><span class='ocrx_word' id='word_1_1015' title='bbox 1152 1439 1349 1479; x_wconf 78' lang='lat' dir='ltr'>rint,indigna</span> <span class='ocrx_word' id='word_1_1016' title='bbox 1359 1438 1456 1468; x_wconf 84' lang='lat' dir='ltr'>videri</span> <span class='ocrx_word' id='word_1_1017' title='bbox 1467 1438 1567 1468; x_wconf 83' lang='lat' dir='ltr'>solere.</span> <span class='ocrx_word' id='word_1_1018' title='bbox 1587 1441 1624 1467; x_wconf 84' lang='lat' dir='ltr'>Et</span> <span class='ocrx_word' id='word_1_1019' title='bbox 1634 1437 1800 1478; x_wconf 82' lang='lat' dir='ltr'>indignatio</span> <span class='ocrx_word' id='word_1_1020' title='bbox 1812 1436 1935 1477; x_wconf 74' lang='lat' dir='ltr'>quidem</span> <span class='ocrx_word' id='word_1_1021' title='bbox 1948 1435 2062 1466; x_wconf 68' lang='lat' dir='ltr'>hissere</span> <span class='ocrx_word' id='word_1_1022' title='bbox 2075 1436 2110 1465; x_wconf 79' lang='lat' dir='ltr'>dc</span> <span class='ocrx_word' id='word_1_1023' title='bbox 2134 1443 2164 1472; x_wconf 73' lang='lat'>&#39;2⁴</span> 
     </span>
    </p>
   </div>
   <div class='ocr_carea' id='block_1_13' title="bbox 1153 1478 2111 1818">
    <p class='ocr_par' dir='ltr' id='par_1_13' title="bbox 1153 1478 2111 1818">
     <span class='ocr_line' id='line_1_105' title="bbox 1153 1478 2111 1522; baseline -0.004 -11"><span class='ocrx_word' id='word_1_1024' title='bbox 1153 1482 1228 1512; x_wconf 87' lang='lat' dir='ltr'>locis</span> <span class='ocrx_word' id='word_1_1025' title='bbox 1238 1478 1405 1522; x_wconf 68' lang='lat' dir='ltr'>gravissime</span> <span class='ocrx_word' id='word_1_1026' title='bbox 1420 1480 1562 1509; x_wconf 81' lang='lat' dir='ltr'>sumetur.</span> <span class='ocrx_word' id='word_1_1027' title='bbox 1580 1479 1813 1520; x_wconf 73' lang='lat' dir='ltr'>Conquestionis</span> <span class='ocrx_word' id='word_1_1028' title='bbox 1823 1487 1922 1508; x_wconf 79' lang='lat' dir='ltr'>autem</span> <span class='ocrx_word' id='word_1_1029' title='bbox 1933 1479 1973 1507; x_wconf 89' lang='lat' dir='ltr'>hu</span> <span class='ocrx_word' id='word_1_1030' title='bbox 1978 1478 2111 1515; x_wconf 71' lang='lat' dir='ltr'>jusmodi</span> 
     </span>
     <span class='ocr_line' id='line_1_106' title="bbox 1153 1519 2111 1562; baseline -0.004 -9"><span class='ocrx_word' id='word_1_1031' title='bbox 1153 1522 1191 1553; x_wconf 88' lang='lat' dir='ltr'>de</span> <span class='ocrx_word' id='word_1_1032' title='bbox 1209 1523 1297 1553; x_wconf 86' lang='lat' dir='ltr'>rebus</span> <span class='ocrx_word' id='word_1_1033' title='bbox 1314 1531 1409 1562; x_wconf 81' lang='lat' dir='ltr'>partes</span> <span class='ocrx_word' id='word_1_1034' title='bbox 1419 1529 1517 1561; x_wconf 87' lang='lat' dir='ltr'>petere</span> <span class='ocrx_word' id='word_1_1035' title='bbox 1529 1522 1688 1561; x_wconf 82' lang='lat' dir='ltr'>oportebit.</span> <span class='ocrx_word' id='word_1_1036' title='bbox 1715 1519 1899 1561; x_wconf 84' lang='lat' dir='ltr'>Conquestio</span> <span class='ocrx_word' id='word_1_1037' title='bbox 1909 1541 1917 1553; x_wconf 87' lang='lat'>‚</span> <span class='ocrx_word' id='word_1_1038' title='bbox 1941 1519 1983 1549; x_wconf 90' lang='lat' dir='ltr'>est</span> <span class='ocrx_word' id='word_1_1039' title='bbox 1993 1521 2088 1550; x_wconf 84' lang='lat' dir='ltr'>oratio</span> <span class='ocrx_word' id='word_1_1040' title='bbox 2101 1541 2111 1553; x_wconf 73' lang='lat'>,</span> 
     </span>
     <span class='ocr_line' id='line_1_107' title="bbox 1154 1560 2110 1603; baseline -0.002 -8"><span class='ocrx_word' id='word_1_1041' title='bbox 1154 1565 1324 1596; x_wconf 86' lang='lat' dir='ltr'>auditorum</span> <span class='ocrx_word' id='word_1_1042' title='bbox 1335 1563 1570 1594; x_wconf 86' lang='lat' dir='ltr'>misericordiam</span> <span class='ocrx_word' id='word_1_1043' title='bbox 1578 1572 1705 1603; x_wconf 76' lang='lat' dir='ltr'>captans.</span> <span class='ocrx_word' id='word_1_1044' title='bbox 1718 1564 1751 1592; x_wconf 86' lang='lat' dir='ltr'>in</span> <span class='ocrx_word' id='word_1_1045' title='bbox 1760 1563 1813 1592; x_wconf 88' lang='lat' dir='ltr'>hac</span> <span class='ocrx_word' id='word_1_1046' title='bbox 1822 1560 1959 1602; x_wconf 73' lang='lat' dir='ltr'>primum</span> <span class='ocrx_word' id='word_1_1047' title='bbox 1971 1564 2110 1593; x_wconf 78' lang='lat' dir='ltr'>animum</span> 
     </span>
     <span class='ocr_line' id='line_1_108' title="bbox 1154 1603 2109 1644; baseline -0.004 -7"><span class='ocrx_word' id='word_1_1048' title='bbox 1154 1607 1299 1638; x_wconf 82' lang='lat' dir='ltr'>auditoris</span> <span class='ocrx_word' id='word_1_1049' title='bbox 1308 1608 1416 1637; x_wconf 85' lang='lat' dir='ltr'>mitem</span> <span class='ocrx_word' id='word_1_1050' title='bbox 1429 1627 1437 1640; x_wconf 91' lang='lat'>‚</span> <span class='ocrx_word' id='word_1_1051' title='bbox 1453 1605 1723 1641; x_wconf 75' lang='lat' dir='ltr'>&amp;misericordem</span> <span class='ocrx_word' id='word_1_1052' title='bbox 1733 1603 1881 1634; x_wconf 76' lang='lat' dir='ltr'>conficere</span> <span class='ocrx_word' id='word_1_1053' title='bbox 1892 1613 2010 1644; x_wconf 70' lang='lat' dir='ltr'>oportet</span> <span class='ocrx_word' id='word_1_1054' title='bbox 2019 1624 2026 1637; x_wconf 94' lang='lat'>,</span> <span class='ocrx_word' id='word_1_1055' title='bbox 2048 1614 2109 1644; x_wconf 86' lang='lat' dir='ltr'>quo</span> 
     </span>
     <span class='ocr_line' id='line_1_109' title="bbox 1153 1645 2109 1691; baseline -0.004 -11"><span class='ocrx_word' id='word_1_1056' title='bbox 1153 1648 1273 1680; x_wconf 69' lang='lat' dir='ltr'>facilius</span> <span class='ocrx_word' id='word_1_1057' title='bbox 1282 1648 1499 1691; x_wconf 80' lang='lat' dir='ltr'>conquestione</span> <span class='ocrx_word' id='word_1_1058' title='bbox 1508 1649 1700 1679; x_wconf 84' lang='lat' dir='ltr'>commoveri</span> <span class='ocrx_word' id='word_1_1059' title='bbox 1709 1645 1806 1687; x_wconf 75' lang='lat' dir='ltr'>poffit.</span> <span class='ocrx_word' id='word_1_1060' title='bbox 1837 1646 1872 1676; x_wconf 91' lang='lat' dir='ltr'>Id</span> <span class='ocrx_word' id='word_1_1061' title='bbox 1883 1646 1957 1676; x_wconf 82' lang='lat' dir='ltr'>locis</span> <span class='ocrx_word' id='word_1_1062' title='bbox 1966 1655 2109 1676; x_wconf 65' lang='lat' dir='ltr'>con-,mu—</span> 
     </span>
     <span class='ocr_line' id='line_1_110' title="bbox 1156 1689 2111 1732; baseline -0.006 -9"><span class='ocrx_word' id='word_1_1063' title='bbox 1156 1692 1245 1723; x_wconf 88' lang='lat' dir='ltr'>nibus</span> <span class='ocrx_word' id='word_1_1064' title='bbox 1265 1691 1382 1722; x_wconf 85' lang='lat' dir='ltr'>effi-cere</span> <span class='ocrx_word' id='word_1_1065' title='bbox 1401 1691 1570 1732; x_wconf 84' lang='lat' dir='ltr'>oportebit,</span> <span class='ocrx_word' id='word_1_1066' title='bbox 1592 1700 1644 1731; x_wconf 87' lang='lat' dir='ltr'>per</span> <span class='ocrx_word' id='word_1_1067' title='bbox 1653 1699 1729 1730; x_wconf 88' lang='lat' dir='ltr'>quos</span> <span class='ocrx_word' id='word_1_1068' title='bbox 1747 1692 1920 1719; x_wconf 78' lang='lat' dir='ltr'>FORTUNAE</span> <span class='ocrx_word' id='word_1_1069' title='bbox 1940 1689 2029 1719; x_wconf 86' lang='lat' dir='ltr'>visin</span> <span class='ocrx_word' id='word_1_1070' title='bbox 2040 1698 2111 1718; x_wconf 85' lang='lat' dir='ltr'>om-</span> 
     </span>
     <span class='ocr_line' id='line_1_111' title="bbox 1156 1730 2110 1771; baseline -0.003 -7"><span class='ocrx_word' id='word_1_1071' title='bbox 1156 1737 1220 1765; x_wconf 86' lang='lat' dir='ltr'>neis</span> <span class='ocrx_word' id='word_1_1072' title='bbox 1233 1754 1241 1767; x_wconf 94' lang='lat'>,</span> <span class='ocrx_word' id='word_1_1073' title='bbox 1254 1734 1286 1764; x_wconf 85' lang='lat'>&amp;</span> <span class='ocrx_word' id='word_1_1074' title='bbox 1296 1734 1460 1763; x_wconf 86' lang='lat' dir='ltr'>hominum</span> <span class='ocrx_word' id='word_1_1075' title='bbox 1471 1731 1630 1762; x_wconf 82' lang='lat' dir='ltr'>infirmitas</span> <span class='ocrx_word' id='word_1_1076' title='bbox 1641 1730 1808 1762; x_wconf 79' lang='lat' dir='ltr'>ostenditur</span> <span class='ocrx_word' id='word_1_1077' title='bbox 1819 1741 1824 1759; x_wconf 88' lang='lat'><strong>:</strong></span> <span class='ocrx_word' id='word_1_1078' title='bbox 1845 1740 1903 1771; x_wconf 82' lang='lat' dir='ltr'>qua</span> <span class='ocrx_word' id='word_1_1079' title='bbox 1912 1732 2048 1760; x_wconf 84' lang='lat' dir='ltr'>oratione</span> <span class='ocrx_word' id='word_1_1080' title='bbox 2057 1730 2110 1761; x_wconf 84' lang='lat' dir='ltr'>ha-</span> 
     </span>
     <span class='ocr_line' id='line_1_112' title="bbox 1156 1772 2111 1818; baseline -0.006 -11"><span class='ocrx_word' id='word_1_1081' title='bbox 1156 1777 1216 1807; x_wconf 82' lang='lat' dir='ltr'>bita</span> <span class='ocrx_word' id='word_1_1082' title='bbox 1234 1778 1360 1818; x_wconf 65' lang='lat' dir='ltr'>glaviter</span> <span class='ocrx_word' id='word_1_1083' title='bbox 1378 1775 1411 1805; x_wconf 66' lang='grc' dir='ltr'>ὃς</span> <span class='ocrx_word' id='word_1_1084' title='bbox 1423 1773 1602 1805; x_wconf 70' lang='lat' dir='ltr'>sententiose</span> <span class='ocrx_word' id='word_1_1085' title='bbox 1615 1794 1623 1807; x_wconf 91' lang='lat'>‚</span> <span class='ocrx_word' id='word_1_1086' title='bbox 1648 1773 1782 1804; x_wconf 63' lang='lat' dir='ltr'>maxime</span> <span class='ocrx_word' id='word_1_1087' title='bbox 1803 1772 1969 1803; x_wconf 86' lang='lat' dir='ltr'>dimittitur</span> <span class='ocrx_word' id='word_1_1088' title='bbox 1987 1773 2111 1802; x_wconf 83' lang='lat' dir='ltr'>animus</span> 
     </span>
    </p>
   </div>
   <div class='ocr_carea' id='block_1_14' title="bbox 1138 1812 2110 1855">
    <p class='ocr_par' dir='ltr' id='par_1_14' title="bbox 1138 1812 2110 1855">
     <span class='ocr_line' id='line_1_113' title="bbox 1138 1812 2110 1855; baseline -0.005 -7"><span class='ocrx_word' id='word_1_1089' title='bbox 1138 1832 1140 1835; x_wconf 63' lang='grc'>’</span> <span class='ocrx_word' id='word_1_1090' title='bbox 1157 1819 1324 1848; x_wconf 84' lang='lat' dir='ltr'>hominum</span> <span class='ocrx_word' id='word_1_1091' title='bbox 1337 1838 1345 1850; x_wconf 82' lang='lat'>‚</span> <span class='ocrx_word' id='word_1_1092' title='bbox 1359 1817 1392 1847; x_wconf 87' lang='lat'>&amp;</span> <span class='ocrx_word' id='word_1_1093' title='bbox 1401 1816 1437 1847; x_wconf 85' lang='lat' dir='ltr'>ad</span> <span class='ocrx_word' id='word_1_1094' title='bbox 1449 1816 1685 1847; x_wconf 87' lang='lat' dir='ltr'>misericordiam</span> <span class='ocrx_word' id='word_1_1095' title='bbox 1695 1823 1883 1855; x_wconf 81' lang='lat' dir='ltr'>comparatur</span> <span class='ocrx_word' id='word_1_1096' title='bbox 1894 1827 1903 1849; x_wconf 78' lang='lat'>·,</span> <span class='ocrx_word' id='word_1_1097' title='bbox 1913 1812 1985 1844; x_wconf 67' lang='lat' dir='ltr'>esim</span> <span class='ocrx_word' id='word_1_1098' title='bbox 1995 1815 2029 1844; x_wconf 87' lang='lat' dir='ltr'>in</span> <span class='ocrx_word' id='word_1_1099' title='bbox 2039 1814 2110 1844; x_wconf 83' lang='lat' dir='ltr'>alie-</span> 
     </span>
    </p>
   </div>
   <div class='ocr_carea' id='block_1_15' title="bbox 1155 1856 2115 2489">
    <p class='ocr_par' dir='ltr' id='par_1_15' title="bbox 1155 1856 2115 2489">
     <span class='ocr_line' id='line_1_114' title="bbox 1158 1856 2111 1896; baseline -0.005 -6"><span class='ocrx_word' id='word_1_1100' title='bbox 1158 1871 1201 1891; x_wconf 90' lang='lat' dir='ltr'>no</span> <span class='ocrx_word' id='word_1_1101' title='bbox 1212 1860 1293 1890; x_wconf 86' lang='lat' dir='ltr'>malo</span> <span class='ocrx_word' id='word_1_1102' title='bbox 1305 1861 1386 1890; x_wconf 89' lang='lat' dir='ltr'>suam</span> <span class='ocrx_word' id='word_1_1103' title='bbox 1398 1858 1605 1888; x_wconf 72' lang='lat' dir='ltr'>infirmitatem</span> <span class='ocrx_word' id='word_1_1104' title='bbox 1621 1856 1825 1888; x_wconf 78' lang='lat' dir='ltr'>considerabit.</span> <span class='ocrx_word' id='word_1_1105' title='bbox 1855 1856 1974 1886; x_wconf 85' lang='lat' dir='ltr'>Deinde</span> <span class='ocrx_word' id='word_1_1106' title='bbox 1994 1859 2111 1896; x_wconf 80' lang='lat' dir='ltr'>primus</span> 
     </span>
     <span class='ocr_line' id='line_1_115' title="bbox 1157 1897 2110 1941; baseline -0.006 -9"><span class='ocrx_word' id='word_1_1107' title='bbox 1157 1903 1241 1932; x_wconf 76' lang='lat' dir='ltr'>locus</span> <span class='ocrx_word' id='word_1_1108' title='bbox 1252 1901 1294 1931; x_wconf 85' lang='lat' dir='ltr'>est</span> <span class='ocrx_word' id='word_1_1109' title='bbox 1304 1900 1514 1931; x_wconf 76' lang='lat' dir='ltr'>misericordia:</span> <span class='ocrx_word' id='word_1_1110' title='bbox 1526 1920 1534 1933; x_wconf 94' lang='lat'>,</span> <span class='ocrx_word' id='word_1_1111' title='bbox 1547 1910 1599 1940; x_wconf 84' lang='lat' dir='ltr'>per</span> <span class='ocrx_word' id='word_1_1112' title='bbox 1609 1910 1699 1941; x_wconf 85' lang='lat' dir='ltr'>quem</span> <span class='ocrx_word' id='word_1_1113' title='bbox 1710 1919 1719 1933; x_wconf 88' lang='lat'>‚</span> <span class='ocrx_word' id='word_1_1114' title='bbox 1732 1898 1842 1940; x_wconf 85' lang='lat' dir='ltr'>quibus</span> <span class='ocrx_word' id='word_1_1115' title='bbox 1851 1900 1884 1927; x_wconf 91' lang='lat' dir='ltr'>in</span> <span class='ocrx_word' id='word_1_1116' title='bbox 1894 1897 2110 1937; x_wconf 73' lang='lat' dir='ltr'>bonisfzterint‚</span> 
     </span>
     <span class='ocr_line' id='line_1_116' title="bbox 1160 1939 2113 1984; baseline -0.005 -10"><span class='ocrx_word' id='word_1_1117' title='bbox 1160 1945 1192 1974; x_wconf 86' lang='lat'>&amp;</span> <span class='ocrx_word' id='word_1_1118' title='bbox 1203 1953 1285 1973; x_wconf 84' lang='lat' dir='ltr'>nunc</span> <span class='ocrx_word' id='word_1_1119' title='bbox 1297 1964 1304 1976; x_wconf 82' lang='lat'>‚</span> <span class='ocrx_word' id='word_1_1120' title='bbox 1316 1943 1424 1984; x_wconf 83' lang='lat' dir='ltr'>quibus</span> <span class='ocrx_word' id='word_1_1121' title='bbox 1438 1944 1468 1972; x_wconf 89' lang='lat' dir='ltr'>in</span> <span class='ocrx_word' id='word_1_1122' title='bbox 1480 1942 1566 1971; x_wconf 87' lang='lat' dir='ltr'>malis</span> <span class='ocrx_word' id='word_1_1123' title='bbox 1578 1941 1634 1971; x_wconf 85' lang='lat' dir='ltr'>sint</span> <span class='ocrx_word' id='word_1_1124' title='bbox 1644 1962 1652 1975; x_wconf 86' lang='lat'>‚</span> <span class='ocrx_word' id='word_1_1125' title='bbox 1666 1940 1841 1971; x_wconf 86' lang='lat' dir='ltr'>ostenditur.</span> <span class='ocrx_word' id='word_1_1126' title='bbox 1874 1939 2026 1970; x_wconf 84' lang='lat' dir='ltr'>Secundus</span> <span class='ocrx_word' id='word_1_1127' title='bbox 2038 1959 2047 1972; x_wconf 87' lang='lat'>‚</span> <span class='ocrx_word' id='word_1_1128' title='bbox 2058 1941 2113 1980; x_wconf 82' lang='lat' dir='ltr'>qui</span> 
     </span>
     <span class='ocr_line' id='line_1_117' title="bbox 1158 1981 2109 2025; baseline -0.006 -10"><span class='ocrx_word' id='word_1_1129' title='bbox 1158 1987 1192 2015; x_wconf 88' lang='lat' dir='ltr'>in</span> <span class='ocrx_word' id='word_1_1130' title='bbox 1203 1994 1338 2025; x_wconf 87' lang='lat' dir='ltr'>tempora</span> <span class='ocrx_word' id='word_1_1131' title='bbox 1347 1984 1505 2017; x_wconf 84' lang='lat' dir='ltr'>tribuitur,</span> <span class='ocrx_word' id='word_1_1132' title='bbox 1527 1993 1578 2023; x_wconf 90' lang='lat' dir='ltr'>per</span> <span class='ocrx_word' id='word_1_1133' title='bbox 1588 1992 1677 2023; x_wconf 81' lang='lat' dir='ltr'>quem</span> <span class='ocrx_word' id='word_1_1134' title='bbox 1689 2002 1697 2015; x_wconf 92' lang='lat'>‚</span> <span class='ocrx_word' id='word_1_1135' title='bbox 1717 1982 1825 2022; x_wconf 88' lang='lat' dir='ltr'>quibus</span> <span class='ocrx_word' id='word_1_1136' title='bbox 1837 1983 1868 2010; x_wconf 88' lang='lat' dir='ltr'>in</span> <span class='ocrx_word' id='word_1_1137' title='bbox 1880 1981 1967 2010; x_wconf 83' lang='lat' dir='ltr'>malis</span> <span class='ocrx_word' id='word_1_1138' title='bbox 1976 1981 2091 2020; x_wconf 76' lang='lat' dir='ltr'>fuerint</span> <span class='ocrx_word' id='word_1_1139' title='bbox 2100 2000 2109 2013; x_wconf 88' lang='lat'>‚</span> 
     </span>
     <span class='ocr_line' id='line_1_118' title="bbox 1160 2023 2111 2063; baseline -0.005 -7"><span class='ocrx_word' id='word_1_1140' title='bbox 1160 2027 1193 2056; x_wconf 91' lang='lat'>&amp;</span> <span class='ocrx_word' id='word_1_1141' title='bbox 1205 2025 1279 2059; x_wconf 72' lang='lat' dir='ltr'>sint,</span> <span class='ocrx_word' id='word_1_1142' title='bbox 1293 2023 1514 2058; x_wconf 76' lang='lat' dir='ltr'>&amp;futui-isim,</span> <span class='ocrx_word' id='word_1_1143' title='bbox 1535 2023 1765 2055; x_wconf 81' lang='lat' dir='ltr'>demonstratur.</span> <span class='ocrx_word' id='word_1_1144' title='bbox 1797 2024 1938 2056; x_wconf 69' lang='lat' dir='ltr'>Tertius,</span> <span class='ocrx_word' id='word_1_1145' title='bbox 1957 2032 2111 2063; x_wconf 86' lang='lat' dir='ltr'>perquem</span> 
     </span>
     <span class='ocr_line' id='line_1_119' title="bbox 1157 2063 2110 2108; baseline -0.004 -11"><span class='ocrx_word' id='word_1_1146' title='bbox 1157 2067 1398 2108; x_wconf 77' lang='lat' dir='ltr'>unumquodque</span> <span class='ocrx_word' id='word_1_1147' title='bbox 1406 2066 1563 2108; x_wconf 68' lang='lat' dir='ltr'>deploratur</span> <span class='ocrx_word' id='word_1_1148' title='bbox 1571 2064 1806 2097; x_wconf 83' lang='lat' dir='ltr'>incommodum</span> <span class='ocrx_word' id='word_1_1149' title='bbox 1818 2084 1826 2098; x_wconf 84' lang='lat'>,</span> <span class='ocrx_word' id='word_1_1150' title='bbox 1848 2073 1881 2094; x_wconf 92' lang='lat' dir='ltr'>ut</span> <span class='ocrx_word' id='word_1_1151' title='bbox 1890 2066 1922 2094; x_wconf 93' lang='lat' dir='ltr'>in</span> <span class='ocrx_word' id='word_1_1152' title='bbox 1934 2073 2031 2094; x_wconf 88' lang='lat' dir='ltr'>morte</span> <span class='ocrx_word' id='word_1_1153' title='bbox 2042 2063 2110 2098; x_wconf 86' lang='lat' dir='ltr'>filii,</span> 
     </span>
     <span class='ocr_line' id='line_1_120' title="bbox 1157 2104 2111 2150; baseline -0.004 -11"><span class='ocrx_word' id='word_1_1154' title='bbox 1157 2112 1291 2150; x_wconf 69' lang='lat' dir='ltr'>pueritia:</span> <span class='ocrx_word' id='word_1_1155' title='bbox 1304 2108 1462 2139; x_wconf 58' lang='lat' dir='ltr'>delectatio</span> <span class='ocrx_word' id='word_1_1156' title='bbox 1472 2128 1480 2141; x_wconf 91' lang='lat'>,</span> <span class='ocrx_word' id='word_1_1157' title='bbox 1493 2119 1579 2139; x_wconf 83' lang='lat' dir='ltr'>amor</span> <span class='ocrx_word' id='word_1_1158' title='bbox 1588 2128 1596 2141; x_wconf 56' lang='lat'><em>2</em></span> <span class='ocrx_word' id='word_1_1159' title='bbox 1613 2109 1675 2148; x_wconf 82' lang='lat' dir='ltr'>spes</span> <span class='ocrx_word' id='word_1_1160' title='bbox 1686 2128 1693 2141; x_wconf 83' lang='lat'>‚</span> <span class='ocrx_word' id='word_1_1161' title='bbox 1710 2107 1860 2139; x_wconf 84' lang='lat' dir='ltr'>solatium,</span> <span class='ocrx_word' id='word_1_1162' title='bbox 1873 2106 2020 2138; x_wconf 80' lang='lat' dir='ltr'>educatio,</span> <span class='ocrx_word' id='word_1_1163' title='bbox 2034 2106 2076 2140; x_wconf 69' lang='grc' dir='ltr'>ὃς,</span> <span class='ocrx_word' id='word_1_1164' title='bbox 2090 2104 2111 2135; x_wconf 88' lang='lat' dir='ltr'>fi</span> 
     </span>
     <span class='ocr_line' id='line_1_121' title="bbox 1156 2148 2112 2192; baseline -0.003 -12"><span class='ocrx_word' id='word_1_1165' title='bbox 1156 2161 1214 2192; x_wconf 85' lang='lat' dir='ltr'>qua</span> <span class='ocrx_word' id='word_1_1166' title='bbox 1223 2150 1313 2180; x_wconf 85' lang='lat' dir='ltr'>fimili</span> <span class='ocrx_word' id='word_1_1167' title='bbox 1323 2153 1355 2180; x_wconf 90' lang='lat' dir='ltr'>in</span> <span class='ocrx_word' id='word_1_1168' title='bbox 1366 2160 1472 2192; x_wconf 80' lang='lat' dir='ltr'>genere</span> <span class='ocrx_word' id='word_1_1169' title='bbox 1484 2171 1492 2184; x_wconf 88' lang='lat'>,</span> <span class='ocrx_word' id='word_1_1170' title='bbox 1511 2150 1649 2192; x_wconf 83' lang='lat' dir='ltr'>quolibet</span> <span class='ocrx_word' id='word_1_1171' title='bbox 1657 2149 1695 2179; x_wconf 84' lang='lat' dir='ltr'>de</span> <span class='ocrx_word' id='word_1_1172' title='bbox 1705 2148 1908 2179; x_wconf 78' lang='lat' dir='ltr'>incommodo</span> <span class='ocrx_word' id='word_1_1173' title='bbox 1917 2158 1969 2188; x_wconf 86' lang='lat' dir='ltr'>per</span> <span class='ocrx_word' id='word_1_1174' title='bbox 1976 2157 2112 2189; x_wconf 83' lang='lat' dir='ltr'>conque-</span> 
     </span>
     <span class='ocr_line' id='line_1_122' title="bbox 1157 2190 2112 2234; baseline -0.003 -12"><span class='ocrx_word' id='word_1_1175' title='bbox 1157 2193 1288 2222; x_wconf 90' lang='lat' dir='ltr'>stionem</span> <span class='ocrx_word' id='word_1_1176' title='bbox 1297 2192 1356 2222; x_wconf 90' lang='lat' dir='ltr'>dici</span> <span class='ocrx_word' id='word_1_1177' title='bbox 1366 2200 1515 2231; x_wconf 87' lang='lat' dir='ltr'>poterunt.</span> <span class='ocrx_word' id='word_1_1178' title='bbox 1548 2194 1677 2234; x_wconf 83' lang='lat' dir='ltr'>Qartus</span> <span class='ocrx_word' id='word_1_1179' title='bbox 1688 2211 1696 2225; x_wconf 92' lang='lat'>,</span> <span class='ocrx_word' id='word_1_1180' title='bbox 1719 2200 1871 2231; x_wconf 83' lang='lat' dir='ltr'>perquem</span> <span class='ocrx_word' id='word_1_1181' title='bbox 1884 2200 1928 2220; x_wconf 84' lang='lat' dir='ltr'>res</span> <span class='ocrx_word' id='word_1_1182' title='bbox 1945 2198 2055 2231; x_wconf 66' lang='lat' dir='ltr'>turpes,</span> <span class='ocrx_word' id='word_1_1183' title='bbox 2077 2190 2112 2219; x_wconf 67' lang='grc' dir='ltr'>ὃς</span> 
     </span>
     <span class='ocr_line' id='line_1_123' title="bbox 1156 2231 2112 2274; baseline -0.003 -10"><span class='ocrx_word' id='word_1_1184' title='bbox 1156 2235 1288 2264; x_wconf 83' lang='lat' dir='ltr'>humiles</span> <span class='ocrx_word' id='word_1_1185' title='bbox 1299 2255 1308 2268; x_wconf 83' lang='lat'>‚</span> <span class='ocrx_word' id='word_1_1186' title='bbox 1321 2234 1524 2264; x_wconf 82' lang='lat' dir='ltr'>&amp;illiberales</span> <span class='ocrx_word' id='word_1_1187' title='bbox 1535 2233 1724 2274; x_wconf 62' lang='lat' dir='ltr'>proferentur</span> <span class='ocrx_word' id='word_1_1188' title='bbox 1733 2253 1741 2266; x_wconf 90' lang='lat'>‚</span> <span class='ocrx_word' id='word_1_1189' title='bbox 1756 2232 1789 2262; x_wconf 87' lang='lat'>&amp;</span> <span class='ocrx_word' id='word_1_1190' title='bbox 1800 2231 1931 2273; x_wconf 78' lang='lat' dir='ltr'>indignae</span> <span class='ocrx_word' id='word_1_1191' title='bbox 1940 2241 2022 2262; x_wconf 85' lang='lat' dir='ltr'>aetate</span> <span class='ocrx_word' id='word_1_1192' title='bbox 2032 2252 2041 2265; x_wconf 88' lang='lat'>‚</span> <span class='ocrx_word' id='word_1_1193' title='bbox 2061 2242 2112 2273; x_wconf 78' lang='lat' dir='ltr'>ge-</span> 
     </span>
     <span class='ocr_line' id='line_1_124' title="bbox 1156 2272 2115 2315; baseline -0.004 -9"><span class='ocrx_word' id='word_1_1194' title='bbox 1156 2286 1226 2306; x_wconf 90' lang='lat' dir='ltr'>nere</span> <span class='ocrx_word' id='word_1_1195' title='bbox 1237 2297 1245 2310; x_wconf 89' lang='lat'>,</span> <span class='ocrx_word' id='word_1_1196' title='bbox 1259 2275 1399 2309; x_wconf 69' lang='lat' dir='ltr'>fortuna,</span> <span class='ocrx_word' id='word_1_1197' title='bbox 1411 2274 1538 2315; x_wconf 88' lang='lat' dir='ltr'>pristino</span> <span class='ocrx_word' id='word_1_1198' title='bbox 1547 2276 1663 2305; x_wconf 88' lang='lat' dir='ltr'>honore</span> <span class='ocrx_word' id='word_1_1199' title='bbox 1672 2295 1681 2308; x_wconf 81' lang='lat'>‚</span> <span class='ocrx_word' id='word_1_1200' title='bbox 1692 2272 1846 2304; x_wconf 86' lang='lat' dir='ltr'>beneficiis</span> <span class='ocrx_word' id='word_1_1201' title='bbox 1859 2285 1864 2302; x_wconf 79' lang='lat'>2</span> <span class='ocrx_word' id='word_1_1202' title='bbox 1876 2284 1946 2315; x_wconf 88' lang='lat' dir='ltr'>quas</span> <span class='ocrx_word' id='word_1_1203' title='bbox 1957 2272 2035 2313; x_wconf 61' lang='lat' dir='ltr'>pani,</span> <span class='ocrx_word' id='word_1_1204' title='bbox 2047 2283 2115 2313; x_wconf 51' lang='lat' dir='ltr'>per*</span> 
     </span>
     <span class='ocr_line' id='line_1_125' title="bbox 1155 2313 2111 2359; baseline -0.004 -12"><span class='ocrx_word' id='word_1_1205' title='bbox 1155 2317 1302 2359; x_wconf 81' lang='lat' dir='ltr'>peffurive</span> <span class='ocrx_word' id='word_1_1206' title='bbox 1313 2316 1378 2351; x_wconf 79' lang='lat' dir='ltr'>sint.</span> <span class='ocrx_word' id='word_1_1207' title='bbox 1402 2319 1534 2357; x_wconf 53' lang='lat' dir='ltr'>Quintus</span> <span class='ocrx_word' id='word_1_1208' title='bbox 1544 2316 1651 2357; x_wconf 87' lang='lat' dir='ltr'>est,per</span> <span class='ocrx_word' id='word_1_1209' title='bbox 1659 2326 1749 2358; x_wconf 87' lang='lat' dir='ltr'>quem</span> <span class='ocrx_word' id='word_1_1210' title='bbox 1762 2317 1867 2346; x_wconf 82' lang='lat' dir='ltr'>omnia</span> <span class='ocrx_word' id='word_1_1211' title='bbox 1877 2325 1943 2345; x_wconf 86' lang='lat' dir='ltr'>ante</span> <span class='ocrx_word' id='word_1_1212' title='bbox 1954 2316 2042 2344; x_wconf 78' lang='lat' dir='ltr'>oculos</span> <span class='ocrx_word' id='word_1_1213' title='bbox 2054 2313 2111 2344; x_wconf 82' lang='lat' dir='ltr'>fin-</span> 
     </span>
     <span class='ocr_line' id='line_1_126' title="bbox 1155 2356 2110 2401; baseline -0.003 -12"><span class='ocrx_word' id='word_1_1214' title='bbox 1155 2360 1284 2401; x_wconf 79' lang='lat' dir='ltr'>giliatim</span> <span class='ocrx_word' id='word_1_1215' title='bbox 1295 2359 1493 2389; x_wconf 76' lang='lat' dir='ltr'>incommoda</span> <span class='ocrx_word' id='word_1_1216' title='bbox 1502 2368 1654 2399; x_wconf 88' lang='lat' dir='ltr'>ponentur</span> <span class='ocrx_word' id='word_1_1217' title='bbox 1664 2379 1672 2392; x_wconf 95' lang='lat'>,</span> <span class='ocrx_word' id='word_1_1218' title='bbox 1690 2367 1723 2388; x_wconf 90' lang='lat' dir='ltr'>ut</span> <span class='ocrx_word' id='word_1_1219' title='bbox 1732 2357 1867 2388; x_wconf 86' lang='lat' dir='ltr'>videatur</span> <span class='ocrx_word' id='word_1_1220' title='bbox 1878 2359 1903 2386; x_wconf 90' lang='lat' dir='ltr'>is</span> <span class='ocrx_word' id='word_1_1221' title='bbox 1912 2377 1921 2390; x_wconf 87' lang='lat'>‚</span> <span class='ocrx_word' id='word_1_1222' title='bbox 1945 2359 1996 2397; x_wconf 91' lang='lat' dir='ltr'>qui</span> <span class='ocrx_word' id='word_1_1223' title='bbox 2008 2356 2091 2386; x_wconf 83' lang='lat' dir='ltr'>audit</span> <span class='ocrx_word' id='word_1_1224' title='bbox 2102 2377 2110 2390; x_wconf 90' lang='lat'>,</span> 
     </span>
     <span class='ocr_line' id='line_1_127' title="bbox 1155 2397 2113 2442; baseline -0.003 -11"><span class='ocrx_word' id='word_1_1225' title='bbox 1155 2401 1267 2435; x_wconf 87' lang='lat' dir='ltr'>videre,</span> <span class='ocrx_word' id='word_1_1226' title='bbox 1287 2402 1319 2431; x_wconf 68' lang='grc' dir='ltr'>δί</span> <span class='ocrx_word' id='word_1_1227' title='bbox 1332 2411 1362 2431; x_wconf 85' lang='lat' dir='ltr'>re</span> <span class='ocrx_word' id='word_1_1228' title='bbox 1373 2411 1493 2442; x_wconf 88' lang='lat' dir='ltr'>quoque</span> <span class='ocrx_word' id='word_1_1229' title='bbox 1504 2401 1574 2440; x_wconf 79' lang='lat' dir='ltr'>ipsa,</span> <span class='ocrx_word' id='word_1_1230' title='bbox 1587 2399 1666 2441; x_wconf 84' lang='lat' dir='ltr'>quasi</span> <span class='ocrx_word' id='word_1_1231' title='bbox 1676 2398 1756 2433; x_wconf 81' lang='lat' dir='ltr'>adsit,</span> <span class='ocrx_word' id='word_1_1232' title='bbox 1770 2409 1834 2429; x_wconf 89' lang='lat' dir='ltr'>non</span> <span class='ocrx_word' id='word_1_1233' title='bbox 1846 2399 1941 2428; x_wconf 75' lang='lat' dir='ltr'>verbis</span> <span class='ocrx_word' id='word_1_1234' title='bbox 1952 2397 2064 2432; x_wconf 66' lang='lat' dir='ltr'>sonim,</span> <span class='ocrx_word' id='word_1_1235' title='bbox 2077 2398 2113 2428; x_wconf 83' lang='lat' dir='ltr'>ad</span> 
     </span>
     <span class='ocr_line' id='line_1_128' title="bbox 1157 2440 2111 2489; baseline -0.003 -16"><span class='ocrx_word' id='word_1_1236' title='bbox 1157 2443 1394 2473; x_wconf 85' lang='lat' dir='ltr'>misericordiam</span> <span class='ocrx_word' id='word_1_1237' title='bbox 1406 2443 1538 2473; x_wconf 80' lang='lat' dir='ltr'>ducatur.</span> <span class='ocrx_word' id='word_1_1238' title='bbox 1560 2446 1666 2472; x_wconf 80' lang='lat' dir='ltr'>Sextus</span> <span class='ocrx_word' id='word_1_1239' title='bbox 1679 2462 1687 2475; x_wconf 90' lang='lat'><em>‚</em></span> <span class='ocrx_word' id='word_1_1240' title='bbox 1707 2451 1759 2489; x_wconf 75' lang='lat' dir='ltr'>per</span> <span class='ocrx_word' id='word_1_1241' title='bbox 1769 2450 1860 2482; x_wconf 83' lang='lat' dir='ltr'>quem</span> <span class='ocrx_word' id='word_1_1242' title='bbox 1872 2449 1976 2480; x_wconf 76' lang='lat' dir='ltr'>praeter</span> <span class='ocrx_word' id='word_1_1243' title='bbox 1986 2440 2061 2479; x_wconf 79' lang='lat' dir='ltr'>spem</span> <span class='ocrx_word' id='word_1_1244' title='bbox 2078 2442 2111 2470; x_wconf 86' lang='lat' dir='ltr'>in</span> 
     </span>
    </p>
   </div>
   <div class='ocr_carea' id='block_1_16' title="bbox 1146 2481 2109 2522">
    <p class='ocr_par' dir='ltr' id='par_1_16' title="bbox 1146 2481 2109 2522">
     <span class='ocr_line' id='line_1_129' title="bbox 1146 2481 2109 2522; baseline -0.004 -7"><span class='ocrx_word' id='word_1_1245' title='bbox 1146 2485 1286 2516; x_wconf 52' lang='lat' dir='ltr'>*miseriis</span> <span class='ocrx_word' id='word_1_1246' title='bbox 1299 2484 1520 2515; x_wconf 88' lang='lat' dir='ltr'>demonstratur</span> <span class='ocrx_word' id='word_1_1247' title='bbox 1539 2483 1596 2514; x_wconf 77' lang='lat' dir='ltr'>ess&#39;e</span> <span class='ocrx_word' id='word_1_1248' title='bbox 1608 2496 1616 2518; x_wconf 72' lang='lat'>3</span> <span class='ocrx_word' id='word_1_1249' title='bbox 1639 2484 1671 2514; x_wconf 86' lang='lat'>&amp;</span> <span class='ocrx_word' id='word_1_1250' title='bbox 1682 2503 1690 2517; x_wconf 88' lang='lat'>‚</span> <span class='ocrx_word' id='word_1_1251' title='bbox 1708 2493 1780 2513; x_wconf 87' lang='lat' dir='ltr'>cum</span> <span class='ocrx_word' id='word_1_1252' title='bbox 1790 2481 1901 2522; x_wconf 83' lang='lat' dir='ltr'>aliquid</span> <span class='ocrx_word' id='word_1_1253' title='bbox 1911 2482 2090 2522; x_wconf 66' lang='lat' dir='ltr'>exspectaret</span> <span class='ocrx_word' id='word_1_1254' title='bbox 2100 2502 2109 2514; x_wconf 82' lang='lat'><strong>.</strong></span> 
     </span>
    </p>
   </div>
   <div class='ocr_carea' id='block_1_17' title="bbox 1156 2524 2117 2942">
    <p class='ocr_par' dir='ltr' id='par_1_17' title="bbox 1156 2524 2117 2942">
     <span class='ocr_line' id='line_1_130' title="bbox 1158 2524 2113 2566; baseline -0.006 -8"><span class='ocrx_word' id='word_1_1255' title='bbox 1158 2537 1221 2558; x_wconf 85' lang='lat' dir='ltr'>non</span> <span class='ocrx_word' id='word_1_1256' title='bbox 1233 2526 1328 2557; x_wconf 67' lang='lat' dir='ltr'>modo</span> <span class='ocrx_word' id='word_1_1257' title='bbox 1340 2526 1369 2557; x_wconf 89' lang='lat' dir='ltr'>id</span> <span class='ocrx_word' id='word_1_1258' title='bbox 1381 2537 1444 2557; x_wconf 88' lang='lat' dir='ltr'>non</span> <span class='ocrx_word' id='word_1_1259' title='bbox 1455 2526 1594 2566; x_wconf 85' lang='lat' dir='ltr'>adeptum</span> <span class='ocrx_word' id='word_1_1260' title='bbox 1609 2524 1666 2555; x_wconf 79' lang='lat' dir='ltr'>ess&#39;e</span> <span class='ocrx_word' id='word_1_1261' title='bbox 1677 2545 1684 2558; x_wconf 86' lang='lat'>‚</span> <span class='ocrx_word' id='word_1_1262' title='bbox 1707 2524 1755 2555; x_wconf 86' lang='lat' dir='ltr'>sed</span> <span class='ocrx_word' id='word_1_1263' title='bbox 1776 2526 1807 2554; x_wconf 88' lang='lat' dir='ltr'>in</span> <span class='ocrx_word' id='word_1_1264' title='bbox 1827 2525 1958 2555; x_wconf 80' lang='lat' dir='ltr'>summas</span> <span class='ocrx_word' id='word_1_1265' title='bbox 1979 2525 2113 2554; x_wconf 76' lang='lat' dir='ltr'>miserias</span> 
     </span>
     <span class='ocr_line' id='line_1_131' title="bbox 1158 2564 2113 2608; baseline -0.005 -9"><span class='ocrx_word' id='word_1_1266' title='bbox 1158 2568 1303 2600; x_wconf 71' lang='lat' dir='ltr'>incidisse.</span> <span class='ocrx_word' id='word_1_1267' title='bbox 1335 2570 1486 2608; x_wconf 82' lang='lat' dir='ltr'>Septimus</span> <span class='ocrx_word' id='word_1_1268' title='bbox 1496 2589 1505 2602; x_wconf 76' lang='grc'>,</span> <span class='ocrx_word' id='word_1_1269' title='bbox 1526 2577 1677 2608; x_wconf 85' lang='lat' dir='ltr'>perquem</span> <span class='ocrx_word' id='word_1_1270' title='bbox 1696 2566 1732 2595; x_wconf 68' lang='lat' dir='ltr'>acl</span> <span class='ocrx_word' id='word_1_1271' title='bbox 1745 2566 1813 2606; x_wconf 64' lang='lat' dir='ltr'>ipffis</span> <span class='ocrx_word' id='word_1_1272' title='bbox 1823 2586 1831 2600; x_wconf 90' lang='lat'>,</span> <span class='ocrx_word' id='word_1_1273' title='bbox 1852 2568 1905 2606; x_wconf 79' lang='lat' dir='ltr'>qui</span> <span class='ocrx_word' id='word_1_1274' title='bbox 1916 2565 2042 2597; x_wconf 79' lang='lat' dir='ltr'>audiunt</span> <span class='ocrx_word' id='word_1_1275' title='bbox 2053 2586 2061 2599; x_wconf 93' lang='lat'>‚</span> <span class='ocrx_word' id='word_1_1276' title='bbox 2076 2564 2113 2594; x_wconf 71' lang='lat' dir='ltr'>sl·-</span> 
     </span>
     <span class='ocr_line' id='line_1_132' title="bbox 1159 2607 2110 2648; baseline -0.005 -7"><span class='ocrx_word' id='word_1_1277' title='bbox 1159 2612 1267 2641; x_wconf 87' lang='lat' dir='ltr'>milem</span> <span class='ocrx_word' id='word_1_1278' title='bbox 1278 2612 1377 2641; x_wconf 82' lang='lat' dir='ltr'>casum</span> <span class='ocrx_word' id='word_1_1279' title='bbox 1389 2611 1596 2640; x_wconf 81' lang='lat' dir='ltr'>convertimus</span> <span class='ocrx_word' id='word_1_1280' title='bbox 1609 2629 1616 2642; x_wconf 96' lang='lat'>,</span> <span class='ocrx_word' id='word_1_1281' title='bbox 1631 2609 1663 2638; x_wconf 85' lang='lat'>&amp;</span> <span class='ocrx_word' id='word_1_1282' title='bbox 1672 2610 1803 2648; x_wconf 86' lang='lat' dir='ltr'>petimus</span> <span class='ocrx_word' id='word_1_1283' title='bbox 1815 2629 1823 2641; x_wconf 88' lang='lat'>,</span> <span class='ocrx_word' id='word_1_1284' title='bbox 1836 2617 1868 2637; x_wconf 92' lang='lat' dir='ltr'>ut</span> <span class='ocrx_word' id='word_1_1285' title='bbox 1878 2607 1913 2637; x_wconf 87' lang='lat' dir='ltr'>de</span> <span class='ocrx_word' id='word_1_1286' title='bbox 1925 2608 1984 2637; x_wconf 85' lang='lat' dir='ltr'>suis</span> <span class='ocrx_word' id='word_1_1287' title='bbox 1996 2608 2110 2640; x_wconf 76' lang='lat' dir='ltr'>liberis,</span> 
     </span>
     <span class='ocr_line' id='line_1_133' title="bbox 1157 2648 2114 2693; baseline -0.005 -10"><span class='ocrx_word' id='word_1_1288' title='bbox 1157 2662 1209 2683; x_wconf 88' lang='lat' dir='ltr'>aut</span> <span class='ocrx_word' id='word_1_1289' title='bbox 1218 2653 1389 2693; x_wconf 81' lang='lat' dir='ltr'>parentibus</span> <span class='ocrx_word' id='word_1_1290' title='bbox 1400 2673 1408 2685; x_wconf 91' lang='lat'>‚</span> <span class='ocrx_word' id='word_1_1291' title='bbox 1419 2661 1468 2682; x_wconf 88' lang='lat' dir='ltr'>aut</span> <span class='ocrx_word' id='word_1_1292' title='bbox 1477 2652 1578 2692; x_wconf 80' lang='lat' dir='ltr'>aliquo</span> <span class='ocrx_word' id='word_1_1293' title='bbox 1588 2670 1596 2684; x_wconf 91' lang='lat'>,</span> <span class='ocrx_word' id='word_1_1294' title='bbox 1618 2652 1670 2691; x_wconf 89' lang='lat' dir='ltr'>qui</span> <span class='ocrx_word' id='word_1_1295' title='bbox 1680 2650 1740 2680; x_wconf 88' lang='lat' dir='ltr'>illis</span> <span class='ocrx_word' id='word_1_1296' title='bbox 1752 2660 1833 2680; x_wconf 57' lang='lat' dir='ltr'>czu‘us</span> <span class='ocrx_word' id='word_1_1297' title='bbox 1845 2649 1947 2679; x_wconf 69' lang='lat' dir='ltr'>debeat</span> <span class='ocrx_word' id='word_1_1298' title='bbox 1957 2648 2014 2679; x_wconf 79' lang='lat' dir='ltr'>effe</span> <span class='ocrx_word' id='word_1_1299' title='bbox 2026 2670 2034 2683; x_wconf 88' lang='lat'>‚</span> <span class='ocrx_word' id='word_1_1300' title='bbox 2056 2658 2114 2679; x_wconf 81' lang='lat' dir='ltr'>nos</span> 
     </span>
     <span class='ocr_line' id='line_1_134' title="bbox 1158 2690 2112 2732; baseline -0.005 -7"><span class='ocrx_word' id='word_1_1301' title='bbox 1158 2694 1230 2725; x_wconf 76' lang='lat' dir='ltr'>cum</span> <span class='ocrx_word' id='word_1_1302' title='bbox 1242 2694 1363 2724; x_wconf 79' lang='lat' dir='ltr'>videant</span> <span class='ocrx_word' id='word_1_1303' title='bbox 1373 2715 1380 2726; x_wconf 86' lang='lat'>,</span> <span class='ocrx_word' id='word_1_1304' title='bbox 1396 2693 1596 2724; x_wconf 85' lang='lat' dir='ltr'>recordentur.</span> <span class='ocrx_word' id='word_1_1305' title='bbox 1620 2690 1750 2722; x_wconf 61' lang='lat' dir='ltr'>oaavus</span> <span class='ocrx_word' id='word_1_1306' title='bbox 1760 2712 1769 2726; x_wconf 88' lang='lat'>,</span> <span class='ocrx_word' id='word_1_1307' title='bbox 1781 2701 1933 2732; x_wconf 86' lang='lat' dir='ltr'>perquem</span> <span class='ocrx_word' id='word_1_1308' title='bbox 1942 2691 2055 2732; x_wconf 69' lang='lat' dir='ltr'>aliquid</span> <span class='ocrx_word' id='word_1_1309' title='bbox 2067 2691 2112 2720; x_wconf 90' lang='lat' dir='ltr'>di-</span> 
     </span>
     <span class='ocr_line' id='line_1_135' title="bbox 1156 2732 2113 2775; baseline -0.004 -9"><span class='ocrx_word' id='word_1_1310' title='bbox 1156 2739 1233 2767; x_wconf 90' lang='lat' dir='ltr'>citur</span> <span class='ocrx_word' id='word_1_1311' title='bbox 1247 2735 1305 2766; x_wconf 83' lang='lat' dir='ltr'>ess&#39;e</span> <span class='ocrx_word' id='word_1_1312' title='bbox 1318 2734 1451 2774; x_wconf 59' lang='lat' dir='ltr'>fastum,</span> <span class='ocrx_word' id='word_1_1313' title='bbox 1472 2733 1553 2775; x_wconf 87' lang='lat' dir='ltr'>quod</span> <span class='ocrx_word' id='word_1_1314' title='bbox 1565 2744 1628 2763; x_wconf 88' lang='lat' dir='ltr'>non</span> <span class='ocrx_word' id='word_1_1315' title='bbox 1638 2736 1804 2773; x_wconf 87' lang='lat' dir='ltr'>oportuerit</span> <span class='ocrx_word' id='word_1_1316' title='bbox 1815 2746 1823 2767; x_wconf 73' lang='lat'>3</span> <span class='ocrx_word' id='word_1_1317' title='bbox 1844 2742 1968 2763; x_wconf 86' lang='lat' dir='ltr'>autnon</span> <span class='ocrx_word' id='word_1_1318' title='bbox 1976 2732 2090 2763; x_wconf 63' lang='lat' dir='ltr'>faustum</span> <span class='ocrx_word' id='word_1_1319' title='bbox 2104 2753 2113 2765; x_wconf 90' lang='lat'><strong><em>‚</em></strong></span> 
     </span>
     <span class='ocr_line' id='line_1_136' title="bbox 1157 2774 2113 2819; baseline -0.004 -11"><span class='ocrx_word' id='word_1_1320' title='bbox 1157 2777 1239 2819; x_wconf 89' lang='lat' dir='ltr'>quod</span> <span class='ocrx_word' id='word_1_1321' title='bbox 1259 2779 1426 2817; x_wconf 85' lang='lat' dir='ltr'>oportuerit</span> <span class='ocrx_word' id='word_1_1322' title='bbox 1436 2796 1443 2810; x_wconf 90' lang='lat'>,</span> <span class='ocrx_word' id='word_1_1323' title='bbox 1466 2777 1523 2805; x_wconf 89' lang='lat' dir='ltr'>hoc</span> <span class='ocrx_word' id='word_1_1324' title='bbox 1534 2775 1629 2805; x_wconf 87' lang='lat' dir='ltr'>modo</span> <span class='ocrx_word' id='word_1_1325' title='bbox 1641 2786 1648 2805; x_wconf 90' lang='lat'>:</span> <span class='ocrx_word' id='word_1_1326' title='bbox 1672 2777 1747 2805; x_wconf 90' lang='lat' dir='ltr'>Non</span> <span class='ocrx_word' id='word_1_1327' title='bbox 1757 2774 1828 2805; x_wconf 80' lang='lat' dir='ltr'>affui</span> <span class='ocrx_word' id='word_1_1328' title='bbox 1841 2795 1849 2808; x_wconf 89' lang='lat'>‚</span> <span class='ocrx_word' id='word_1_1329' title='bbox 1871 2785 1934 2804; x_wconf 90' lang='lat' dir='ltr'>non</span> <span class='ocrx_word' id='word_1_1330' title='bbox 1944 2775 2008 2805; x_wconf 85' lang='lat' dir='ltr'>vidi</span> <span class='ocrx_word' id='word_1_1331' title='bbox 2019 2795 2026 2808; x_wconf 70' lang='lat'>‚</span> <span class='ocrx_word' id='word_1_1332' title='bbox 2051 2785 2113 2804; x_wconf 82' lang='lat' dir='ltr'>non</span> 
     </span>
     <span class='ocr_line' id='line_1_137' title="bbox 1157 2817 2115 2860; baseline -0.004 -11"><span class='ocrx_word' id='word_1_1333' title='bbox 1157 2819 1341 2860; x_wconf 82' lang='lat' dir='ltr'>postremam</span> <span class='ocrx_word' id='word_1_1334' title='bbox 1353 2821 1416 2858; x_wconf 76' lang='lat' dir='ltr'>ejus</span> <span class='ocrx_word' id='word_1_1335' title='bbox 1426 2828 1533 2848; x_wconf 85' lang='lat' dir='ltr'>vocem</span> <span class='ocrx_word' id='word_1_1336' title='bbox 1543 2817 1646 2847; x_wconf 80' lang='lat' dir='ltr'>audivi</span> <span class='ocrx_word' id='word_1_1337' title='bbox 1659 2837 1667 2850; x_wconf 95' lang='lat'>,</span> <span class='ocrx_word' id='word_1_1338' title='bbox 1690 2826 1755 2846; x_wconf 90' lang='lat' dir='ltr'>non</span> <span class='ocrx_word' id='word_1_1339' title='bbox 1765 2825 1936 2847; x_wconf 82' lang='lat' dir='ltr'>extremum</span> <span class='ocrx_word' id='word_1_1340' title='bbox 1947 2818 2010 2856; x_wconf 77' lang='lat' dir='ltr'>ejus</span> <span class='ocrx_word' id='word_1_1341' title='bbox 2030 2818 2115 2856; x_wconf 83' lang='lat' dir='ltr'>spiri-</span> 
     </span>
     <span class='ocr_line' id='line_1_138' title="bbox 1158 2857 2113 2901; baseline -0.003 -11"><span class='ocrx_word' id='word_1_1342' title='bbox 1158 2871 1223 2890; x_wconf 82' lang='lat' dir='ltr'>tum</span> <span class='ocrx_word' id='word_1_1343' title='bbox 1235 2863 1348 2901; x_wconf 81' lang='lat' dir='ltr'>excepi.</span> <span class='ocrx_word' id='word_1_1344' title='bbox 1388 2863 1463 2889; x_wconf 84' lang='lat' dir='ltr'>Item</span> <span class='ocrx_word' id='word_1_1345' title='bbox 1477 2880 1484 2892; x_wconf 87' lang='lat'>‚</span> <span class='ocrx_word' id='word_1_1346' title='bbox 1507 2861 1705 2889; x_wconf 82' lang='lat' dir='ltr'>inimicorum</span> <span class='ocrx_word' id='word_1_1347' title='bbox 1717 2861 1749 2888; x_wconf 89' lang='lat' dir='ltr'>in</span> <span class='ocrx_word' id='word_1_1348' title='bbox 1762 2859 1901 2888; x_wconf 79' lang='lat' dir='ltr'>manibus</span> <span class='ocrx_word' id='word_1_1349' title='bbox 1913 2868 2049 2888; x_wconf 69' lang='lat' dir='ltr'>mortuus</span> <span class='ocrx_word' id='word_1_1350' title='bbox 2061 2857 2113 2892; x_wconf 80' lang='lat' dir='ltr'>est,</span> 
     </span>
     <span class='ocr_line' id='line_1_139' title="bbox 1158 2899 2117 2942; baseline -0.003 -10"><span class='ocrx_word' id='word_1_1351' title='bbox 1158 2903 1261 2932; x_wconf 85' lang='lat' dir='ltr'>hostili</span> <span class='ocrx_word' id='word_1_1352' title='bbox 1273 2905 1305 2932; x_wconf 87' lang='lat' dir='ltr'>in</span> <span class='ocrx_word' id='word_1_1353' title='bbox 1317 2912 1392 2932; x_wconf 80' lang='lat' dir='ltr'>terra</span> <span class='ocrx_word' id='word_1_1354' title='bbox 1403 2904 1527 2942; x_wconf 85' lang='lat' dir='ltr'>turpiter</span> <span class='ocrx_word' id='word_1_1355' title='bbox 1537 2902 1627 2939; x_wconf 83' lang='lat' dir='ltr'>jacuit</span> <span class='ocrx_word' id='word_1_1356' title='bbox 1638 2901 1802 2940; x_wconf 84' lang='lat' dir='ltr'>insepultus</span> <span class='ocrx_word' id='word_1_1357' title='bbox 1814 2920 1823 2935; x_wconf 94' lang='lat'>,</span> <span class='ocrx_word' id='word_1_1358' title='bbox 1843 2900 1858 2930; x_wconf 62' lang='lat' dir='ltr'>a</span> <span class='ocrx_word' id='word_1_1359' title='bbox 1868 2899 1938 2929; x_wconf 74' lang='lat' dir='ltr'>feris</span> <span class='ocrx_word' id='word_1_1360' title='bbox 1957 2900 2007 2930; x_wconf 74' lang='lat' dir='ltr'>diu</span> <span class='ocrx_word' id='word_1_1361' title='bbox 2030 2910 2117 2930; x_wconf 72' lang='lat' dir='ltr'>vexa-</span> 
     </span>
    </p>
   </div>
   <div class='ocr_carea' id='block_1_18' title="bbox 2026 2994 2116 3025">
    <p class='ocr_par' dir='ltr' id='par_1_18' title="bbox 2026 2994 2116 3025">
     <span class='ocr_line' id='line_1_140' title="bbox 2026 2994 2116 3025; baseline -0.011 -13"><span class='ocrx_word' id='word_1_1362' title='bbox 2026 2994 2116 3025; x_wconf 61' lang='lat' dir='ltr'>qklk&#39;ssl</span> 
     </span>
    </p>
   </div>
   <div class='ocr_carea' id='block_1_19' title="bbox 1962 3040 2036 3043">
    <p class='ocr_par' dir='ltr' id='par_1_19' title="bbox 1962 3040 2036 3043">
     <span class='ocr_line' id='line_1_141' title="bbox 1962 3040 2036 3043; baseline 0 0"><span class='ocrx_word' id='word_1_1363' title='bbox 1962 3040 2036 3043; x_wconf 95' lang='lat' dir='ltr'> </span> 
     </span>
    </p>
   </div>
   <div class='ocr_carea' id='block_1_20' title="bbox 1200 3064 2120 3102">
    <p class='ocr_par' dir='ltr' id='par_1_20' title="bbox 1200 3064 2120 3102">
     <span class='ocr_line' id='line_1_142' title="bbox 1200 3064 2120 3102; baseline -0.002 -10"><span class='ocrx_word' id='word_1_1364' title='bbox 1200 3077 1227 3093; x_wconf 84' lang='lat'>2.</span> <span class='ocrx_word' id='word_1_1365' title='bbox 1247 3071 1341 3095; x_wconf 52' lang='lat' dir='ltr'>(Airai</span> <span class='ocrx_word' id='word_1_1366' title='bbox 1359 3077 1463 3101; x_wconf 79' lang='lat' dir='ltr'>unquam</span> <span class='ocrx_word' id='word_1_1367' title='bbox 1473 3068 1515 3100; x_wconf 63' lang='lat' dir='ltr'>ufir</span> <span class='ocrx_word' id='word_1_1368' title='bbox 1526 3068 1654 3102; x_wconf 61' lang='lat' dir='ltr'>evenerit]</span> <span class='ocrx_word' id='word_1_1369' title='bbox 1677 3069 1718 3094; x_wconf 77' lang='lat' dir='ltr'>lta</span> <span class='ocrx_word' id='word_1_1370' title='bbox 1728 3067 1771 3093; x_wconf 81' lang='lat' dir='ltr'>Pal</span> <span class='ocrx_word' id='word_1_1371' title='bbox 1779 3088 1784 3093; x_wconf 91' lang='lat'>.</span> <span class='ocrx_word' id='word_1_1372' title='bbox 1795 3066 1845 3092; x_wconf 62' lang='lat' dir='ltr'>lec.</span> <span class='ocrx_word' id='word_1_1373' title='bbox 1855 3066 1936 3092; x_wconf 76' lang='lat' dir='ltr'>ceteri</span> <span class='ocrx_word' id='word_1_1374' title='bbox 1948 3066 1974 3091; x_wconf 55' lang='lat' dir='ltr'>C&lt;</span> <span class='ocrx_word' id='word_1_1375' title='bbox 1987 3066 2053 3091; x_wconf 65' lang='lat' dir='ltr'>(Ji-cx</span> <span class='ocrx_word' id='word_1_1376' title='bbox 2061 3064 2120 3090; x_wconf 55' lang='lat' dir='ltr'>enb-</span> 
     </span>
    </p>
   </div>
   <div class='ocr_carea' id='block_1_21' title="bbox 1163 3102 1925 3211">
    <p class='ocr_par' dir='ltr' id='par_1_21' title="bbox 1163 3102 1925 3211">
     <span class='ocr_line' id='line_1_143' title="bbox 1163 3102 1674 3138; baseline 0.002 -10"><span class='ocrx_word' id='word_1_1377' title='bbox 1163 3107 1255 3129; x_wconf 65' lang='lat' dir='ltr'>vcncrit</span> <span class='ocrx_word' id='word_1_1378' title='bbox 1268 3122 1275 3133; x_wconf 85' lang='lat'><em>‚</em></span> <span class='ocrx_word' id='word_1_1379' title='bbox 1287 3103 1357 3138; x_wconf 84' lang='lat' dir='ltr'>quod</span> <span class='ocrx_word' id='word_1_1380' title='bbox 1369 3103 1462 3130; x_wconf 78' lang='lat' dir='ltr'>maluit</span> <span class='ocrx_word' id='word_1_1381' title='bbox 1473 3103 1645 3131; x_wconf 79' lang='lat' dir='ltr'>Gulielmius.</span> <span class='ocrx_word' id='word_1_1382' title='bbox 1671 3102 1674 3111; x_wconf 65' lang='lat'>¹</span> 
     </span>
     <span class='ocr_line' id='line_1_144' title="bbox 1201 3139 1511 3172; baseline -0.003 -7"><span class='ocrx_word' id='word_1_1383' title='bbox 1201 3148 1227 3171; x_wconf 58' lang='grc' dir='ltr'>ζ.</span> <span class='ocrx_word' id='word_1_1384' title='bbox 1256 3139 1338 3164; x_wconf 72' lang='lat' dir='ltr'>odium</span> <span class='ocrx_word' id='word_1_1385' title='bbox 1356 3140 1511 3172; x_wconf 54' lang='lat' dir='ltr'>concitatur]</span> 
     </span>
     <span class='ocr_line' id='line_1_145' title="bbox 1164 3171 1925 3211; baseline -0.005 -9"><span class='ocrx_word' id='word_1_1386' title='bbox 1164 3172 1236 3202; x_wconf 75' lang='lat' dir='ltr'>tusus</span> <span class='ocrx_word' id='word_1_1387' title='bbox 1247 3176 1374 3203; x_wconf 68' lang='lat' dir='ltr'>Imitatur.</span> <span class='ocrx_word' id='word_1_1388' title='bbox 1395 3171 1517 3204; x_wconf 77' lang='lat' dir='ltr'>Lambini</span> <span class='ocrx_word' id='word_1_1389' title='bbox 1530 3175 1615 3204; x_wconf 81' lang='lat' dir='ltr'>editio</span> <span class='ocrx_word' id='word_1_1390' title='bbox 1625 3176 1698 3211; x_wconf 85' lang='lat' dir='ltr'>prior</span> <span class='ocrx_word' id='word_1_1391' title='bbox 1711 3194 1719 3208; x_wconf 83' lang='lat'><em>‚</em></span> <span class='ocrx_word' id='word_1_1392' title='bbox 1728 3176 1775 3202; x_wconf 78' lang='lat' dir='ltr'>odio</span> <span class='ocrx_word' id='word_1_1393' title='bbox 1785 3177 1925 3201; x_wconf 76' lang='lat' dir='ltr'>concitatur.</span> 
     </span>
    </p>
   </div>
   <div class='ocr_carea' id='block_1_22' title="bbox 1629 3209 2124 3239">
    <p class='ocr_par' dir='ltr' id='par_1_22' title="bbox 1629 3209 2124 3239">
     <span class='ocr_line' id='line_1_146' title="bbox 1629 3209 2124 3239; baseline -0.006 -3"><span class='ocrx_word' id='word_1_1394' title='bbox 1629 3215 1654 3239; x_wconf 64' lang='grc' dir='ltr'>υ</span> <span class='ocrx_word' id='word_1_1395' title='bbox 2007 3216 2016 3234; x_wconf 85' lang='lat'>1</span> <span class='ocrx_word' id='word_1_1396' title='bbox 2025 3226 2030 3233; x_wconf 94' lang='lat'>.</span> <span class='ocrx_word' id='word_1_1397' title='bbox 2040 3209 2091 3232; x_wconf 77' lang='lat' dir='ltr'>&#39;Pur</span> <span class='ocrx_word' id='word_1_1398' title='bbox 2096 3213 2124 3233; x_wconf 67' lang='lat' dir='ltr'>a·-</span> 
     </span>
    </p>
   </div>
   <div class='ocr_carea' id='block_1_23' title="bbox 1535 3134 2123 3173">
    <p class='ocr_par' dir='ltr' id='par_1_23' title="bbox 1535 3134 2123 3173">
     <span class='ocr_line' id='line_1_147' title="bbox 1535 3134 2123 3173; baseline -0.01 -7"><span class='ocrx_word' id='word_1_1399' title='bbox 1535 3138 1615 3166; x_wconf 81' lang='lat' dir='ltr'>Haud</span> <span class='ocrx_word' id='word_1_1400' title='bbox 1635 3138 1704 3166; x_wconf 80' lang='lat' dir='ltr'>secus</span> <span class='ocrx_word' id='word_1_1401' title='bbox 1721 3138 1789 3165; x_wconf 78' lang='lat' dir='ltr'>Pall.</span> <span class='ocrx_word' id='word_1_1402' title='bbox 1801 3138 1895 3173; x_wconf 73' lang='lat' dir='ltr'>quippe</span> <span class='ocrx_word' id='word_1_1403' title='bbox 1906 3138 1988 3164; x_wconf 77' lang='lat' dir='ltr'>Grev.</span> <span class='ocrx_word' id='word_1_1404' title='bbox 1999 3136 2027 3161; x_wconf 69' lang='lat'>8&lt;</span> <span class='ocrx_word' id='word_1_1405' title='bbox 2037 3134 2123 3170; x_wconf 80' lang='lat' dir='ltr'>primo</span> 
     </span>
    </p>
   </div>
   <div class='ocr_carea' id='block_1_24' title="bbox 2128 1447 2139 1473">
    <p class='ocr_par' dir='ltr' id='par_1_24' title="bbox 2128 1447 2139 1473">
     <span class='ocr_line' id='line_1_148' title="bbox 2128 1447 2139 1473; textangle 90"><span class='ocrx_word' id='word_1_1406' title='bbox 2128 1447 2139 1473; x_wconf 58' lang='lat' dir='ltr'>ke</span> 
     </span>
    </p>
   </div>
  </div>
 </body>
</html>
