2297 3389
654 140 962 188 ORArto
1020 155 1156 189 eno
1211 142 1265 189 L.
1312 142 1688 206 Fri-acco„

151 227 227 262 disse
242 229 394 262 dixerunt.
416 223 579 267 opastores
590 242 600 260 ‚
619 224 721 256 nescio
740 233 816 267 quos
826 243 835 258 ‚
855 224 981 265 cupidos
998 225 1111 256 littera-

152 282 253 303 rarum
265 282 271 302 :
290 269 435 312 fiquidem
453 268 532 302 nihil
547 266 612 298 istis
621 286 630 302 ‚
650 276 756 308 praeter
766 268 875 298 litteras
885 286 894 301 ‚
915 265 1110 297 abstulerunt.

152 315 212 346 Sed
222 313 303 345 aliud
312 311 369 343 efle
377 310 469 341 causae
478 310 664 350 suspicamur
672 329 681 344 ,
691 320 730 340 ne
739 308 819 340 forte
828 308 876 339 isti
886 318 991 349 parum
1001 309 1111 339 versuti

151 354 213 388 effe
222 355 386 386 videantur.
407 355 500 383 Poena
516 351 560 383 est
570 372 580 386 .
599 360 633 382 ut
648 355 777 393 opinor,
799 355 810 371 ¹
821 348 1036 391 Dorylensium
1044 359 1111 391 gra-

152 399 239 432 vior,
280 395 349 426 uam
358 394 433 435 apud
443 394 518 424 alios
527 414 536 428 ‚
558 393 699 425 falsarum
712 415 720 429 ‚
741 394 773 425 δε
782 401 987 433 corruptarum
996 392 1111 422 littera-

151 449 231 471 rum.
284 447 364 468 veras
373 434 573 477 protulissent,
583 438 722 467 criminis
732 436 811 467 nihil
821 444 895 466 erat:
910 433 1036 467 fifalsas,
1049 442 1110 464 erat

150 489 251 521 poena.
274 478 474 510 belliffimum
489 487 632 518 putarunt
640 498 649 513 ‚
673 478 772 509 dicere
789 475 915 508 amiflas.
946 476 1110 516 Qiescant

150 524 243 563 igitur
255 541 264 554 ‚
284 521 318 552 &
326 530 377 552 me
386 521 445 552 hoc
455 522 485 550 in
494 521 570 550 lucro
577 529 673 562 ponere
683 542 692 555 ,
713 529 799 562 atque
809 519 889 550 aliud
899 528 982 560 agere
991 519 1107 558 patian-

150 572 206 603 tur.
231 565 307 594 Non
320 561 429 594 smum.
453 563 569 605 supplet
581 565 666 593 enirn
684 564 736 593 ille
746 563 847 593 nescio
856 562 922 603 quis
934 580 943 594 2
964 560 997 591 &
1005 561 1107 601 priva-

151 606 209 636 tim
227 604 302 635 dicit
316 605 346 635 se
363 603 485 636 dedisse.
512 608 581 636 Hoc
596 605 670 636 verb
688 604 759 636 ferri
779 604 869 634 nullo
885 601 981 632 modo
998 600 1105 642 potest.

149 650 165 668 ²
175 648 236 685 Qui
246 646 283 677 de
293 647 401 678 tabulis
409 647 540 687 publicis
549 649 649 678 recitat
658 667 666 682 ‚
680 649 717 677 iis
725 667 734 682 ,
746 656 812 688 quae
823 647 855 675 in
866 644 1040 675 accusatoris
1048 652 1106 684 po-

149 688 252 720 testate
261 688 385 720 fuerunt
395 709 404 723 ,
415 699 480 720 non
489 689 578 720 debet
586 689 692 720 habere
700 688 907 719 aud-{toritatem
919 695 925 715 :
943 685 993 715 sed
1004 693 1105 715 tamen

142 730 296 771 judicium
314 729 379 762 fieri
396 731 531 765 videtur,
552 731 625 762 cum
642 731 748 761 tabulae
765 729 824 759 illae
843 728 911 768 ipsae
922 747 931 761 ,
946 727 1104 768 cujusque-

146 772 236 803 modi
245 772 323 807 sum,
332 773 535 814 proferuntur.
555 772 626 803 cum
634 770 708 802 vero
716 773 752 805 is,
763 779 855 816 quem
866 778 960 799 nemo
969 767 1104 799 vestrum

146 813 227 845 vidit
235 824 379 856 umquam
391 828 400 851 3
415 825 520 849 nemo,
531 816 582 855 qui
593 813 727 844 mortalis
736 810 819 845 estet,
833 811 966 842 audivit:
983 809 1103 841 tantum

147 856 241 890 dicit,
263 866 343 887 mem
358 867 362 885 :
384 856 542 889 dubitatis,
558 855 677 895 judices
688 874 697 888 ‚
717 856 794 896 quin
802 853 838 884 ab
848 851 1103 894 hocignotiffimo

143 898 259 939 Phryge
269 897 494 930 nobilissimum
503 899 604 928 civem
612 896 784 928 vindicetis.
807 898 905 936 Atque
915 896 984 925 huic
999 894 1101 925 eidem

143 949 241 980 nuper
259 949 316 970 tres
334 941 446 980 equites
464 940 600 970 Romani
618 937 738 969 honesti
753 958 762 971 ‚
784 937 816 968 &
833 946 935 979 graves
945 956 954 971 ‚
973 935 1044 967 cum
1067 940 1099 967 in

145 982 229 1013 causa
244 981 361 1012 liberali
373 991 443 1011 eum
455 1000 464 1015 ‚
485 983 538 1022 qui
547 979 722 1011 afferebatur
730 1000 739 1013 ,
758 990 794 1010 co
816 988 920 1009 natum
937 979 1024 1009 suum
1044 977 1101 1008 este

144 1023 273 1055 diceret,
293 1032 357 1053 non
365 1022 563 1054 crediderunt.
590 1025 603 1050 3
616 1021 677 1062 Qi
687 1022 744 1053 hoc
752 1023 873 1055 evenit,'
884 1029 936 1054 ut,
953 1022 1006 1061 qui
1017 1020 1101 1051 locu·

141 1065 207 1106 ples
216 1063 296 1095 testis
307 1064 421 1095 doloris
432 1084 441 1098 .
457 1064 693 1105 &fhnguiniasni
703 1074 768 1094 non
777 1063 868 1094 fuerit
876 1083 885 1097 ‚
899 1062 982 1093 idem
993 1060 1027 1092 fit
1036 1071 1102 1104 gra-

141 1107 189 1137 vis
206 1104 310 1136 auEtor
324 1107 444 1147 injuriae
461 1106 609 1147 publicae?
629 1109 726 1147 Atque
744 1107 794 1136 hic
812 1103 988 1145 Dorylensis
1006 1114 1102 1145 nuper

141 1147 215 1179 cum
225 1146 378 1179 efferretur
387 1158 495 1190 magna
503 1147 678 1189 frequentia,
691 1146 884 1188 conseffuque
893 1145 1002 1181 vestro,
1017 1156 1098 1177 mor-

139 1191 179 1221 tis
189 1190 274 1219 illius
287 1190 436 1221 invidiam
446 1193 479 1221 in
488 1192 526 1221 L.
539 1191 680 1221 Flaccum
690 1188 801 1220 Laelius
812 1187 994 1219 conferebat.
1018 1190 1101 1219 Facis

141 1230 255 1272 injuste
265 1251 274 1265 ‚
293 1232 370 1262 Laeli
380 1252 388 1265 ‚
407 1231 426 1262 fi
442 1241 526 1273 putas
538 1232 673 1273 periculo
686 1230 790 1263 nostro
800 1233 902 1262 vivere
912 1239 979 1261 tuos
989 1238 1100 1261 contu-

143 1273 292 1304 bernaleis
303 1294 311 1307 ‚
332 1275 520 1314 4praesertim
539 1272 622 1315 quod
640 1282 690 1304 tua
706 1284 744 1304 ne
767 1274 888 1314 ligentia
896 1271 1011 1303 fastum
1021 1272 1099 1303 arbi-

141 1322 266 1345 tremur.
290 1316 414 1346 homini
424 1318 509 1346 enim
519 1317 645 1357 Phrygi,
660 1318 712 1356 qui
722 1326 751 1346 ar
774 1324 859 1345 orem
870 1313 919 1344 fici
931 1324 1099 1355 numquam

139 1355 263 1388 vidiffet
272 1376 282 1390 2
295 1356 429 1388 fiscinam
441 1356 568 1388 ficorum
578 1356 715 1396 objecisti
728 1367 734 1386 ε
749 1358 835 1396 cujus
847 1365 929 1386 mors
947 1364 976 1386 te
993 1366 1031 1387 ex
1043 1357 1098 1387 ali-

141 1408 200 1439 qua
208 1407 287 1438 parte
294 1399 450 1430 relevavit.
473 1400 581 1428 edacem
592 1400 677 1429 enim
694 1399 824 1438 hospttem
838 1397 968 1429 amisisti.
994 1398 1099 1428 Flacco

141 1438 216 1471 vero
225 1439 298 1481 quid
308 1440 423 1480 profuit
431 1461 439 1475 ‚
457 1442 510 1482 qui
525 1440 623 1471 valuit
634 1440 749 1471 tamdiu
760 1461 768 1475 ‚
787 1441 862 1471 dum
873 1441 931 1470 huc
938 1439 1071 1480 prodiret
1084 1443 1094 1469 ?

140 1490 281 1512 mortuus
290 1481 345 1516 est,
358 1482 453 1514 aculeo
459 1485 523 1525 jam
534 1481 669 1517 dimiffo,
682 1493 715 1513 ac
724 1482 808 1513 dieto
819 1481 996 1513 testimonio
1008 1484 1018 1511 ?
1033 1485 1048 1509 ἴ
1056 1485 1099 1513 Ut

141 1522 220 1554 istud
230 1523 375 1555 columen
384 1523 514 1556 actionis
523 1532 580 1555 tuae
590 1544 600 1559 ‚
619 1524 826 1559 Mithridates,
845 1523 1038 1565 posteaquam
1049 1524 1096 1554 bi-

140 1564 238 1596 duum
247 1575 378 1597 retentus
389 1566 471 1598 testis
480 1566 497 1597 a
506 1566 596 1597 nobis
606 1585 615 1600 ‚
627 1565 734 1598 effudit
744 1587 753 1600 ,
772 1577 839 1608 quae
847 1567 946 1597 voluit
956 1585 965 1600 ‚
977 1567 1096 1601 omnia;

138 1608 335 1648 reprehensus
344 1628 353 1642 ‚
364 1607 526 1639 convietus
534 1629 543 1642 ‚
554 1607 723 1650 fra&usque
732 1607 859 1643 discessit
870 1628 878 1642 ‚
890 1606 1022 1638 ambulat
1031 1619 1096 1637 cum

141 1648 228 1680 lorica
236 1660 248 1677 .-
258 1652 369 1681 metuit
378 1651 474 1681 homo
483 1650 601 1685 doetus,
613 1651 646 1680 &
654 1651 782 1691 sapiens,
791 1661 830 1681 ne
842 1653 877 1681 L.
887 1651 1006 1681 Flaccus
1015 1660 1097 1681 nunc

140 1691 248 1722 scelere
258 1691 287 1722 se
296 1692 397 1733 alliget
406 1711 415 1727 ‚
438 1691 510 1723 cum
518 1694 582 1732 jam
592 1691 698 1723 testem
707 1693 797 1723 illum
808 1691 937 1733 effugere
952 1702 1018 1723 non
1027 1693 1096 1733 pos-

139 1731 174 1763 s1t
186 1744 192 1762 :
206 1742 256 1767 ut,
269 1735 397 1774 quiante
406 1733 524 1765 dicium
533 1734 747 1765 testimonium
758 1734 811 1765 fibi
823 1736 995 1776 temperarit
1003 1754 1012 1768 ‚
1023 1733 1095 1765 cum

139 1782 244 1806 tamen
251 1776 365 1816 aliquid
375 1774 486 1819 assequi
495 1774 590 1818 poss'et
599 1796 608 1811 ‚
629 1778 655 1807 is
665 1777 787 1808 nuncid
798 1786 860 1819 agat
870 1797 879 1811 ‚
898 1786 932 1807 ut
941 1776 977 1807 ad
986 1775 1095 1807 falsum

138 1817 269 1847 avaritiae
279 1816 489 1849 testimonium
502 1839 511 1853 ,
529 1828 637 1850 verum
652 1820 744 1850 etiam
760 1817 903 1850 maleficii
916 1820 1033 1849 crimen
1044 1818 1097 1849 ad-

81 1860 120 1895 18
138 1858 256 1899 jungat.
276 1858 335 1890 Sed
350 1859 387 1890 de
404 1861 464 1891 hoc
475 1859 564 1895 teste,
585 1858 735 1902 ⁶totoque
745 1861 951 1892 Mithridatico
960 1859 1098 1891 disseruit

142 1900 177 1931 &
187 1899 351 1936 subtiliter,
372 1902 405 1933 δε
421 1902 543 1943 copiose
558 1904 598 1941 Q.
612 1901 787 1933 Hortensius
800 1913 807 1932 :
824 1912 882 1933 nos
893 1922 901 1937 ‚
921 1901 1097 1933 utinstitui·

139 1951 227 1976 mus,
248 1941 284 1972 ad
298 1942 410 1984 reliqua
424 1952 592 1985 pergamus.
613 1946 708 1984 Caput
715 1943 759 1974 est
767 1946 910 1975 omnium
922 1947 1097 1975 Graecorum

136 1983 387 2014 concitandorum
396 2004 405 2018 ,
423 1987 475 2025 qui
488 1995 560 2016 cum
575 1985 792 2016 accusatoribus
802 1986 883 2016 sedet
891 2005 901 2020 ‚
923 1985 1096 2016 Heraclides

138 2026 192 2055 ille
201 2027 361 2056 Temnites
371 2045 380 2059 ,
391 2027 487 2056 homo
497 2028 618 2066 ineptus
626 2047 635 2059 ‚
648 2026 682 2056 &
693 2027 804 2068 loquax
812 2047 821 2061 ‚
834 2027 883 2058 sed
895 2027 940 2066 (ut
949 2026 1002 2057 fibi
1011 2027 1097 2057 vide-

138 2067 197 2107 tur)
207 2069 246 2097 ita
257 2066 509 2101 doctus‚utetiam
519 2073 534 2097 7
543 2066 709 2108 magistrum
717 2069 842 2099 illorum
852 2069 880 2099 se
890 2067 947 2098 effe
957 2068 1095 2102 dicat:&‚

139 2110 193 2149 qui
203 2110 244 2138 ita
253 2106 287 2138 sit
295 2108 472 2140 ambitiosus
484 2130 492 2144 ,
512 2119 545 2140 ut
555 2119 664 2140 omnes
674 2120 729 2141 vos
739 2129 749 2144 ,
761 2111 875 2152 nosque
883 2110 1020 2152 quotidie
1029 2120 1098 2150 per·

138 2150 254 2180 stlutet.
279 2153 394 2180 Temni
409 2152 501 2192 usque
516 2151 552 2182 ad
566 2151 649 2182 illam
663 2160 781 2182 aetatem
795 2154 828 2182 in
841 2153 977 2183 senatum
991 2154 1097 2183 venire

134 2201 201 2222 non
209 2193 311 2232 potuit
321 2201 327 2220 :
347 2192 381 2222 &
390 2212 400 2226 ,
418 2197 470 2234 qui
480 2194 509 2224 se
519 2202 613 2224 artem
622 2193 744 2224 dicendi
755 2194 933 2225 traditurum
943 2195 1036 2225 etiam
1047 2204 1095 2224 ce-

135 2235 206 2264 teris
223 2232 416 2273 profiteatur,
435 2235 498 2276 ipse
508 2234 840 2276 omnibusturpiffimis
850 2236 973 2275 judiciis
987 2237 1095 2266 convi-

135 2274 204 2305 ἕως
221 2274 274 2305 est.
298 2277 361 2305 Pari
376 2275 518 2307 felicitate
533 2276 712 2317 unalegatus
723 2277 1002 2309 venitNicomedes
1012 2297 1020 2311 ‚
1041 2279 1095 2319 qui

135 2326 235 2358 neque
244 2318 277 2347 in
287 2317 419 2347 senatum
429 2319 490 2349 ulla
496 2319 674 2349 conditione
680 2321 838 2359 pervenire
846 2321 946 2360 potuit
957 2339 967 2353 ‚
987 2319 1020 2349 &
1027 2318 1093 2349 fur-

134 2360 177 2392 ti,
213 2358 246 2389 &
263 2368 318 2400 pro
337 2359 419 2390 socio
431 2359 590 2392 damnatus
611 2359 663 2391 est.
696 2363 778 2392 Nam
787 2363 924 2401 princeps
934 2362 1093 2402 legationis

135 2400 287 2440 Lysanias‚
299 2400 422 2441 adeptus
432 2401 475 2433 est
483 2403 623 2433 ordinem
634 2402 816 2433 senatorium
828 2413 834 2432 ;
848 2403 897 2433 sed
907 2402 980 2434 cum
990 2413 1087 2444 remp,

131 2440 256 2472 nimiam
264 2441 474 2484 amplesteretur
481 2464 492 2481 ‚
499 2445 653 2486 peculatus
662 2444 819 2478 damnatus
828 2465 838 2481 ‚
850 2446 884 2477 &
894 2445 973 2477 bona
982 2464 991 2480 ,
1003 2445 1036 2476 &
1046 2446 1092 2476 se-

171 2580 181 2598 ι
189 2591 195 2598 .
214 2573 365 2607 Dorylensium
376 2574 504 2609 gravium]
523 2574 685 2601 Vetustiores
695 2575 790 2607 Dmssai
801 2593 809 2605 ‚
830 2583 915 2609 neque
933 2573 1012 2600 aliter
1022 2573 1092 2601 Pall.

131 2607 160 2634 &
170 2609 198 2635 S.
208 2608 325 2635 vneror-is
338 2628 346 2640 ‚
358 2618 417 2637 nam
429 2611 509 2637 Grut.
520 2611 615 2644 Dovyli‘i.
635 2618 667 2635 an
679 2608 732 2636 fuit
743 2611 753 2636 ?
770 2612 905 2644 Dorylaum.

169 2652 198 2670 2.
216 2669 225 2676 ⁸
240 2648 264 2670 ui
273 2645 299 2670 de
308 2647 499 2679 zahuhepublieis
508 2665 516 2678 ,
525 2647 592 2680 ὼε]
605 2645 673 2672 Pall.
685 2645 743 2672 fere
754 2665 763 2678 ,
780 2649 840 2680 quia
850 2646 876 2671 de
886 2645 975 2671 rabulis
987 2665 995 2678 ‚
1016 2645 1094 2673 restat

131 2679 212 2707 etiam
223 2681 249 2707 in
261 2680 303 2707 ed.
314 2681 409 2709 veteri.
422 2689 449 2709 at
459 2683 593 2709 Henricus
604 2682 749 2718 Stephanus
760 2681 851 2719 prodit
864 2689 998 2718 repertum
1010 2681 1054 2708 sibi
1065 2683 1092 2709 in

131 2716 216 2743 veteri
228 2716 288 2743 cod.
306 2720 364 2752 quia
373 2720 415 2753 qm·
433 2718 459 2744 de
475 2719 575 2745 rabulis.
594 2718 652 2745 ficri
662 2718 758 2755 potest.
777 2717 820 2744 sed
831 2727 883 2746 non
894 2717 956 2745 ideo
966 2717 1093 2746 sollicita-

134 2760 224 2780 veram
237 2761 379 2789 receptam.

167 2797 194 2824 3.
214 2790 265 2824 Q?
274 2791 313 2815 hoc
323 2792 412 2821 evenit,
422 2796 449 2815 m
457 2791 500 2825 qui
510 2809 518 2822 ‚
527 2790 598 2824 dre]
615 2790 779 2817 Gulielmius
791 2789 911 2817 tentabat
922 2809 929 2822 ‚
943 2792 1059 2817 convenit.

163 2833 192 2857 4.
210 2826 342 2859 'Praefi-rtim
351 2826 412 2860 quod
418 2833 462 2852 ma
470 2823 608 2860 negligentia
610 2828 706 2860 faHum
715 2827 887 2860 arbitremur]
909 2828 936 2853 S.
947 2826 1064 2853 Vi&oris
1077 2846 1086 2858 ‚

2033 154 2135 205 427

1167 225 1320 256 natorium
1333 235 1451 258 nomen
1460 225 1569 259 amifit.
1593 228 1637 259 Hi
1652 233 1711 259 tres
1727 225 1818 259 etiam
1834 225 1926 259 aerarii
1939 224 2033 257 nostri
2044 227 2131 259 tabu-

1162 265 1205 296 las
1213 266 1299 298 falsas
1311 267 1369 299 effe
1379 270 1548 300 voluerunt.
1570 280 1641 301 nam
1653 270 1754 301 servos
1762 280 1878 300 novem
1888 269 1917 300 se
1926 266 2048 309 profeffi
2058 269 2127 300 sunt

1160 308 1268 339 habere
1282 329 1293 343 .
1309 308 1381 340 cum
1393 313 1525 342 omnino
1535 311 1596 343 fine
1606 314 1718 343 comite
1727 310 1888 343 venifl'ent.
1910 314 2043 342 Decreto
2053 310 2124 341 scri-

1160 347 1261 380 bendo
1271 351 1408 390 primurn
1418 353 1507 384 video
1517 352 1632 384 affuiss'e
1642 355 1803 395 Lysaniam
1814 355 1914 394 :cujus
1922 352 2019 384 fratris
2027 351 2121 385 bona„

1160 389 1244 437 quod
1263 394 1289 421 is
1305 394 1420 434 populo
1434 405 1497 425 non
1509 396 1660 430 solvebat,
1680 405 1804 437 praetore
1815 397 1919 427 Flacco
1935 393 2057 436 publice
2068 403 2121 424 ve-

1159 441 1292 479 nierunt.
1314 444 1453 480 praeterea
1463 437 1618 479 Philippus
1626 458 1635 472 ,
1658 438 1701 469 est
1712 438 1848 478 Lysaniae
1866 447 1973 480 gener,
1997 436 2030 467 &
2040 437 2120 467 Her-

1161 473 1284 504 mobius
1296 484 1302 503 τ
1312 477 1359 513 cuj
1364 486 1397 506 us
1406 479 1493 508 trater
1503 481 1588 510 Poles
1599 499 1608 514 ‚
1620 482 1695 510 item
1705 483 1841 520 pecunia:
1851 480 1979 521 publicae
1989 477 2032 509 est
2042 487 2117 509 con-

1159 514 1330 546 demnatus.
1345 519 1462 549 Dicunt
1471 520 1498 549 se
1509 521 1625 554 Flacco,
1637 522 1670 552 δε
1680 524 1729 556 iis,
1739 524 1791 563 qui
1801 521 1889 553 simul
1899 520 2002 554 essent,
2014 520 2117 552 drach·
2140 522 2182 557 {9

1158 566 1277 587 marum
1287 568 1337 588 xv.
1347 560 1443 590 millia
1452 560 1577 591 dedisse.
1600 558 1614 582 8
1624 566 1702 593 Cum
1713 566 1831 595 civitate
1842 565 1921 594 mihi
1928 573 1974 594 res
1984 561 2027 593 est
2034 572 2116 593 acer-

1157 600 1233 629 rima
1244 619 1253 633 ,
1269 599 1303 630 δε
1313 599 1550 640 conficicnrzffima
1559 604 1723 635 litterarum
1735 617 1743 639 ·,
1762 608 1792 636 in
1803 617 1861 647 qua
1870 614 2017 637 nummus
2027 613 2117 635 corn-

1156 643 1276 671 moveri
1286 642 1390 673 nullus
1399 643 1495 683 potest
1506 642 1565 674 fine
1575 647 1707 686 quinque
1717 648 1894 687 praetoribus
1903 668 1911 682 ‚
1926 647 2023 678 tribus
2031 656 2117 688 quae«

1157 681 1300 718 storrbus,
1310 693 1450 725 quattuor
1459 687 1628 720 mensariis,
1636 690 1687 728 qui
1698 689 1773 727 apud
1783 690 1852 719 illos
1862 690 1877 720 a
1887 689 2002 731 populo
2011 697 2113 719 creari*

1155 731 1210 754 tur.
1235 728 1283 756 Ex
1302 727 1361 757 hoc
1378 735 1461 757 tanto
1477 738 1607 758 numero
1621 728 1767 759 deduffirs
1783 730 1825 760 est
1835 741 1945 761 nemo·
1967 731 2018 765 ἃς,
2036 730 2110 761 cum

1153 766 1239 796 illam
1254 769 1413 808 pecuniam
1429 771 1614 800 nominatim
1624 771 1728 801 Flacco
1737 770 1835 802 datam
1846 772 1989 803 referant:
2011 773 2111 811 majo*

1153 817 1217 838 rem
1237 812 1326 840 etiam
1340 810 1428 841 aliam
1441 810 1512 841 cum
1524 812 1595 842 huic
1609 812 1702 842 iidem
1711 812 1816 843 darent
1826 833 1835 846 .
1854 816 1886 844 in
1895 816 1992 844 aedem
2001 815 2112 845 sacrant

1152 847 1346 882 reficiendam
1357 872 1366 886 ,
1385 853 1413 883 se
1423 852 1616 894 perscripsisse
1627 853 1748 884 dicunt:
1765 854 1846 895 quod
1858 857 1989 886 minime
1997 865 2111 886 conve*

1151 893 1209 922 nit.
1232 903 1305 924 nam
1321 902 1371 925 aut
1382 896 1490 925 onmia
1502 894 1608 925 occulte*
1619 895 1773 927 referenda
1786 895 1925 930 fuerunt,
1946 905 1995 927 aut
2012 897 2112 937 aperte

1150 936 1263 966 omnia.
1286 934 1358 966 cum
1369 936 1556 977 perscribunt
1565 939 1751 968 nominatim
1760 938 1879 969 Flacco:
1901 939 2111 973 nihiltimenr,²

1150 976 1229 1006 nihil
1242 987 1391 1008 verentur.
1415 977 1488 1009 cum
1498 981 1580 1020 operi
1590 980 1714 1020 publico
1723 979 1873 1010 referunt:
1893 980 1987 1010 iidem
2005 982 2108 1010 horni-

1149 1027 1203 1048 nes
1223 1019 1324 1050 subito
1341 1020 1492 1055 eundem,
1513 1032 1605 1062 quem
1624 1022 1865 1055 contemserant,
1885 1021 2109 1062 pertimescunt„

1148 1061 1178 1090 Si
1198 1070 1308 1100 praetor
1326 1061 1426 1096 dedit,
1445 1071 1480 1093 ut
1497 1063 1541 1094 est
1557 1064 1716 1104 scriptum:
1739 1064 1756 1095 a
1770 1063 1919 1105 quaestore
1930 1065 2108 1094 numeravit:

1148 1101 1278 1142 quaestor
1286 1103 1302 1134 a
1311 1105 1414 1135 mensa
1423 1105 1541 1145 publica
1552 1116 1558 1135 :
1570 1107 1673 1137 mensa
1681 1115 1731 1137 aut
1739 1116 1778 1136 ex
1787 1105 1936 1149 vestigali‚
1950 1114 1999 1136 aut
2008 1115 2046 1135 ex
2055 1107 2109 1135 tri·

1149 1143 1232 1175 buto.
1256 1147 1435 1187 Numquam
1446 1148 1501 1177 erit
1514 1146 1593 1178 istud
1604 1146 1700 1178 simile
1711 1150 1868 1180 criminis.
1888 1146 1945 1178 nifi
1962 1148 2042 1177 mihi
2062 1155 2109 1176 to*

1147 1193 1210 1216 tarn
1225 1189 1376 1218 rationem
1395 1190 1485 1219 omni
1501 1189 1535 1220 &
1547 1190 1739 1229 personarum
1749 1199 1854 1231 genere
1864 1210 1872 1224 ‚
1894 1189 2105 1220 &litterarum

1146 1229 1322 1268 explicaris:
1340 1230 1390 1260 vel
1402 1251 1410 1264 ,
1430 1231 1512 1272 quod
1523 1232 1566 1262 est
1576 1234 1609 1262 in
1617 1232 1726 1262 eodem
1738 1232 1857 1262 decreto
1867 1232 2009 1272 scriptum
2021 1250 2030 1265 ‚
2047 1231 2107 1261 ho*

1149 1273 1249 1301 mines
1266 1270 1444 1303 clariffimos
1461 1275 1589 1304 civitatis
1600 1294 1609 1306 ,
1629 1273 1825 1315 ampliss'imis
1840 1274 1909 1304 usos
1923 1272 2107 1307 honoribus,

1148 1312 1207 1342 hoc
1218 1321 1343 1353 praetore
1351 1316 1584 1346 circumventos.
1606 1325 1658 1346 cur
1668 1318 1700 1346 hi
1711 1326 1807 1357 neque
1820 1316 1853 1346 in
1861 1315 1977 1355 judicio
1987 1314 2106 1348 adsunt,

1146 1364 1245 1396 neque
1263 1357 1296 1385 in
1314 1356 1434 1388 decreto
1443 1360 1664 1388 nominantur?
1679 1368 1745 1388 non
1754 1359 1839 1388 enim
1848 1357 1939 1387 credo
1949 1354 2108 1397 significan

1147 1395 1205 1426 isto
1214 1397 1284 1427 loco
1292 1398 1385 1428 illum
1397 1418 1406 1432 ,
1417 1399 1508 1440 quise
1517 1401 1621 1440 erigit,
1635 1399 1837 1430 Heraclidem.
1861 1407 1964 1429 utrum
1974 1400 2058 1428 enim
2070 1401 2103 1428 in

1141 1437 1310 1470 clariflimis
1319 1439 1362 1470 est
1370 1441 1489 1471 civibus
1501 1443 1526 1471 is
1538 1461 1546 1475 ,
1567 1451 1660 1482 quem
1676 1441 1846 1482 judicatum
1863 1441 1914 1471 hic
1923 1440 2013 1471 duxit
2024 1442 2103 1470 Her-

1144 1482 1287 1521 mippus?
1305 1483 1358 1522 qui
1369 1483 1446 1513 hanc
1455 1482 1549 1523 ipsam
1559 1483 1728 1524 legationem
1737 1503 1746 1517 ‚
1760 1493 1852 1525 quam
1862 1482 1968 1516 habet,
1980 1491 2045 1512 non
2055 1491 2104 1512 ac-

1143 1525 1223 1563 cepit
1240 1522 1256 1553 ὲ
1272 1524 1333 1554 suis
1348 1524 1465 1555 civibus
1475 1544 1484 1558 ‚
1502 1525 1550 1556 sed
1562 1526 1652 1566 usque
1663 1526 1781 1556 Tmolo
1791 1526 1920 1566 petivit?
1937 1526 1987 1555 cui
1997 1523 2101 1554 nullus

1144 1565 1244 1595 honos
1258 1566 1293 1596 in
1311 1565 1362 1596 sua
1376 1567 1496 1597 civitate
1513 1567 1630 1597 habitus
1646 1566 1690 1598 est
1707 1577 1865 1608 umquam.
1888 1575 1934 1597 res
1943 1573 2043 1597 autem
2054 1575 2100 1599 ea,

1141 1616 1208 1648 quae
1217 1606 1397 1638 tenuiffimis
1406 1608 1672 1642 committebatur,
1685 1610 1755 1640 huic
1766 1610 1821 1639 uni
1832 1611 1864 1638 in
1873 1609 1935 1639 vita
1942 1606 2105 1639 comrmss't

1142 1649 1205 1679 sola
1214 1648 1265 1679 est,
1287 1649 1399 1684 custos,
1412 1652 1452 1681 Τ.
1464 1649 1590 1681 Aufidio
1599 1659 1721 1690 praetore
1732 1671 1741 1684 ‚
1759 1649 1918 1681 frumento
1925 1649 2049 1691 publico
2058 1648 2102 1680 est

1142 1689 1264 1732 positus.
1287 1701 1341 1732 pro
1358 1702 1420 1733 quo
1437 1690 1509 1723 cum
1519 1692 1536 1724 a
1549 1695 1580 1723 P.
1592 1694 1705 1724 Varino
1716 1701 1840 1734 praetore
1849 1693 2010 1733 pecuniam
2020 1701 2102 1722 acce—

1143 1731 1247 1773 piss'et:
1267 1734 1374 1764 celavit
1391 1735 1461 1765 suos
1479 1737 1592 1768 civeis,
1616 1735 1756 1777 ultroque
1775 1736 1814 1765 iis
1832 1734 1967 1765 sumtum
1986 1733 2103 1764 intulit.

1143 1774 1235 1817 Qod
1244 1774 1436 1818 posteaquam
1446 1778 1581 1811 Temni,
1598 1777 1704 1808 litteris
1718 1778 1735 1808 a
1744 1779 1775 1808 P.
1787 1777 1901 1807 Varino
1915 1774 2008 1807 miffis
2019 1795 2029 1810 „
2048 1785 2103 1806 co*

1142 1819 1264 1858 gnitum
1276 1837 1285 1852 ,
1303 1827 1392 1859 atque
1403 1818 1586 1859 patefadtum
1597 1818 1657 1849 cst:
1678 1828 1811 1861 cumque
1823 1818 1930 1849 eadem
1947 1817 1986 1849 de
2003 1827 2033 1848 re
2045 1819 2101 1848 Cn.

1143 1860 1292 1890 Lentulus
1303 1879 1312 1895 ,
1322 1862 1375 1901 qui
1385 1862 1488 1892 censor
1497 1861 1575 1896 fuit,
1588 1862 1805 1892 Temnitarum
1814 1868 1957 1901 patronus
1966 1879 1975 1894 ,
1988 1859 2102 1890 litteras

1144 1899 1267 1932 misisset
1285 1913 1291 1931 :
1315 1902 1509 1934 Heraclidem
1529 1902 1621 1934 istum
1642 1905 1758 1934 Temni
1777 1911 1871 1932 nemo
1890 1900 1992 1941 postea
2011 1900 2101 1931 vidit..

1145 1945 1243 1984 Atque
1254 1963 1263 1977 ‚
1287 1952 1321 1974 ut
1338 1945 1404 1984 ejus
1422 1945 1647 1985 impudentiam
1663 1944 1825 1984 perspicere
1833 1942 1965 1984 possitis,
1984 1943 2101 1974 causam

1143 1985 1238 2025 ipsam
1249 2004 1257 2018 ‚
1276 1995 1343 2025 quae
1351 1984 1492 2016 leviffimi
1507 1988 1642 2016 hominis
1652 1987 1793 2016 animum
1801 1986 1836 2015 in
1847 1985 1986 2016 Flaccum
1996 1985 2105 2015 incita-

1143 2028 1208 2059 vit,
1229 2027 1350 2067 quaeso,
1369 2028 1552 2068 cognoscite.
1576 2027 1719 2058 Fundum
1733 2029 1892 2067 Cymaeum
1901 2029 2101 2057 Romaemer-
2123 2030 2169 2056 ΖΘ

1141 2076 1222 2099 catus
1240 2066 1283 2098 est
1301 2067 1339 2098 de
1355 2069 1473 2109 pupillo
1481 2069 1670 2099 Meculonio.
1693 2067 1773 2100 cum
1789 2067 1877 2098 verbis
1889 2069 1920 2109 [ὲ
1937 2068 2102 2109 locupletem

1134 2110 1245 2150 faceret
1253 2129 1261 2143 ,
1274 2109 1396 2140 haberet
1405 2111 1483 2140 nihil
1494 2119 1600 2151 praeter
1610 2110 1693 2141 illam
1708 2111 1941 2151 impudentiam,
1951 2120 2043 2151 quam
2053 2112 2102 2140 vi-

1140 2152 1231 2182 detis:
1249 2153 1410 2192 pecuniam
1420 2151 1523 2182 sumsit
1532 2160 1671 2183 mutuam
1683 2157 1699 2179 9
1711 2151 1726 2183 a
1739 2156 1807 2184 Sex.
1817 2152 1898 2184 stola
1909 2172 1918 2185 .
1927 2151 2030 2192 judice
2041 2153 2100 2182 hoc

1141 2192 1264 2228 nostro,
1282 2195 1426 2233 primario
1434 2196 1501 2224 viro
1510 2214 1520 2228 ,
1538 2194 1634 2235 qui&
1647 2204 1711 2225 rem
1721 2195 1854 2237 agnoscit
1863 2214 1872 2227 .
1886 2203 1985 2235 neque
1995 2194 2101 2224 homi-

1143 2245 1216 2265 nem
1225 2237 1358 2277 ignorat:
1378 2236 1431 2276 qui
1441 2244 1543 2267 tamen
1553 2236 1722 2267 crediditP.
1736 2237 1837 2267 Fulvii
1846 2238 1959 2267 Veratii
1969 2255 1977 2270 ,
1998 2234 2102 2266 1εᾶὶῖ-

1143 2275 1210 2307 fimi
1225 2278 1364 2307 hominis
1375 2297 1384 2310 ‚
1403 2275 1485 2308 fidei.
1508 2279 1536 2308 ei
1554 2276 1627 2308 cuin
1644 2278 1790 2313 solveret,
1812 2275 1915 2309 sumsit
1932 2278 1949 2308 a
1965 2279 1998 2308 C.
2009 2277 2097 2307 &M.

1145 2318 1239 2350 Fufiis
1252 2339 1260 2353 ‚
1289 2319 1440 2360 equitibus
1459 2322 1595 2351 Roman.
1611 2321 1762 2360 primariis
1779 2322 1863 2351 viris.
1887 2321 1948 2350 Hic
1965 2319 2098 2353 hercule,

1142 2360 1245 2391 cornici
1254 2366 1366 2391 oculum
1377 2381 1385 2395 ‚
1398 2370 1431 2392 ut
1440 2361 1559 2392 dicitur.
1583 2372 1654 2392 nam
1664 2363 1745 2392 hunc
1756 2363 1960 2402 Hermippum
1971 2381 1980 2394 ‚
1994 2362 2099 2391 homi—

1141 2413 1214 2433 nem
1224 2403 1377 2434 eruditum
1389 2423 1396 2437 ‚
1412 2405 1513 2434 civem
1525 2404 1610 2434 suum
1622 2424 1632 2437 ‚
1652 2406 1701 2434 cui
1712 2403 1838 2434 debebat
1847 2402 1904 2434 effe
1914 2401 2098 2436 notiffimus.

1148 2444 1328 2486 ¹0percuffic.
1352 2447 1419 2487 ejus
1436 2447 1522 2477 enim
1540 2444 1598 2477 fide
1615 2444 1855 2478 sumfitaFufiis.
1878 2446 2102 2491 Securus'Her-

1972 2495 2096 2528 mippus

1134 2581 1165 2602 ut
1174 2574 1399 2610 quemadmodum
1411 2574 1477 2601 illud
1488 2572 1620 2601 constabat
1628 2582 1662 2600 ex
1671 2572 1776 2608 aliquot
1786 2572 1893 2599 venenis
1904 2570 1980 2598 bonis
1991 2589 2001 2603 ‚
2011 2569 2049 2597 ita
2058 2569 2096 2596 il-

1134 2611 1182 2638 lud
1193 2620 1226 2638 ex
1239 2612 1314 2638 malis
1328 2632 1336 2644 ‚
1348 2613 1402 2638 &c.

1170 2655 1198 2682 7.
1220 2650 1405 2681 fflagzstratum
1415 2645 1532 2680 illorumfi
1542 2646 1583 2680 effi
1591 2645 1683 2680 dican]
1703 2644 1793 2680 Vulgo
1802 2645 1903 2671 aliorum
1913 2662 1923 2676 ,
1941 2641 1985 2671 [ed
2003 2649 2099 2671 contra

1135 2683 1204 2711 Pall.
1216 2684 1245 2709 Sc
1255 2683 1317 2710 edd.
1330 2691 1382 2710 ret.

1170 2719 1186 2746 8
1193 2740 1198 2744 .
1213 2723 1270 2745 Cum
1281 2723 1379 2746 civitate
1390 2720 1446 2744 mihi
1456 2727 1494 2743 res
1503 2720 1539 2744 eft‘
1547 2719 1677 2747 acerm'ma,
1688 2716 1718 2747 ὼ·
1727 2717 1920 2751 conficIcnrfftzta
1927 2715 2092 2749 litterarum]

1132 2755 1241 2782 Habent
1260 2755 1327 2782 istud
1345 2754 1407 2781 edd.
1430 2761 1496 2780 vett.
1516 2754 1580 2780 item
1592 2752 1650 2779 Pal.
1661 2751 1711 2778 sec.
1730 2752 1773 2779 sed
1783 2762 1835 2779 non
1846 2753 1926 2779 etiam
1942 2752 2039 2787 reliqui
2052 2750 2092 2777 ss:-

1130 2799 1203 2828 ptem
1217 2811 1225 2823 ‚
1245 2799 1291 2817 aut
1301 2793 1327 2818 S.
1339 2791 1443 2818 Vhstor.
1464 2791 1495 2816 iis
1506 2791 1576 2817 enim
1587 2788 1670 2815 solum
1681 2788 1751 2816 adest
1761 2798 1812 2814 cum
1822 2791 1921 2814 civitate
1939 2790 1996 2813 mihi
2011 2796 2048 2812 res
2058 2789 2093 2813 εξῑ

1109 2845 1112 2859 ,
1131 2831 1250 2853 acerrima
1260 2830 1405 2854 litterarum.
1426 2828 1507 2853 Grnt.
1518 2825 1642 2861 striptum
1654 2825 1742 2858 babet,
1753 2825 1782 2856 ὁ*
1791 2826 2039 2865 conficienrfflhnarum
2049 2825 2093 2849 lit-

128 2862 252 2894 praefirtim
261 2862 323 2896 quod
329 2869 372 2888 aut
381 2869 424 2888 rua
433 2863 513 2896 neglig.
517 2864 583 2896 faft‘.
593 2864 726 2889 arbitrare.
748 2863 817 2890 Pall.
830 2858 886 2890 fere
898 2862 996 2890 habent
1006 2882 1014 2894 ‚
1027 2863 1090 2898 quod
1108 2862 1110 2887 l
1129 2870 1237 2889 terarum
1248 2882 1256 2894 ,
1268 2863 1389 2891 Turneb.
1400 2862 1447 2889 lib.
1460 2871 1529 2888 xxx.
1541 2859 1681 2888 Adversar.
1694 2871 1750 2898 cap.
1762 2868 1790 2894 4.
1801 2861 1922 2895 conjicit,
1932 2861 1962 2891 (θ’
1971 2862 2093 2894 cwficlffl-

128 2896 193 2922 haud
201 2899 281 2930 neglig.
286 2899 352 2931 fals.
362 2900 518 2930 arbitremur,
528 2897 580 2925 five
590 2900 778 2925 arbitraremur.

164 2940 194 2972 5.
213 2936 242 2958 Ut
258 2935 321 2967 istud
331 2936 430 2960 columen
449 2934 573 2970 aflinnie]
594 2936 640 2975 Ita·
657 2935 713 2961 Pal.
725 2935 773 2962 sec.
786 2942 850 2962 tert.
861 2935 949 2971 quint.
961 2934 1015 2961 051.
1027 2944 1087 2963 nam
1107 2964 1108 2976 ἵ

130 2969 388 3039 ξὲέῐῐζιιὸὲυαηῶεκι.
406 2973 450 2998 Et.
469 2969 557 2999 solnm
568 2970 703 3000 eratillud
713 2973 746 2999 At
758 2991 767 3005 2
788 2971 868 3008 vulgo
884 2979 1019 3009 receptum
1031 2991 1040 3005 ,
1059 2972 1087 2999 in
1107 2979 1108 2982 ¹

1130 2900 1216 2925 darum
1234 2901 1372 2926 litterarum
1391 2900 1574 2932 ddzgentffma5
1594 2897 1664 2933 quod
1681 2897 1819 2934 occupavit
1829 2897 1916 2924 statim
1927 2895 2072 2923 Lambinus
2084 2914 2095 2930 ‚

1128 2937 1219 2973 aitque
1230 2937 1267 2964 ita
1279 2937 1332 2972 legi
1345 2937 1371 2962 in
1384 2935 1473 2961 codice
1484 2936 1530 2970 qui
1541 2935 1576 2961 est
1587 2933 1701 2961 coenobii
1711 2935 1746 2960 D.
1759 2933 1891 2969 Dionyfii.

1162 2981 1193 3008 9.
1215 2976 1255 3001 αἰ
1267 2978 1321 2999 sex.
1332 2972 1423 3005 stola]
1444 2970 1523 2998 Nihil
1544 2970 1678 2997 variabant
1689 2970 1813 2996 meliores
1826 2969 1896 2996 l’all.
1914 2968 1941 2995 in
1953 2968 2000 2994 hac
2011 2975 2092 2995 voce:

1128 3018 1213 3045 neque
1225 3009 1302 3036 aliter
1313 3010 1339 3034 S.
1351 3007 1467 3034 victoris
1481 3026 1489 3037 ‚
1503 3013 1549 3033 aut
1559 3008 1640 3034 Grut.
1651 3014 1728 3034 aritea
1738 3014 1794 3033 erat
1803 3008 1880 3032 scola.
1901 3006 2034 3032 Ceterum
2046 3011 2095 3030 nec

165 3039 193 3064 6.
212 3043 305 3075 ‘toroque
314 3043 507 3078 Minu-Marica]
526 3043 673 3071 Lambinus
683 3042 769 3071 nescio
780 3052 838 3080 quse
848 3043 908 3070 heic
918 3043 1012 3079 adjicit
1024 3064 1032 3077 ,
1043 3044 1085 3070 sed
1105 3054 1107 3070 z
1126 3045 1255 3072 sincerum
1269 3044 1374 3071 videtur
1387 3043 1413 3069 id
1425 3042 1495 3079 qnod
1506 3042 1639 3070 antecedit
1651 3062 1659 3075 ‚
1667 3043 1752 3076 pupillo
1763 3044 1904 3068 Meculonio.
1924 3040 1992 3067 nihil
2003 3048 2094 3080 tamen

127 3082 225 3110 practer
235 3075 315 3104 libros
326 3079 425 3106 nostros
436 3089 445 3110 3
461 3080 487 3106 in
498 3079 592 3116 quibus
604 3089 653 3107 nec
661 3080 820 3116 reperimus,
830 3080 900 3107 illud
911 3084 1007 3107 crimine
1018 3100 1026 3113 ‚
1039 3090 1086 3107 nec
1105 3081 1107 3114 ζ
1122 3082 1218 3116 juvant
1229 3080 1286 3108 mss.
1306 3080 1353 3108 nisi
1363 3079 1434 3116 quod
1445 3079 1509 3116 sept.
1520 3080 1548 3106 &
1561 3079 1617 3106 oa.
1637 3079 1706 3106 Pali.
1722 3080 1802 3112 pupilia
1814 3079 1952 3106 Metulonio.
1971 3086 2004 3104 an
2021 3075 2073 3103 suit
2084 3076 2096 3103 Ξ

129 3112 217 3137 flent.
228 3112 350 3148 Stephani
362 3134 371 3146 ,
380 3117 513 3148 testimonio.
533 3116 590 3144 Pal.
599 3125 641 3152 pr.
651 3116 732 3143 habet
744 3136 752 3149 ‚
763 3123 852 3152 totoque
861 3118 1019 3143 Mithridate.
1035 3116 1087 3144 sec.
1104 3123 1107 3147 2
1127 3121 1158 3144 P.
1171 3118 1313 3144 Meculonio.

126 3147 172 3172 Sed
179 3147 204 3172 da
213 3149 252 3173 hoc
259 3150 381 3189 testimonio
389 3152 566 3179 Mithridatico.
586 3152 635 3180 reli
657 3153 684 3179 ui
693 3153 762 3179 stant
772 3155 788 3180 a
800 3153 917 3188 vulgata.
937 3154 967 3179 &
981 3152 1086 3180 videtur
1103 3160 1106 3193 Ι

124 3182 243 3211 alludere
253 3183 360 3214 Tullius
369 3185 402 3213 ad
410 3186 579 3222 pharmacum
589 3197 624 3225 qu

1166 3152 1355 3187 10.Pe›·cuffit.]
1368 3152 1558 3189 Pantagathus,
1565 3154 1668 3186 perculit
1678 3162 1684 3177 .-
1694 3150 1784 3178 minus
1796 3149 1943 3181 τεᾶὶέμιτεῐιτ
1954 3154 2096 3184 percutere

671 3197 769 3219 nomen
780 3189 890 3219 habebat
900 3188 1065 3219 Mithridatis
1075 3201 1086 3225 ,-
1103 3205 1105 3213 ι
1124 3189 1153 3216 8(
1163 3187 1323 3225 serii-entem
1335 3196 1445 3227 tangere
1456 3189 1579 3218 usitatum
1592 3188 1730 3223 Plauto‚in
1742 3185 2013 3216 circunuentiombus
2027 3183 2095 3208 istis,

1547 3225 1575 3253 Η
1586 3224 1602 3251 ,ῃ
1613 3224 1630 3251 h
1649 3232 1665 3252 2
1975 3229 1998 3248 ι.
2009 3219 2094 3245 Pitho-
