2295 3400
101 368 138 403 18

158 128 256 189 416
562 123 1080 173 M.Tur„211‘

1158 122 1703 169 Cinnani-xis

157 259 234 281 certa
252 251 364 280 ratione
379 268 386 279 .
407 248 530 277 obscura
542 247 639 286 aliqua
655 253 694 274 ex
706 244 789 274 causa
799 247 983 274 excitantur:
1000 246 1008 262 ¹
1023 242 1060 273 sic
1073 245 1105 274 in
1153 240 1264 274 cess'arii
1275 243 1515 283 tibioptabamus
1525 245 1619 284 ‚juris
1629 243 1770 274 dicundi:
1786 246 1818 274 in
1829 253 1883 285 qua
1891 245 2018 284 gloriam
2029 254 2112 275 con-

159 293 214 321 bac
223 292 417 322 comitiorum
431 287 600 329 tempestate
609 287 763 328 populatu
779 286 850 326 saepe
860 286 1008 327 intelligas
1019 305 1027 319 ‚
1042 295 1105 326 quo

160 331 179 361 si
196 342 244 369 ,no
261 339 416 363 commota
434 328 483 360 sit:
503 330 576 370 ssepe
588 331 628 359 ira
637 328 759 358 obscura
772 327 833 360 est,
856 336 889 358 ut
904 327 969 367 cafic
986 329 1111 357 excitata

161 343 220 404 effi·
236 374 376 403 videatur.
398 371 455 403 Sed
472 381 592 403 tamen,
615 368 637 399 si
652 369 694 399 cst
713 369 861 399 reddenda
876 371 967 399 ratio:
987 368 1053 399 duae
1063 379 1108 399 res

162 415 358 444 vehementer
370 415 401 443 in
411 422 534 453 praetuia
543 411 707 442 desiderant:
719 411 784 441 sunt
793 431 801 444 ,
812 421 878 452 quae
887 410 983 441 amb-x
995 420 1026 440 in
1035 420 1110 441 con-

162 456 257 487 sulatu
268 465 332 485 turn
343 457 486 485 Muraenae
496 453 671 494 profuerunt
686 473 694 486 ‚
714 462 772 482 una
782 472 790 486 ‚
812 451 976 492 eispestaria
984 462 1110 485 munem,

160 508 226 537 qua:
238 498 398 527 &rumore
408 496 559 526 nonnullo
568 515 577 529 ‚
591 496 623 525 ἅτ
635 494 754 528 studiis,
772 494 1018 535 sermonibusque
1026 504 1113 524 com—

161 541 326 578 petitorum
345 547 495 568 creverat:
515 538 621 569 altera,
639 535 720 577 quod
739 538 759 565 ii
776 556 784 570 ,
802 545 877 577 quos
896 538 929 566 in
947 537 1112 576 provincia,

161 584 176 600 2
194 590 227 610 ac
246 581 392 622 legatione
411 581 514 609 omnis
533 579 566 610 ὃ(
585 578 766 608 liberalitatis
778 597 786 612 ‚
809 579 842 608 &
860 579 976 608 virtutis
994 577 1051 607 suae
1072 586 1116 607 te-

160 620 231 652 steis
249 622 388 652 habuerat
399 641 407 653 ‚
428 620 569 651 nondum
584 618 772 650 decesserant.
812 622 933 650 Horum
954 628 1115 659 utrumque

162 666 190 693 ei
207 663 327 693 fortuna
346 663 379 692 ad
397 663 566 693 consulatus
575 663 754 703 petitionem
763 662 930 692 reservavit.
953 671 1024 691 nam
1036 661 1068 690 &
1079 662 1113 689 L.

162 706 286 735 Luculli
298 706 445 735 exercitus
456 724 465 738 ‚
475 705 528 745 qui
537 704 573 734 ad
583 704 774 743 triumphum
783 712 964 734 convenerat
973 723 981 735 ‚
1006 706 1018 729 3
1031 702 1114 731 idem

161 756 265 777 comes
274 748 311 777 L.
324 748 467 776 Muraenae
485 744 590 786 praesto
607 744 683 775 fuit:
709 744 864 774 &munus
882 742 1114 783 amplissimum,

160 787 244 828 quod
254 790 359 828 petitio
369 797 501 828 praerurae
514 785 708 818 desiderabat,
731 795 855 825 praetura
870 785 1007 816 restituit.
1030 787 1117 814 Num

162 830 220 860 tibi
233 831 296 859 haze
306 839 392 870 parva
401 829 542 860 videntur
550 828 720 868 adjumenta
731 848 739 860 ‚
753 827 920 857 &subsidia
931 827 1116 856 consulatus?

163 870 298 901 volunta
307 871 456 900 militum?
472 881 536 912 quae
550 869 620 898 cum
630 879 681 909 pei·
692 870 719 899 se
731 870 809 899 valet
818 868 1013 899 multitudine
1024 888 1032 900 ‚
1044 865 1116 897 cum

163 912 244 952 apud
256 913 323 943 suos
332 914 422 953 gratia
432 933 440 946 ‚
463 922 528 942 tum
538 910 611 941 vero
624 913 655 940 in
666 910 787 940 consule
795 909 972 940 declarando
982 910 1116 940 multum

165 957 259 985 etiam
274 955 351 994 apud
367 954 541 984 universum
558 953 706 992 populum
719 953 848 982 Roman.
873 950 1054 982 auctoritatis
1066 952 1118 981 ha-

163 995 233 1026 bet:
254 994 419 1037 suffragano
429 996 565 1024 militaris
578 997 587 1022 ?
601 996 795 1033 imperatores
805 995 889 1023 enirn
899 995 1034 1023 comitiis
1044 1002 1116 1023 con-

165 1037 312 1068 sularibus
333 1057 341 1070 ‚
367 1047 429 1067 non
450 1036 612 1066 verborum
633 1036 807 1074 interpretes
824 1035 1006 1076 deliguntur.
1029 1044 1118 1075 quare

164 1081 264 1120 gravis
273 1077 316 1109 est
331 1079 378 1108 illa
390 1079 484 1108 oratio
494 1097 503 1110 ,
526 1078 565 1107 M
574 1079 597 1107 E
619 1077 721 1106 StAv
733 1079 811 1106 CI‘U
821 1078 860 1106 M
880 1079 1019 1106 recreavit
1039 1087 1044 1105 :
1067 1085 1118 1106 me

164 1121 263 1161 prsedi
277 1120 401 1150 donavit
415 1130 420 1148 :
440 1121 497 1149 hoc
514 1118 589 1148 duce
607 1117 696 1149 castra
713 1119 848 1157 cepimus
861 1139 869 1151 ,
892 1117 970 1159 signa
985 1119 1118 1148 contuli-

168 1172 239 1192 mus
251 1173 257 1190 ι
276 1170 443 1201 numquam
453 1159 506 1191 iste
515 1160 582 1200 plus
593 1160 684 1189 militi
696 1159 804 1189 laboris
815 1161 973 1200 imposuit,
1000 1159 1117 1200 ‘squam

164 1204 221 1233 sibi
232 1201 332 1233 sumsit
343 1203 424 1243 ips03
441 1201 512 1232 cum
522 1200 610 1232 fortis
620 1221 628 1235 ,
650 1210 714 1232 tum
726 1203 815 1231 etiarn
827 1201 912 1232 felix.
936 1204 1005 1232 Hoc
1013 1202 1117 1241 quanti

166 1254 250 1284 putas
259 1244 317 1274 esse
326 1245 362 1274 ad
372 1243 483 1274 famam
494 1245 659 1274 hominum
670 1263 678 1276 ,
690 1253 722 1273 ac
731 1243 919 1274 voluntatem
931 1246 1064 1273 ?etenim
1075 1262 1084 1275 ‚
1096 1241 1116 1272 fi

165 1295 246 1316 tanta
258 1287 317 1316 iliis
327 1287 462 1317 comitiis
472 1286 578 1328 religio
588 1284 631 1315 est
643 1305 651 1318 ‚
662 1294 696 1314 ut
704 1284 800 1315 adhuc
808 1285 925 1326 semper
933 1295 1008 1314 omen
1017 1285 1118 1315 value—

164 1329 204 1358 rit
212 1328 428 1369 p2·aerogar1'vum
435 1328 528 1368 :quid
538 1329 651 1357 mirum
660 1326 712 1361 est,
724 1328 757 1357 in
767 1328 824 1357 hoc
833 1326 984 1357 felicitatis
992 1325 1115 1360 famam,

166 1369 398 1416 sermonemque
416 1368 563 1400 valuisse?
581 1369 637 1400 Sed
648 1389 656 1402 ‚
676 1367 698 1398 fi
715 1369 779 1399 haec
796 1369 909 1399 leviora
929 1368 1033 1403 ducis,
1052 1378 1118 1409 quae

166 1410 412 1453 suntgravissima
424 1432 431 1445 ,
453 1412 485 1442 δε
494 1412 568 1442 hanc
583 1411 726 1441 urbanam
742 1409 982 1452 suffiagationem
993 1411 1118 1440 militari

165 1455 328 1493 anteponis
342 1463 347 1482 :
361 1454 427 1483 noli
437 1453 578 1483 ludorum
588 1453 679 1492 hujus
689 1453 865 1495 elegantiam
876 1472 885 1485 ‚
907 1452 940 1482 &
949 1453 1042 1482 scenae
1054 1461 1118 1482 ma-

187 1493 373 1525 nificeiitiam
384 1495 470 1525 valde
483 1504 678 1526 contemnere
691 1505 696 1523 :
716 1504 782 1536 quae
792 1495 864 1524 huic
872 1494 1038 1524 admodum
1048 1503 1117 1534 pro-

164 1505 299 1566 }uemnt.
323 1538 404 1566 Nam
415 1536 488 1577 quid
498 1546 552 1578 ego
562 1536 661 1566 dicam
671 1556 681 1569 ‚
699 1536 848 1576 populum
860 1556 869 1569 ,
888 1545 919 1566 ac
936 1535 1043 1576 vulgus
1057 1538 1118 1565 im—

165 1580 332 1618 peritorum
343 1578 412 1607 ludu
423 1587 582 1619 magnopere
596 1577 726 1607 delestari
736 1597 746 1611 ‚
767 1577 871 1607 minus
880 1576 923 1607 est
932 1577 1114 1607 mirandum.

167 1629 352 1660 quamquam
365 1620 436 1650 huic
453 1620 543 1650 causae
554 1619 585 1649 id
604 1619 671 1649 satis
690 1618 743 1649 est.
767 1619 834 1649 sunt
846 1621 931 1649 enim
943 1619 1066 1659 populi,
1085 1628 1118 1648 ac

167 1661 377 1691 multitudinis
393 1663 526 1691 comitia⁴
550 1663 647 1702 Qare
664 1659 685 1690 fi
703 1660 970 1701 populoludorum
980 1658 1119 1701 magnifi-

167 1704 266 1732 centia
274 1703 422 1743 voluptati
432 1702 475 1733 est
485 1723 494 1736 ‚
517 1712 580 1732 non
592 1701 634 1732 est
643 1702 816 1732 mirandum
827 1722 835 1736 ,
851 1712 915 1732 eam
929 1704 964 1732 L.
975 1704 1118 1732 Muraenae

164 1744 243 1784 apud
251 1745 398 1784 populum
415 1743 568 1785 profuisse.
594 1747 608 1771 5
617 1744 672 1774 Sed
683 1742 704 1773 si
715 1743 886 1783 nosmetipsi
897 1764 905 1778 ,
918 1744 1015 1784 qui&
1023 1742 1060 1773 ab
1068 1743 1119 1773 de-

169 1785 332 1816 lediatione
343 1789 430 1817 omni
440 1787 569 1827 negotiis
579 1785 764 1825 impedimur
773 1805 781 1819 ‚
795 1786 869 1815 &in
880 1786 939 1825 ipsa
949 1787 1119 1825 occupatio-

166 1837 209 1858 ne
219 1826 410 1856 delectationes
423 1827 496 1856 alias
506 1827 614 1857 multas
624 1827 730 1857 habere
738 1826 895 1867 possumus
906 1847 915 1860 ,
930 1826 1009 1856 ludis
1019 1835 1120 1856 tamen

165 1868 357 1899 obleSmmur
369 1889 377 1903 ‚
389 1869 421 1898 &
430 1869 570 1898 ducimur
580 1880 589 1902 ;
600 1868 674 1910 quid
684 1877 715 1898 tu
725 1868 870 1898 admirere
879 1868 915 1898 de
925 1867 1120 1898 multitudine

123 1942 125 1944 ,
168 1909 314 1940 1υάοᾶαέ
331 1913 366 1940 L.
378 1911 478 1944 Otho,
496 1911 543 1940 vir
555 1909 662 1943 foi-tis,
682 1919 769 1940 meus
779 1908 953 1940 necessarius
964 1929 972 1943 ‚
993 1908 1120 1950 equestri

169 1951 274 1982 ordini
284 1951 410 1982 restituit
418 1962 484 1982 non
492 1949 591 1982 solum
604 1951 779 1981 dionitatem
791 1970 800 1985 ,
824 1951 873 1982 sed
883 1960 973 1981 etiam
983 1953 1119 1990 volupta-

161 2001 245 2025 tem.
268 1996 369 2034 Itaque
385 1994 434 2024 lex
444 1994 522 2026 haec‚
540 2003 605 2034 quae
614 1975 653 2024 ad
659 1992 747 2023 ludos
757 1994 903 2032 pertinet,
923 1992 967 2023 est
976 1995 1120 2023 omnium

167 2033 326 2077 gratissima
336 2055 346 2069 ‚
365 2033 447 2076 quod
463 2034 671 2065 honestiffimo
687 2034 788 2065 ordini
804 2045 875 2065 curn
889 2034 1045 2074 splendore
1057 2033 1120 2064 fru-

167 2076 236 2107 etus
246 2086 366 2118 quoque
372 2077 566 2116 jucunditatis
576 2076 618 2106 est
627 2075 786 2106 restitutus.
797 2079 894 2118 Qare
904 2076 1053 2106 delectant
1062 2077 1118 2106 ho-

165 2120 268 2148 mines
277 2138 286 2152 ‚
301 2118 473 2148 mihicrede
483 2139 491 2152 ,
503 2118 585 2152 ludi,
597 2119 687 2148 etiam
696 2118 766 2147 illos
776 2137 785 2151 ,
796 2122 848 2159 qui
857 2118 1043 2157 dissimulant,
1053 2128 1118 2147 non

163 2158 269 2191 solum
279 2169 332 2190 eos
344 2180 352 2193 .
375 2162 428 2202 qui
437 2159 583 2190 fatentur:
601 2158 684 2202 quod
693 2168 748 2199 ego
757 2161 791 2189 in
800 2168 867 2189 mea
875 2161 1020 2199 petitione
1030 2157 1112 2190 sensi.

164 2210 237 2232 nam
251 2211 308 2231 nos
321 2211 440 2245 quoque
453 2202 612 2232 habuimus
623 2200 740 2230 scenam
749 2202 1002 2240 competitricem.
1025 2199 1116 2242 Qod

164 2241 188 2272 si
201 2252 258 2283 ego
268 2262 276 2277 ‚
288 2246 341 2284 qui
351 2245 444 2273 trinos
454 2242 541 2273 ludos
551 2243 646 2273 aedilis
655 2240 783 2272 feceram
793 2262 802 2276 ‚
819 2251 920 2273 tamen
931 2245 1059 2272 Antonii
1071 2243 1117 2272 lu—

167 2284 216 2314 dis
226 2285 453 2315 commovebar:
466 2284 521 2314 tibi
532 2305 539 2316 .
550 2286 603 2325 qui
611 2284 680 2314 casu
690 2283 791 2313 nullos
801 2282 909 2313 feceras
918 2304 927 2315 ,
940 2284 1018 2313 nihil
1028 2284 1118 2323 hujus

166 2327 257 2356 iliam
267 2326 360 2366 ipfiim
372 2347 380 2359 ‚
396 2336 485 2367 quam
495 2327 600 2355 irrides
607 2333 776 2366 argenteam
786 2325 903 2354 scenam
914 2345 923 2357 ‚
938 2325 1118 2356 adversatam

167 2374 255 2407 putas
266 2370 277 2396 ?
287 2367 343 2397 Sed
356 2368 418 2398 haec
428 2367 496 2398 sane
508 2365 563 2397 sint
571 2369 650 2406 paria
658 2368 779 2396 omnia:
799 2364 833 2396 sit
840 2375 890 2405 par
898 2364 1022 2395 forensis
1031 2375 1119 2405 opera

165 2409 290 2439 militari
302 2419 308 2437 :
330 2407 422 2449 sitpar
431 2409 558 2438 militari
568 2406 733 2449 suffiagatio
743 2407 853 2438 urbana
865 2418 870 2436 :
891 2406 925 2436 fit
935 2406 1017 2436 idem
1028 2427 1037 2440 ‚
1053 2417 1116 2437 ma-

166 2448 432 2491 gnificen-iffimos
442 2469 450 2483 ‚
471 2450 504 2480 &
521 2450 622 2480 nullos
636 2459 782 2490 umquam
793 2447 893 2479 fecisse
901 2448 1004 2478 ludos:
1030 2447 1117 2489 quid?

167 2502 204 2521 m
215 2493 275 2532 ipsa
283 2501 408 2533 pxaetura
416 2492 534 2523 nihilne
548 2490 701 2523 existimas
711 2493 789 2522 inter
798 2500 880 2524 tuam
890 2511 902 2526 ,
920 2490 953 2522 ὃς
962 2489 1047 2522 istius
1056 2490 1117 2521 sor—

166 2602 314 2613 *sk

208 2650 233 2669 ι.
253 2646 290 2683 Si:
303 2655 323 2670 vi
334 2648 377 2672 'cac
385 2649 524 2673 comitiorum
542 2650 673 2682 tempestate
684 2667 693 2680 ‚
711 2649 778 2684 &ej
800 2648 944 2676 Lambinus
964 2648 1018 2675 haec
1034 2648 1124 2676 omnia

164 2685 216 2714 pro
227 2679 303 2706 libita
315 2690 400 2709 niutat
413 2695 416 2709 ;
440 2684 531 2710 invitis
543 2684 617 2710 libris
630 2704 638 2716 ,
649 2693 696 2711 nec
707 2685 760 2711 ulla
775 2693 887 2720 urgente
898 2685 1009 2712 ratione.

207 2723 235 2741 ι.
252 2719 283 2741 ΕΔ
301 2718 428 2750 legarunt,
447 2720 517 2745 omnis
535 2721 564 2751 <³7-
581 2721 760 2756 lia'craliimir]
782 2721 878 2748 Malim
889 2729 947 2747 cuin
967 2722 994 2747 S.
1007 2720 1122 2748 Victoris

169 2760 241 2778 ‘rili-¹.

185 2822 189 2826 .
205 2794 231 2822 3.
251 2791 262 2813 1
272 2788 577 2829 ':mcome5L.’vlu›-1n‚e.]
599 2793 714 2828 Egi-egit:
726 2802 734 2823 ς
753 2792 895 2819 comitatus
915 2793 950 2819 est
963 2792 1033 2819 enim
1044 2801 1124 2819 exer-

165 2831 235 2848 titus
247 2824 256 2848 s
267 2824 508 2864 iuni‘cantizditum.
531 2827 562 2853 sic
573 2828 607 2855 est
618 2829 643 2856 in
655 2826 776 2855 omnibus
788 2829 880 2856 nostris
892 2848 900 2861 ‚
921 2828 1010 2864 itaque
1026 2828 1124 2855 nonest

168 2858 240 2899 quod
253 2868 405 2895 recipiamus
418 2862 537 2889 Lambini
553 2867 647 2890 emim-s
659 2885 667 2898 ‚
687 2872 776 2892 ortum
787 2868 802 2892 a
812 2865 975 2892 divinatione
988 2865 1122 2891 Hotoma-

169 2903 195 2921 iii
212 2913 220 2926 ,
238 2895 265 2920 d.
277 2904 333 2931 cap.
349 2905 390 2931 13.

206 2937 235 2971 4?
255 2932 465 2973 Q-‘fflfibffiae-‘fl'fi‘
476 2935 536 2967 -‘'.›⁵.¹2'‚·
553 2936 675 2968 camsmis
685 2937 751 2971 ἀι]
773 2936 976 2963 Distinffionem
988 2935 1053 2963 bene
1064 2945 1124 2962 mu-

169 2967 422 3028 tavitIQkxulic-linius.
442 2978 518 2997 antea
529 2972 640 3007 iniprelli
654 2974 822 3007 3Ji1m7i1:ipst
833 2973 956 3007 ciaemfortis
966 2973 1016 3003 (irc.
1037 2973 1124 2999 minus

173 3008 242 3028 venti
268 3012 292 3028 c.

212 3046 238 3070 ς.
257 3038 303 3069 Sed
310 3039 466 3073 J'inqsmenssssfi
474 3060 481 3071 ,
503 3045 542 3073 qni
551 3042 579 3071 ῥυ
590 3044 619 3067 ab
630 3043 673 3068 ..¹..1-
680 3046 774 3070 ‚T‘atione
785 3063 793 3075 ‚
811 3044 880 3078 ὡς]
902 3044 1046 3071 Lambinus
1057 3043 1123 3070 bene

169 3071 225 3098 hzc
243 3081 332 3100 tuetur
352 3083 442 3101 contra
455 3078 600 3103 Hotoniani
613 3080 834 3107 emendationem.
853 3080 925 3108 idem
938 3090 1025 3108 tamen
1035 3081 1122 3107 minus

169 3109 244 3136 recte
255 3110 341 3137 statim
352 3112 459 3144 conjicit
472 3131 479 3144 ‚
498 3115 803 3142 muli-mmmmina‘otsssam.

203 3145 233 3173 6.
247 3149 323 3173 Pana
335 3154 474 3175 care-nasum
484 3167 493 3181 ,
512 3150 541 3181 (37
556 3152 685 3186 mamm]
706 3153 748 3180 Iti
766 3151 946 3189 reponendum
959 3172 968 3186 ,
990 3162 1043 3182 nou
1052 3143 1125 3189 judi-

1155 285 1236 315 ciliat
1245 284 1410 324 magnitudo
1421 285 1526 324 negotii
1538 295 1550 313 .·
1564 286 1690 326 gratiam
1703 305 1711 318 ,
1727 288 1871 326 aequitatis
1886 286 2003 327 largitio
2024 296 2030 316 :
2048 295 2113 327 qua⁴

1158 328 1190 357 in
1201 326 1279 356 sorte
1291 327 1404 366 sapiens
1418 335 1527 367 praetor
1541 346 1550 360 .
1566 327 1663 368 qualis
1672 327 1724 357 hic
1733 326 1792 358 fuit
1801 347 1810 361 ‚
1826 325 2022 357 offensionem
2033 329 2111 359 vitat

1159 368 1357 408 aequabilitate
1369 367 1570 402 decernendi,
1591 369 1829 399 benivolentiam
1839 369 1974 410 adiungit
1984 369 2108 399 lenitate

1159 409 1311 440 audiendi.
1334 411 1474 451 Egregia,
1496 409 1531 440 &
1543 409 1578 439 ad
1596 410 1786 441 consulatum
1799 419 1864 451 apta
1880 411 2034 452 provincia
2045 429 2054 443 .
2075 412 2111 441 iia

1160 461 1219 492 qua
1230 451 1290 480 laus
1300 454 1447 492 aequitatis
1457 471 1466 485 ‚
1485 452 1659 492 integritatis
1672 470 1680 484 ‚
1701 450 1850 482 facilitatis
1861 472 1869 485 ,
1890 452 1925 482 ad
1937 460 2111 482 &tremum

1163 492 1303 522 ludorum
1315 493 1465 532 voluptate
1474 493 1657 522 concluditur.
1672 492 1753 531 Qiid
1765 500 1813 523 tua
1821 493 1880 523 sors
1892 492 2112 527 ?tristis‚atrox:

1164 533 1288 575 quaestio
1297 534 1448 574 peculatus
1459 553 1467 567 ‚
1477 543 1516 564 ex
1525 534 1614 564 alteia
1620 542 1700 573 parte
1709 553 1719 568 ,
1732 535 1949 574 lachrymarum
1960 553 1969 568 ‚
1985 535 2018 564 δε
2026 535 2114 576 squa-

1164 577 1236 605 loris
1249 586 1254 604 :
1273 585 1312 605 ex
1325 576 1412 606 altera
1421 595 1429 610 ‚
1449 573 1465 595 ⁶
1471 575 1559 616 plena
1577 585 1746 605 catenarum
1757 595 1766 609 ,
1787 585 1873 616 atque
1890 576 2038 607 indicum.
2059 585 2114 607 co-

1165 617 1254 659 gendi
1265 617 1382 657 judices
1394 618 1499 649 inviti,
1520 617 1671 647 retinendi
1679 625 1782 648 contra
1790 621 1978 649 voluntatem
1993 629 2000 646 :
2020 617 2113 651 scribe

1165 660 1322 690 damnatus
1333 679 1342 693 ‚
1362 658 1437 689 ordo
1453 667 1536 689 tocus
1550 659 1682 688 alienus:
1701 659 1820 690 Sullana
1831 658 2005 701 gratificatio
2013 669 2113 700 repre-

1166 701 1255 731 hensa
1268 711 1272 730 :
1288 701 1444 731 multiviri
1453 699 1544 731 fortes
1555 720 1563 734 ‚
1579 699 1612 730 δε
1624 700 1716 740 prope
1728 710 1791 740 pars
1801 703 1929 732 civitatis
1938 699 2048 732 offensa
2057 700 2112 734 est:

1167 743 1231 772 lites
1240 742 1341 773 severi:
1348 741 1498 773 aestimacae
1508 753 1513 771 :
1525 743 1571 771 cui
1576 742 1668 783 placet
1675 762 1684 775 ‚
1695 741 1872 782 obliviscitur
1879 754 1890 770 .-
1901 743 1947 772 cui
1955 743 2027 772 dolet
2034 762 2043 777 ,
2053 753 2112 771 me-

1164 784 1260 812 minit.
1287 783 1445 815 Postremo
1463 792 1495 813 tu
1514 786 1547 814 in
1562 785 1747 824 provinciam
1760 786 1803 814 ire
1813 783 1948 815 noluisti.
1971 795 2034 815 non
2044 784 2113 825 pos-

1167 825 1234 854 sum
1244 825 1275 855 id
1284 827 1317 855 in
1329 834 1357 856 te
1363 825 1577 865 reprehendere
1587 845 1595 860 ,
1607 825 1688 866 quod
1698 830 1712 853 7
1723 827 1755 856 in
1766 836 1816 855 me
1825 826 1889 866 ipso
1900 827 1934 856 &
1942 834 2049 866 praetor
2058 846 2066 860 ,
2077 826 2113 857 ὄσ

1166 866 1272 896 consul
1288 867 1421 906 probavi.
1446 866 1495 897 sed
1514 875 1614 898 tamen
1624 869 1661 897 L.
1673 869 1815 898 Muraenae
1827 869 1984 908 provincia
2001 868 2113 898 multas

1166 907 1259 938 bonas
1276 910 1380 950 gratias
1409 918 1480 938 cum
1506 910 1621 949 optima
1642 908 1864 940 existimatione
1879 912 1986 940 attulit.
2009 909 2115 940 habuit

1164 948 1355 989 proficiscens
1364 948 1516 980 deletam
1526 952 1559 980 iu
1569 949 1697 980 Umbria
1710 961 1715 979 :
1729 951 1812 982 dedit
1822 953 1849 981 ei
1857 950 2026 982 facultatem
2037 951 2113 990 resp.

1165 991 1363 1022 liberalitatis:
1383 1001 1440 1032 qua
1451 992 1519 1022 usus
1528 1012 1537 1026 ‚
1550 993 1659 1022 multas
1668 991 1722 1022 sibi
1730 994 1824 1023 tribus
1835 1014 1843 1026 ‚
1858 1003 1924 1034 quae
1934 994 2114 1032 municipiis

1169 1033 1301 1063 Umbri-„e
1312 1031 1530 1067 conficiuntur,
1549 1033 1698 1074 adjunxit.
1723 1034 1784 1075 ipse
1794 1043 1894 1065 autem
1907 1037 1940 1064 in
1950 1035 2047 1064 Gallia
2057 1053 2065 1067 ‚
2080 1041 2114 1064 ut

1166 1073 1259 1105 nostri
1275 1076 1417 1106 homines
1435 1074 1596 1116 desperatas
1604 1077 1668 1116 jam
1677 1079 1816 1116 pecunias
1834 1078 1987 1118 exigerent
1998 1097 2006 1106 .
2025 1076 2113 1116 aqui-

1166 1123 1225 1146 tate
1233 1136 1241 1150 ,
1256 1116 1471 1158 diligentiaque
1480 1116 1609 1157 perfecit.
1620 1120 1670 1147 Tu
1680 1120 1792 1148 interea
1799 1120 1908 1149 Romae
1917 1118 2028 1149 scilicet
2034 1118 2114 1148 ami-

1165 1160 1207 1187 cis
1216 1157 1323 1197 praesto
1335 1157 1428 1188 fuisti.
1451 1157 1562 1188 fateor:
1581 1159 1632 1188 sed
1642 1167 1743 1189 tamen
1759 1160 1836 1190 illud
1846 1162 1959 1201 cogita,
1978 1159 2113 1189 nonnul-

1164 1199 1265 1229 lorum
1274 1201 1442 1230 amicorum
1452 1199 1549 1229 studia
1559 1201 1658 1230 minui
1667 1200 1759 1230 solere
1768 1202 1801 1230 in
1811 1210 1862 1231 eos
1872 1221 1880 1235 ‚
1899 1203 1914 1230 a
1923 1201 2033 1241 quibus
2041 1209 2113 1240 pro-

1162 1242 1277 1271 vincias
1289 1243 1447 1272 contemni
1456 1241 1630 1283 intelligant
1651 1243 1847 1282 Et‚qu0niam
1857 1241 2113 1281 ostendi,judices‚
2131 1251 2151 1276 2
2159 1252 2174 1279 r

1164 1293 1265 1323 parem
1287 1283 1462 1325 dignitatern
1482 1282 1518 1313 ad
1538 1283 1709 1314 consulatus
1729 1285 1909 1323 petitionem
1926 1304 1935 1318 ,
1966 1283 2114 1324 disparem

1164 1323 1317 1355 fortunam
1328 1324 1560 1365 provincialium
1568 1334 1762 1366 negotiorum
1772 1327 1805 1355 in
1814 1328 1949 1357 Muraena
1960 1346 1968 1359 ‚
1984 1334 2071 1366 atque
2079 1327 2115 1356 in

1165 1367 1298 1406 Sulpicio
1316 1365 1404 1397 fuisse
1429 1377 1434 1396 :
1457 1366 1555 1397 dicam
1569 1367 1633 1406 jam
1652 1365 1782 1407 apertius
1794 1386 1803 1400 ,
1823 1369 1857 1397 in
1873 1378 1936 1409 quo
1954 1376 2041 1397 meus
2059 1376 2117 1397 ne-

1164 1407 1300 1440 cessarius
1309 1407 1401 1439 fuerit
1410 1407 1538 1439 inferior
1547 1427 1556 1442 ,
1574 1410 1692 1439 Servius
1703 1428 1712 1442 ,
1733 1408 1765 1438 &
1777 1418 1809 1439 ea
1823 1409 1924 1440 dicam
1934 1429 1943 1444 ,
1962 1409 2050 1440 vobis
2060 1417 2115 1441 au-,

1164 1449 1316 1480 dientibus
1327 1470 1336 1484 ,
1355 1448 1461 1481 amiffo
1466 1451 1531 1490 jam
1540 1458 1676 1490 ternpore
1686 1469 1695 1484 ,
1712 1460 1776 1490 quat
1789 1450 1842 1490 ipfi
1851 1451 1906 1481 soli
1917 1471 1926 1484 ,
1946 1461 1977 1481 re
1987 1452 2113 1492 integra,

1165 1492 1241 1532 saepe
1258 1491 1334 1522 dixi.
1355 1495 1457 1522 Petere
1472 1491 1662 1522 consulatum
1676 1492 1789 1522 nescire
1802 1500 1849 1526 te,
1865 1494 1950 1523 Servi
1961 1512 1968 1525 ‚
1986 1494 2114 1532 persaepe

1165 1533 1222 1564 tibi
1230 1533 1296 1563 dixi
1307 1543 1313 1562 :
1329 1533 1451 1564 &iniis
1460 1533 1548 1563 rebus
1558 1531 1624 1574 ipsis
1633 1553 1641 1566 ,
1661 1542 1732 1574 quas
1742 1542 1769 1564 te
1780 1543 1890 1575 magno
1899 1553 1908 1568 ,
1924 1534 1958 1564 δε
1967 1532 2038 1564 forti
2047 1534 2113 1564 ani-

1167 1585 1220 1605 mo
1239 1575 1272 1605 δε
1286 1585 1389 1616 agere,
1407 1574 1441 1605 δε
1457 1574 1555 1605 dicere
1564 1574 1704 1605 videbam
1714 1594 1723 1609 ,
1741 1574 1796 1604 tibi
1812 1576 1915 1606 solitus
1925 1576 1991 1606 sum
2003 1574 2112 1608 dicere,

1166 1618 1261 1658 magis
1279 1625 1308 1646 te
1317 1617 1426 1656 fortem
1437 1616 1593 1656 senatorem
1614 1617 1693 1647 mihi
1708 1616 1823 1650 videri,
1841 1616 1932 1658 quarn
1949 1617 2114 1656 sapientem

1165 1658 1369 1689 candidatum.
1394 1659 1531 1689 Primum
1540 1657 1693 1688 accusandi
1704 1667 1829 1689 terrores
1839 1679 1848 1692 ,
1869 1659 1902 1689 &
1912 1660 2005 1688 minae
2017 1677 2027 1691 ,
2047 1659 2116 1698 qui·-

1168 1700 1223 1730 bus
1236 1709 1267 1730 tu
1280 1700 1416 1741 quotidie
1426 1701 1471 1729 uti
1483 1699 1598 1730 solebas
1609 1719 1617 1733 ‚
1635 1700 1703 1730 sunt
1712 1698 1798 1730 fortis
1807 1701 1865 1731 viri
1879 1711 1882 1729 :
1902 1700 1951 1730 sed
1965 1700 1998 1730 δε
2009 1698 2117 1739 populi

1165 1744 1344 1782 opinionem
1354 1740 1369 1770 a
1380 1741 1429 1781 spe
1438 1741 1621 1781 adipiscendi
1631 1750 1768 1772 avertunt
1775 1761 1784 1775 ‚
1797 1742 1830 1771 δε
1838 1743 2008 1772 amicorum
2018 1739 2115 1772 studia

1164 1784 1332 1813 debilitant.
1357 1784 1468 1814 Nescio
1479 1793 1540 1824 quo
1549 1782 1700 1823 pa8tosem
1719 1793 1746 1812 er
1757 1782 1849 1821 hocfit
1858 1794 1870 1810 .·
1888 1792 1986 1824 neque
1995 1784 2029 1812 in
2039 1791 2113 1815 uno,

1164 1834 1214 1855 aut
1223 1825 1316 1856 altero
1325 1824 1568 1856 animadversum
1578 1823 1621 1854 est
1629 1844 1638 1858 ,
1659 1825 1686 1854 se
1722 1824 1784 1864 jam
1794 1826 1827 1854 in
1835 1825 1973 1864 pluribus
1984 1834 1990 1854 t
2009 1822 2115 1854 simul-

1163 1875 1249 1907 atque
1266 1865 1439 1896 candidatus
1461 1866 1679 1897 accusationem
1695 1865 1834 1897 meditari
1843 1866 1923 1897 visus
1938 1865 1999 1900 est,
2017 1866 2117 1896 utho-

1167 1917 1274 1938 norem
1286 1907 1428 1946 desperaffl
1438 1907 1584 1938 videatur.
1606 1907 1710 1947 Qid?
1726 1918 1796 1949 ergo
1809 1917 1958 1948 acceptam
1971 1907 2014 1947 inj
2019 1908 2117 1938 uriam

1166 1950 1300 1990 persequi
1318 1959 1383 1980 non
1402 1949 1523 1990 placet?
1539 1948 1606 1980 imo
1624 1950 1820 1982 vehementer
1835 1950 1950 1990 placet:
1969 1948 2020 1980 sed
2034 1948 2118 1981 aliud

1168 2000 1286 2031 tempus
1295 1990 1338 2022 est
1345 1991 1476 2031 petendi,
1487 1991 1567 2021 aliud
1576 1991 1784 2032 persequendi.
1797 1994 1957 2032 petitorem
1966 2001 2032 2034 ego,
2043 2000 2118 2031 prae-⁴

1165 2034 1267 2064 sertim
1275 2033 1447 2064 consulatus
1455 2054 1465 2066 ‚
1482 2042 1588 2074 magna
1596 2033 1645 2073 spe
1656 2053 1665 2067 ,
1677 2043 1725 2063 ma
1747 2043 1789 2064 no
1798 2034 1903 2064 animo
1913 2053 1922 2068 ‚
1937 2034 2054 2073 magnis
2063 2041 2117 2063 co-

1165 2076 1222 2115 piis
1240 2075 1274 2105 &
1290 2076 1324 2105 in
1339 2074 1442 2105 forum
1452 2094 1461 2109 ,
1477 2074 1510 2104 &
1522 2077 1555 2105 in
1564 2084 1704 2114 campum
1740 2075 1826 2106 educi
1838 2075 1929 2107 volo:
1947 2084 2011 2105 non
2021 2073 2118 2114 placet

1167 2117 1246 2147 mihi
1254 2115 1411 2158 inquisitio
1419 2116 1570 2147 candidati
1580 2136 1589 2151 ‚
1598 2118 1766 2157 praenuntia
1771 2117 1893 2158 repulsae
1904 2127 1910 2146 ε
1920 2126 1985 2148 non
1993 2114 2115 2147 testium

1164 2157 1285 2198 potius,
1305 2158 1396 2200 quam
1406 2156 1630 2200 suffragatorum
1641 2161 1843 2199 comparatio:
1860 2169 1926 2189 non
1942 2159 2034 2189 minae
2049 2166 2117 2192 ma7

1165 2201 1210 2240 gis
1219 2220 1228 2234 ‚
1239 2210 1331 2241 quam
1342 2199 1494 2230 blanditiae
1506 2211 1512 2229 :
1524 2210 1589 2230 non
1604 2195 1618 2219 S
1627 2199 1805 2232 declamatio
1813 2199 1916 2240 potius
1926 2218 1935 2234 ‚
1945 2199 2037 2240 quam
2047 2207 2116 2239 per-¹

1166 2242 1319 2271 salutatio:
1338 2241 1501 2281 praesertim
1517 2240 1590 2272 cum
1596 2242 1660 2280 jam
1675 2243 1734 2272 hoc
1747 2251 1830 2272 novo
1839 2250 1925 2271 more
1935 2249 2042 2271 omnes
2051 2239 2115 2270 fere

1165 2282 1276 2312 domos
1293 2285 1437 2312 omnium
1457 2282 1634 2313 concursent
1648 2300 1658 2315 ‚
1682 2283 1716 2312 δε
1731 2292 1770 2312 ex
1786 2282 1873 2313 vultu
1889 2281 2115 2313 candidatorum

1166 2323 1370 2362 conjesturam
1379 2322 1489 2353 faciant
1499 2342 1508 2356 ‚
1523 2332 1670 2364 quantum
1680 2324 1807 2365 quisque
1819 2326 1915 2354 animi
1926 2322 2117 2359 &facultatis

1167 2364 1271 2394 habere
1282 2364 1429 2395 videatur.
1452 2363 1586 2394 Videsne
1595 2373 1627 2394 tu
1636 2365 1724 2395 iilum
1735 2364 1849 2396 tristem
1860 2367 1871 2394 ?
1881 2362 2044 2395 demffl‘um
2054 2375 2060 2394 ;
2068 2365 2116 2404 ja·

1164 2415 1227 2439 cet,
1240 2404 1368 2440 diffidit,
1378 2406 1485 2445 abjecit
1496 2404 1598 2435 hastas.
1621 2408 1772 2446 Serpithic
1783 2415 1904 2436 rumor:
1921 2409 1936 2435 9
1946 2409 1964 2437 S
1974 2416 2040 2439 aas
2061 2415 2115 2440 τσ,

1167 2457 1178 2477 1
1190 2457 1210 2477 L
1221 2457 1241 2476 1.
1251 2457 1273 2477 o
1283 2457 1311 2477 M
1332 2447 1549 2478 accusationem
1564 2448 1712 2488 cogitare?
1729 2449 1881 2489 inquirere
1892 2449 1926 2478 in
1934 2450 2118 2489 competito-

1164 2498 1209 2520 res
1220 2489 1230 2516 ἓ
1249 2488 1347 2520 testeis
1359 2492 1512 2531 quaerere?
1529 2489 1624 2520 alium
1633 2488 1741 2522 faciam
1751 2508 1760 2524 ,
1770 2491 1916 2532 quoniam
1929 2489 2044 2563 fibgh?
2053 2489 2116 2531 ipse

1995 2542 2009 2562 e
2023 2539 2115 2574 perat.

1164 2657 1234 2679 διεῖπε
1256 2649 1327 2686 quod
1337 2650 1364 2677 in
1377 2650 1493 2686 vulgata.
1515 2650 1573 2677 Pal.
1584 2648 1639 2677 051.
1649 2655 1777 2686 praeterea
1786 2646 1910 2680 habebat,
1919 2646 1983 2675 alias
1993 2645 2047 2682 legi
2057 2647 2120 2674 vi‘n·

1164 2687 1249 2711 culum.
1274 2687 1318 2713 vix
1330 2686 1408 2713 ausim
1420 2686 1542 2723 probare.

1198 2724 1226 2755 7.
1245 2725 1274 2747 171
1291 2732 1324 2747 me
1340 2724 1385 2756 lpfia
1403 2723 1432 2753 &⁰
1446 2730 1531 2755 praetor
1548 2722 1577 2753 ω’·
1594 2722 1674 2756 consid
1683 2720 1810 2754 probavi]
1831 2720 1859 2746 S.
1870 2717 1943 2745 Visst.
1954 2717 2010 2744 Pal.
2022 2716 2071 2744 sec.
2088 2716 2119 2748 ὁ·

1158 2758 1225 2790 ,17ναῖΙῖ
1244 2759 1331 2790 confide
1343 2761 1411 2791 prob.
1431 2767 1495 2786 tert.
1513 2759 1543 2789 ἀ
1555 2758 1720 2792 presit-enfide.
1748 2756 1803 2783 οξὶ.
1823 2758 1849 2782 in
1858 2755 1945 2788 meipsb
1953 2753 2120 2787 &proconsule

1158 2795 1224 2824 prob.
1245 2803 1345 2828 primus
1359 2814 1366 2826 ,
1384 2797 1410 2820 in
1429 2804 1463 2820 me
1480 2795 1525 2828 ipſsa
1539 2794 1671 2828 proconfide
1679 2794 1798 2825 proba-»15¹
1816 2789 1888 2827 quod
1900 2790 1986 2816 verius
1999 2787 2117 2828 videtur,

1163 2828 1208 2855 nisi
1219 2830 1305 2865 potius
1318 2829 1370 2857 fuit
1381 2850 1390 2862 ,
1408 2831 1538 2864 &putore
1547 2831 1576 2860 ὠ
1585 2830 1744 2862 confideprob.
1764 2830 1835 2854 certe
1854 2823 2040 2861 compendium
2052 2824 2118 2850 scri-

1161 2872 1243 2899 pturae
1255 2866 1312 2893 lieic
1322 2866 1435 2893 nocuisse
1447 2885 1455 2899 ‚
1473 2865 1563 2904 prodit
1573 2865 1657 2892 editio
1665 2864 1751 2900 prima
1762 2883 1770 2896 ‚
1790 2871 1848 2899 qua:
1860 2881 1868 2895 ‚
1888 2863 1918 2893 ό*
1924 2867 2010 2894 patres
2019 2860 2120 2895 consulte

1179 2904 1272 2928 robmi.

1159 2908 1176 2934 p
1198 2937 1225 2963 8.
1243 2940 1386 2964 Declamatio
1390 2941 1490 2972 potius,
1524 2936 1581 2964 mim
1590 2935 1768 2970 persalutatio]
1797 2933 1877 2960 Haud
1894 2932 1974 2959 aliter
1992 2931 2049 2958 Pal.
2066 2931 2118 2959 see.

1163 2979 1226 3000 tert.
1250 2975 1276 3000 ὃ(
1298 2976 1324 3000 S.
1336 2975 1453 3002 Vidini-is
1465 2993 1474 3006 ‚
1493 2948 1627 3000 ailudebat
1646 2973 1702 2999 Pal.
1716 2971 1772 2998 οέὶ.
1788 2971 1818 3000 ju
1829 2979 1881 3006 quo
1888 2969 2036 3009 perfidiam:
2058 2967 2119 2994 vul-

1162 3016 1224 3044 gato
1243 3010 1368 3037 haetenus
1386 3009 1474 3036 defuit
1492 3009 1559 3036 illud
1573 3017 1627 3042 per.
1645 3008 1683 3036 est
1702 3015 1792 3034 autern
1809 3005 1972 3039 posthume,
1993 3004 2067 3030 obire
2085 3013 2118 3030 o-

1162 3046 1263 3107 mnigun
1274 3046 1367 3073 domos
1377 3045 1508 3074 salutandi
1518 3044 1601 3072 causa.
1611 3053 1664 3081 qua
1675 3052 1739 3072 voce
1749 3042 1836 3082 utitur
1845 3039 1952 3068 Tullius
1963 3049 2010 3077 pro
2021 3040 2116 3068 Flacco

1161 3089 1184 3106 c.
1200 3090 1209 3106 i
1235 3102 1240 3107 .
1270 3091 1293 3107 r.

1197 3125 1227 3152 9.
1246 3091 1295 3144 §cie
1304 3125 1330 3142 iu
1340 3119 1405 3143 illum
1414 3116 1607 3152 accusationem]
1629 3114 1772 3145 Lambinus
1783 3132 1793 3148 ,
1801 3112 1887 3150 ‘Qs‘i‘
1897 3119 1923 3139 tu
1931 3113 2008 3140 llam.
2025 3110 2069 3139 sed
2079 3117 2116 3138 ex

1161 3151 1330 3190 supervacuo.
1348 3153 1407 3182 sane
1417 3162 1512 3190 prester
1522 3153 1618 3183 libros.
2063 3180 2116 3214 Μ

2019 3192 2047 3212 1.

2163 163 2250 215 ,Γ

154 209 258 248 aliquo
269 207 332 239 caeli
346 204 426 248 svgno
435 211 688 236 commoventur,
709 201 780 243 saepe
791 196 958 242 i'mprovisb
970 202 1054 232 nulla
1063 210 1102 232 ex
1150 211 1211 232 tem
1222 198 1407 231 interfuisse?
1429 200 1529 239 Huius
1551 201 1613 233 sors
1633 211 1666 232 ea
1684 200 1762 236 fuit,
1777 208 1867 244 quam
1877 200 2037 234 omnestui
2053 210 2111 233 ne-¹
2127 208 2172 235 20
