2297 3389
67 614 118 660 '47

686 122 813 168 Lriz.
855 120 947 169 IV.
996 135 1066 169 in
1114 118 1170 168 C.
1208 119 1499 170 VERREM.

130 206 229 247 satque
235 201 369 236 donasse.
383 203 502 245 Regem
510 198 636 243 quidem
646 200 747 242 primo
757 197 937 231 deleftamm
948 199 1007 230 esse
1018 210 1087 230 mu-

132 258 205 279 ner-e
217 257 223 276 :
236 245 303 287 post
312 266 320 281 ,
333 245 385 276 ubi
393 242 517 275 audisset
525 263 533 276 ,
546 243 625 273 unde
634 241 730 273 effent
741 263 749 276 ‚
769 241 868 273 statim
878 251 972 271 certos
982 243 1086 271 homi-

133 299 187 321 nes
197 290 229 319 in
238 287 446 329 quinqueremi
454 283 628 325 mififfe,qui
638 294 690 315 eos
700 283 816 314 denteis
826 292 1018 323 reportarent.
1033 285 1088 312 ita-

132 341 191 372 que
209 332 242 360 in
259 331 305 359 his
314 328 488 367 inscriptum
498 326 604 356 litteris
613 327 735 356 Punicis
744 324 803 355 fuit
814 335 819 353 :
840 327 965 355 REGEM
985 333 1087 353 MASI-

133 380 260 402 mssAM
275 377 525 413 immunius-[EM
539 373 736 397 Accxzmss‘ss:
752 376 797 396 RE
811 375 972 399 cosmi-A,
988 375 1087 395 nizro-

133 422 273 445 nmmos,
288 418 608 448 RnsrirunNnosQe.
623 418 780 439 CURASSE.
801 411 868 438 Erat
878 416 1014 447 praeterea
1026 416 1090 435 ma-

133 455 241 496 gnavis
251 453 359 485 eboris,
371 451 467 481 multa
475 460 659 484 ornamenta,
675 453 708 480 in
717 449 825 490 quibus
836 449 973 479 eburneae
983 447 1089 478 Vi&o—

134 495 322 534 riae,antiquo
331 502 464 533 opere‚ac
472 493 589 522 summa
597 501 655 522 arte
665 491 812 532 pertesi-az.
826 493 898 520 Haec
909 489 963 520 iste
974 491 1088 522 omnia,

133 545 175 566 ne
184 535 287 577 multis
299 544 415 568 morer,
426 544 491 564 uno
500 536 628 574 impetu,
639 543 724 574 atque
733 543 796 563 uno
807 534 916 562 nuntio
926 542 977 571 per
988 531 1088 562 servos

135 578 294 610 Venerios,
304 586 381 617 quos
390 577 454 615 ejus
464 577 506 606 rei
516 577 599 606 causa
608 574 882 609 miserat‚tollenda‚
893 583 979 614 atque
989 574 1089 613 aspor—

135 618 222 649 tanda
230 620 351 648 curavit.
374 616 431 648 Pro
441 617 484 648 dii
493 618 690 651 immortales,
703 627 794 658 quem
807 626 861 656 ego
872 616 1031 645 hominem
1041 624 1088 644 ac-

134 660 225 692 cuso?
243 669 334 700 quem
347 659 464 701 legibus
473 680 482 692 ‚
506 669 538 689 ac
554 659 690 699 judiciali
708 661 771 698 jure
787 658 966 697 persequor?
983 655 1019 686 de
1028 665 1089 696 quo

134 711 189 732 vos
198 701 374 731 sententiam
385 711 436 741 per
445 701 583 731 tabellam
594 700 694 730 feretis
705 705 715 730 ?
731 700 836 729 dicunt
845 699 932 739 legati
946 698 1090 727 Meliten-

133 744 178 774 ses
187 742 306 783 publice
319 762 328 775 ,
349 743 509 783 spoliatum
520 742 668 781 templum
679 739 736 771 effe
744 742 890 782 Junonis:
910 740 986 769 nihil
997 738 1089 768 istum

133 787 169 815 in
178 783 394 825 religiosiffimo
406 784 476 814 fano
486 781 634 824 reliquisse
646 794 652 812 ι
665 792 755 823 quem
768 784 800 812 in
809 782 911 811 locum
920 779 1022 811 classes
1032 782 1088 810 ho-

132 826 226 857 stiurn
238 827 311 866 saepe
321 824 507 863 accesserint:
527 827 579 855 ubi
594 826 692 864 piratae
704 823 766 854 fere
787 824 945 864 quotannis
960 823 1091 851 hiemare

134 867 264 898 soleant:
280 867 361 908 quod
372 877 468 908 neque
480 866 579 906 praedo
588 867 709 896 violarit
718 874 802 895 antea
813 886 821 898 ‚
836 874 932 905 neque
942 863 1036 893 hostis
1047 872 1091 893 at-

133 911 234 950 tigerit
242 929 251 943 ,
263 909 293 939 id
302 909 338 939 ab
349 919 411 939 uno
421 908 478 938 isto
488 907 525 937 sic
534 908 694 947 spoliatum
705 905 774 940 esse,
787 916 819 936 ut
827 907 903 936 nihil
915 907 1045 935 omnino
1056 903 1090 934 sit

134 950 287 982 reliEtum.
313 948 373 981 Hic
381 960 463 982 nunc
472 958 521 979 aut
529 949 582 980 iste
592 959 669 983 reuS,
682 958 731 979 aut
741 959 796 990 ego
806 958 872 980 accu
878 948 961 981 sator,
973 956 1022 977 aut
1032 948 1091 976 hoc

129 992 282 1033 judicium
300 992 493 1032 appellabitur
510 996 520 1022 ?
536 991 716 1021 criminibus
734 992 819 1020 enim
838 991 1004 1031 coarguitur
1015 1008 1023 1022 ,
1042 997 1092 1018 aut

133 1033 351 1073 suspicionibus
361 1035 394 1063 in
400 1032 551 1072 judicium
561 1042 683 1063 vocatur
694 1038 703 1064 ?
721 1032 763 1062 dii
774 1031 881 1064 ablati,
893 1030 958 1061 fana
968 1039 1071 1060 vexata
1080 1049 1088 1062 ,

134 1074 251 1106 nudatae
263 1074 349 1104 urbes
359 1076 554 1114 reperiuntur.
578 1084 676 1105 earum
688 1083 787 1104 autem
799 1083 898 1103 rerum
907 1072 1022 1102 nullam
1034 1070 1086 1101 fibi

134 1115 189 1147 iste
199 1126 296 1157 neque
307 1115 448 1155 infitiandi
457 1117 598 1145 rationem
609 1137 617 1150 ,
641 1126 737 1156 neque
748 1114 905 1154 defendendi
915 1114 1090 1153 facultatem

73 1183 82 1191 ,
99 1180 102 1182 ψ
133 1158 271 1198 reliquit:
291 1157 438 1188 omnibus
449 1159 482 1187 in
493 1158 580 1188 rebus
590 1159 757 1198 coarguitur
766 1156 782 1186 a
792 1166 857 1189 me,
870 1157 1063 1186 convincitur
1075 1155 1091 1185 a

73 1653 118 1696 48

135 1199 259 1230 testibus
267 1219 276 1234 ,
300 1208 417 1240 urgetur
429 1197 611 1229 confessione
625 1200 673 1230 sua
683 1220 691 1232 ‚
714 1197 880 1229 manifestis
892 1200 924 1227 in
935 1196 1090 1227 maleficiis

136 1249 268 1275 tenetur,
292 1241 324 1270 &
335 1249 437 1271 manet
446 1243 535 1270 etiam
545 1261 554 1274 ,
574 1251 606 1271 ac
621 1243 724 1271 tacitus
733 1239 809 1270 faeta
818 1249 938 1269 mecum
950 1240 998 1269 sua
1008 1249 1090 1269 reco-

134 1284 259 1324 gnoscit.
292 1281 437 1313 Nimium
448 1284 525 1312 mihi
535 1282 586 1312 diu
600 1282 706 1312 videor
725 1284 758 1312 in
779 1289 841 1311 uno
858 1291 965 1326 genere
983 1281 1089 1310 versari

136 1326 315 1354 criminum.
339 1325 435 1354 sentio
448 1326 455 1362 j
460 1324 559 1354 udices
567 1343 576 1357 ‚
597 1323 816 1354 occurrendum
827 1322 884 1352 esse
892 1322 1027 1362 satietati
1035 1332 1089 1350 au—

134 1376 222 1399 rium,
234 1368 464 1406 animorumque
475 1365 653 1395 vestrorum.
676 1368 776 1406 Qam
787 1365 826 1394 ob
836 1374 899 1394 rem
913 1365 1007 1393 multa
1016 1373 1089 1403 prae*

136 1409 311 1437 termittam.
333 1407 368 1437 ad
379 1417 411 1436 ea
419 1416 520 1436 autem
530 1427 538 1440 ,
558 1417 624 1447 quae
634 1405 768 1445 dicsturus
778 1406 843 1436 sum
855 1426 863 1439 ‚
885 1405 996 1444 rcgficite
1013 1415 1068 1434 vos
1079 1426 1087 1437 ,

135 1449 252 1490 quaeso,
266 1448 383 1488 judices
394 1468 402 1482 ,
423 1458 475 1488 per
484 1448 557 1478 deos
574 1449 771 1478 immortaleis
783 1468 791 1481 ,
811 1457 863 1487 per
873 1457 923 1477 eos
934 1447 1014 1486 ipsos
1026 1467 1034 1480 ,
1053 1447 1090 1476 de

136 1500 266 1532 quorum
284 1491 432 1530 religione
446 1490 566 1529 jamdiu
585 1490 715 1520 dicimus
724 1510 733 1523 ,
753 1489 827 1520 dum
846 1489 876 1519 id
893 1490 957 1527 ejus
975 1487 1090 1520 facinus

135 1541 350 1563 commemoro
360 1551 368 1565 ,
385 1531 418 1562 &
426 1530 558 1571 profero,
569 1542 630 1572 quo
638 1533 794 1572 provincia
803 1539 863 1561 tota
872 1540 1027 1560 commota
1037 1529 1087 1560 est.

138 1573 176 1604 de
185 1584 245 1614 quo
256 1572 275 1604 si
293 1574 393 1614 paullo
408 1572 496 1603 altius
513 1574 623 1606 ordiri,
644 1584 677 1604 ac
687 1582 818 1613 repetere
831 1574 1011 1602 memoriam
1024 1572 1092 1601 reli-

140 1617 237 1657 gionis
247 1615 384 1649 videbor,
396 1614 548 1656 ignoscite.
571 1617 630 1645 Rei
644 1615 821 1657 magnitudo
832 1624 881 1644 me
891 1614 1019 1644 breviter
1027 1623 1093 1654 per-

142 1656 281 1699 stringere
290 1659 474 1688 atrocitatem
484 1658 621 1687 criminis
631 1667 696 1687 non
705 1655 782 1687 finit.
794 1660 887 1686 Vetus
897 1655 940 1686 est
950 1656 1012 1686 haec
1024 1657 1092 1695 opi-

137 1700 194 1730 nio
202 1719 211 1733 ‚
219 1700 230 1739 j
235 1698 335 1729 udices
344 1720 352 1732 ‚
363 1708 427 1740 quae
437 1698 551 1729 constat
560 1709 599 1728 ex
609 1697 821 1740 antiquiffimis
831 1700 1003 1728 Graecorum
1014 1698 1094 1727 litte-

138 1742 178 1772 ris
189 1760 197 1775 ,
208 1750 293 1782 atque
304 1742 513 1770 monumentis
522 1761 530 1774 ,
542 1741 670 1771 insulam
679 1741 810 1771 Siciliam
821 1749 913 1770 totam
927 1759 935 1773 ,
947 1737 1004 1769 efl'e
1016 1742 1092 1768 cere—

139 1784 186 1816 ri,
206 1783 240 1815 &⁶
250 1781 353 1812 Liberae
366 1783 558 1821 consecratam.
582 1784 640 1812 hoc
657 1781 728 1813 cum
745 1791 847 1812 ceterae
857 1790 956 1822 gentes
967 1779 1004 1812 sic
1013 1781 1092 1811 arbi-

139 1833 254 1855 trantur
265 1845 273 1857 ‚
286 1833 350 1854 tum
360 1823 427 1863 ipsis
437 1824 543 1854 Siculis
557 1833 616 1854 tam
625 1825 796 1864 persuasum
807 1823 849 1853 est
857 1843 865 1857 ,
879 1831 911 1853 ut
920 1825 1029 1853 animis
1038 1832 1090 1852 eo-

139 1876 210 1898 rum
227 1864 369 1899 insitum,
386 1874 473 1905 atque
488 1867 627 1896 innatum
643 1864 700 1895 ess‘e
711 1865 858 1896 videatur.
888 1874 958 1894 nam
970 1865 1002 1894 &
1012 1873 1091 1895 natas

141 1906 200 1939 ess'e
210 1909 260 1937 has
270 1909 301 1936 in
311 1908 359 1936 his
368 1906 443 1936 locis
453 1906 535 1940 deas,
559 1907 592 1936 &
601 1906 700 1947 fruges
712 1909 744 1937 in
760 1917 792 1937 ea
801 1915 874 1937 terra
889 1905 1025 1946 primum
1046 1916 1092 1935 re-

140 1958 236 1990 pertas
245 1948 422 1978 arbitrantur
433 1958 438 1977 z
457 1947 490 1978 ὃς
503 1957 615 1988 raptam
625 1947 682 1978 effe
691 1949 831 1978 Liberam
842 1969 850 1981 ,
861 1957 952 1988 quam
964 1947 1090 1977 eandem

141 1991 332 2031 Proserpinam
346 1998 455 2019 vocant
464 2009 472 2022 ‚
492 1998 530 2018 ex
550 1988 734 2019 Ennensiu'm
753 1999 877 2019 nemore
889 2000 894 2017 ;
917 1991 968 2029 qui
987 1989 1072 2018 locus
1082 2009 1089 2021 ‚

142 2032 225 2073 quod
236 2034 268 2060 in
281 2031 381 2061 media
390 2030 432 2060 est
440 2030 536 2063 insula
544 2029 624 2064 fitus,
634 2029 784 2060 umbilicus
794 2031 895 2060 Sicilia
906 2032 1090 2060 nominatur.

142 2083 235 2114 quam
245 2072 315 2103 cum
327 2071 500 2113 investigare
511 2092 519 2105 ‚
535 2073 566 2102 &
576 2074 750 2113 conquirere
761 2075 846 2102 Ceres
855 2072 965 2104 vellet,
985 2071 1094 2101 dicitur

140 2112 339 2145 inflammasse
349 2114 435 2143 taedas
450 2116 488 2143 iis
498 2114 617 2154 ignibus
627 2134 636 2147 ,
657 2117 708 2154 qui
719 2124 757 2143 ex
768 2117 865 2143 AEtna:
875 2115 982 2143 vertice
992 2123 1092 2143 erum*

139 2165 234 2197 punt:
255 2165 326 2196 quas
344 2154 397 2185 sibi
409 2153 480 2184 cum
491 2156 552 2195 ipsa
561 2155 727 2194 praeferrer,
748 2156 852 2185 orbem
871 2157 1012 2184 omnium
1027 2164 1093 2194 per-

141 2196 247 2239 agrasse
256 2206 410 2228 terrarum.
434 2199 520 2226 Enna
528 2206 639 2229 autem,
650 2197 701 2227 ubi
713 2207 755 2230 ea,
768 2206 832 2237 quae
843 2196 914 2226 dico
925 2216 932 2229 ,
947 2196 1024 2237 gesta
1034 2195 1092 2226 esse

144 2248 351 2270 memorantur
362 2259 370 2272 ‚
383 2237 425 2268 est
434 2239 502 2268 loco
512 2238 649 2278 praecelso
659 2258 667 2271 ,
687 2248 773 2279 atque
783 2238 878 2267 edito:
899 2240 1002 2278 quoin
1012 2238 1093 2267 sum-

143 2291 197 2312 mo
206 2280 249 2311 est
258 2289 367 2320 aequata
375 2282 433 2322 agri
442 2280 581 2319 planities
590 2300 598 2313 ,
620 2280 652 2309 &
662 2290 743 2320 aquae
752 2289 918 2319 peremnes.
942 2288 1001 2309 tota
1020 2279 1093 2309 vero

142 2323 179 2354 ab
192 2324 280 2353 omni
296 2322 378 2352 aditu
395 2322 587 2354 circumcisa,
606 2331 692 2361 atque
703 2321 829 2351 diremta
838 2320 888 2350 est.
912 2331 1001 2361 quam
1019 2323 1094 2351 circa

142 2365 232 2398 lacus,
247 2365 365 2404 lucique
376 2364 444 2393 sunt
453 2364 587 2403 plurimi,
606 2363 638 2393 &
650 2367 659 2381 ¹
672 2361 909 2393 laetiffimifiores
919 2364 1005 2392 omni
1015 2371 1092 2392 tem-

142 2416 213 2446 pore
222 2408 293 2436 anni
305 2416 310 2434 :
330 2406 413 2435 locus
423 2405 522 2445 utipse
536 2413 651 2444 raptum
666 2405 756 2434 illurn
765 2405 891 2445 virginis
902 2424 909 2437 ,
930 2414 1020 2444 quem
1028 2405 1091 2444 jam

143 2447 161 2478 ὲ
173 2449 269 2488 puetis
277 2449 443 2486 accepimus
452 2467 461 2480 ‚
472 2446 615 2479 declarare
626 2446 769 2476 videatur.
793 2448 913 2476 Etenim
924 2455 1042 2485 propter
1050 2445 1093 2476 est

143 2490 281 2530 spelunca
292 2488 427 2529 quaedam
438 2508 447 2522 ,
462 2488 602 2518 conversa
611 2488 645 2518 ad
655 2489 853 2528 Aquilonem,
865 2486 983 2517 infinita
992 2487 1092 2517 altitu·

144 2531 215 2561 dine
225 2551 234 2564 ‚
247 2541 303 2571 qua
315 2532 416 2559 Ditem
423 2537 533 2571 patrem
542 2529 642 2559 ferunt
654 2529 774 2569 repente
785 2539 855 2559 cum
866 2539 952 2559 curru
965 2528 1093 2559 exstitis-

144 2573 173 2603 se
185 2593 193 2606 ‚
212 2572 417 2613 abreptamque
427 2581 464 2601 ex
475 2581 512 2601 eo
522 2571 589 2600 loco
602 2572 751 2612 virginem
762 2570 862 2600 secum
873 2569 1026 2610 asportaffe
1037 2591 1045 2604 ,
1061 2571 1093 2601 δε

145 2614 245 2645 subito
261 2624 325 2644 non
339 2613 428 2654 longe
448 2611 616 2652 aSyracusis
624 2610 783 2651 penetrasse
793 2612 845 2642 sub
856 2620 941 2642 terras
952 2631 960 2645 ,
981 2613 1094 2642 lacum-

145 2659 245 2696 quein
255 2665 291 2685 eo
302 2656 370 2685 loco
379 2654 501 2694 repente
515 2652 674 2684 exstitisse:
694 2653 747 2683 ubi
763 2654 853 2694 usque
863 2653 898 2683 ad
908 2654 967 2683 hoc
977 2662 1095 2693 tempus

145 2695 313 2737 Syracusani
321 2695 412 2726 festos
421 2696 484 2725 dies
494 2696 707 2726 anniversarios
716 2704 805 2736 agunt
814 2715 822 2728 ‚
842 2695 1039 2724 celeberrimo
1050 2698 1096 2724 vi-

147 2748 248 2769 rorum
259 2759 268 2772 ,
288 2739 510 2777 mulierumque
521 2746 683 2767 conventu.
716 2740 835 2776 Propter
844 2737 931 2776 hujus
942 2738 1096 2776 opinionis

147 2780 320 2811 vetustatem
331 2800 338 2813 ,
353 2778 434 2820 quod
448 2789 553 2808 eorum
565 2780 597 2808 in
607 2780 652 2808 his
663 2779 736 2809 locis
749 2777 871 2820 vestigia
882 2798 889 2812 ‚
909 2788 940 2808 ac
950 2778 1040 2818 prope
1053 2779 1096 2807 im

145 2821 285 2851 cunabula
295 2822 481 2861 reperiuntur
488 2820 704 2853 deorum‚mira
713 2820 849 2861 quaedam
859 2828 920 2849 tota
930 2820 1028 2850 Sicilia
1038 2822 1099 2859 pri-

145 2865 284 2898 vatin1‚ac
292 2862 410 2902 publice
422 2862 526 2903 religio
534 2861 577 2891 est
586 2863 698 2892 Cereris
708 2860 863 2891 Ennenfis.
886 2863 1005 2892 Etenim
1017 2862 1097 2891 mul-

147 2912 176 2934 ta
193 2904 265 2944 saepe
285 2904 418 2945 prodigia
435 2905 500 2932 vim
518 2905 583 2942 ejus
592 2923 600 2936 ,
613 2913 789 2943 numenque
803 2903 950 2933 declarant
962 2914 967 2931 :
993 2903 1098 2933 multis

147 2945 220 2990 &pe
231 2948 265 2976 in
273 2944 464 2977 difficillimis
477 2945 563 2975 rebus
572 2945 700 2985 praesens
714 2945 864 2975 auxilium
881 2945 946 2985 ejus
959 2944 1096 2975 oblatum

187 3074 210 3090 i.
232 3066 344 3097 Lsttsffimi
356 3064 455 3098 flores]
475 3066 516 3090 Ita
527 3063 574 3090 ms.
586 3064 705 3090 Turnebi
718 3083 725 3096 ‚
745 3064 824 3100 longe
837 3064 967 3091 venustius
979 3065 1059 3099 quiun
1071 3071 1101 3089 ut

147 3107 225 3127 autea
236 3099 388 3134 vulgabatur
400 3118 408 3130 ,
422 3102 474 3125 lem
491 3102 540 3126 imi.

1125 3070 1131 3128 l
1145 3106 1147 3108 .

1131 199 1188 234 est,
1203 209 1237 231 ut
1247 202 1308 231 haec
1319 201 1413 232 insula
1424 200 1459 231 ab
1473 210 1510 231 eo
1521 208 1585 230 non
1597 197 1696 230 solum
1708 196 1804 239 diligi,
1820 195 1866 228 sed
1879 197 1966 227 etiam
1984 196 2090 226 incoli,

1128 242 1330 283 custodirique
1343 243 1484 273 videatur.
1510 244 1574 272 Nec
1585 241 1683 272 solum
1696 241 1786 271 Siculi
1798 260 1805 273 ,
1822 238 1930 269 verum
1941 240 2030 268 ctiam
2043 249 2095 268 ce-*

1130 291 1196 313 terae
1207 293 1309 324 gentes
1320 304 1328 318 ,
1341 284 1534 324 nationesque
1550 284 1722 313 Ennensem
1734 285 1870 312 Cererem
1884 280 2018 310 maximi²
2039 290 2092 309 co->

1129 324 1204 354 lunt·
1228 327 1363 359 Etenim,
1377 324 1396 355 fi
1405 325 1724 364 ,Athen{ensiumficem⁹
1739 324 1856 354 summa
1865 322 2025 361 cupiditate
2036 331 2093 350 ex*

1129 375 1270 404 petuntur
1281 387 1289 399 ,
1310 366 1344 396 ad
1354 377 1429 407 quos
1440 370 1525 396 Ceres
1539 369 1569 396 in
1582 367 1635 396 illo
1647 376 1744 396 errore
1754 364 1868 395 veniffe
1879 364 1988 394 dicitur
1998 383 2006 397 ,
2026 362 2094 392 siu-²

1128 407 1233 446 gesque
1245 407 1372 437 attulisse
1385 419 1389 437 z
1401 418 1542 448 quantam
1554 407 1611 437 effe
1625 408 1804 447 religionem
1817 408 1959 436 convenit
1969 414 2089 437 eorum,

1129 448 1206 487 apud
1225 458 1300 488 quos
1317 459 1382 478 earn
1397 458 1495 478 natam
1511 448 1568 478 effe
1583 470 1590 482 ,
1615 450 1647 478 &
1666 448 1764 489 fruges
1787 445 1934 478 invenifi'e
1955 446 2092 477 constat?

1130 491 1230 529 Itaque
1243 489 1317 529 apud
1328 499 1421 529 patres
1436 490 1551 520 nostros
1561 492 1651 520 atroci
1665 510 1673 523 ,
1684 500 1717 520 ac
1726 488 1843 519 difficili
1856 492 1927 529 reip.
1942 497 2091 528 tempore,

1130 528 1200 560 cum
1213 550 1221 564 ,
1237 533 1287 560 Ti.
1299 532 1433 561 Graccho
1443 533 1541 561 occiso
1554 552 1562 564 ,
1586 541 1765 571 magnorum
1776 531 1980 571 periculorum
1991 539 2092 560 metus

1130 577 1168 601 ex
1179 571 1304 601 ostentis
1317 572 1542 611 portenderetur
1552 593 1559 604 ‚
1583 576 1613 602 P.
1627 575 1726 602 Mutio
1738 594 1746 606 ,
1768 575 1804 603 L.
1818 573 1980 612 Calpurnio
1998 574 2088 601 Coss.

1130 613 1244 643 aditum
1256 613 1343 643 estad
1357 614 1450 643 libros
1461 614 1624 652 Sibyllinos
1640 625 1644 642 :
1666 616 1699 643 in
1717 615 1828 655 quibus
1847 616 2006 644 inventum
2026 612 2068 642 est
2078 634 2087 646 ‚

1131 657 1297 684 CEREREM
1319 664 1603 693 ANriQussiMAM
1618 665 1765 685 PLACARI
1790 665 1972 686 oron-rania.
2003 658 2090 685 Tum

1131 706 1169 726 ex
1183 695 1365 736 ampliffimo
1383 696 1512 737 collegio
1525 696 1716 726 decemvirali
1737 697 1896 727 sacerdotes
1910 696 2012 736 populi
2025 699 2091 726 Ro-

1131 740 1231 771 mani,
1253 737 1325 768 cum
1335 736 1406 767 ess'et
1417 739 1449 767 in
1460 737 1532 767 urbe
1542 736 1640 767 nostra
1650 740 1763 767 Cereris
1782 739 2016 778 pulcherrimum
2029 758 2037 771 ,
2059 738 2092 767 δε

1133 778 1460 820 magnificentissimum
1471 779 1620 819 templum
1633 800 1641 812 ‚
1663 788 1762 809 tamen
1783 780 1873 820 usque
1885 783 2001 809 Ennam
2021 789 2091 819 pro—

1132 820 1203 851 feffi
1215 822 1291 851 sunt.
1314 830 1393 852 tanta
1402 823 1484 850 enim
1495 829 1555 850 erat
1566 820 1733 853 auc‘loritas,
1748 820 1780 850 ὃ(
1791 820 1917 851 vetustas
1929 822 2009 850 illius
2020 821 2093 850 reli-

1132 864 1247 904 gionis,
1270 872 1317 896 ut,
1331 861 1403 893 cum
1414 863 1487 892 illuc
1500 864 1577 892 irent
1591 882 1599 895 ‚
1620 872 1683 892 non
1694 862 1729 891 ad
1740 862 1834 891 aedem
1847 865 1959 892 Cereris
1969 882 1976 895 ,
1996 862 2041 891 sed
2055 862 2095 892 ad..

1132 906 1226 944 ipsam
1235 908 1372 935 Cererem
1383 902 1530 944 proficisci
1541 903 1723 933 viderentur.
1742 905 1835 933 ²sNon
1847 904 2011 933 obtundam
2024 904 2097 933 diu--

1132 945 1203 976 tius.
1227 949 1341 976 etenim
1354 945 1533 986 jamdudum
1546 955 1666 977 vereor.
1688 955 1726 974 ne
1736 947 1831 975 oratio
1841 955 1907 975 mea
1917 965 1924 977 ‚
1948 946 2043 974 aliena
2055 945 2090 973 ab

1129 988 1314 1028 judiciorum
1335 989 1466 1020 ratione,
1487 987 1525 1016 ’δε
1543 987 1716 1027 quotidiana
1734 986 1854 1016 dicendi
1873 986 2091 1016 consuetudine

1132 1028 1190 1059 effe
1200 1029 1345 1060 videatur.
1369 1030 1427 1058 hoc
1437 1028 1520 1061 dico,
1543 1030 1620 1058 hanc
1638 1029 1730 1068 ipsam
1744 1032 1880 1058 Cererem
1892 1048 1900 1061 ‚
1924 1025 2092 1068 antiquiflim

1132 1081 1214 1102 mam
1225 1091 1233 1105 ,
1251 1069 1498 1112 religiosissimam
1509 1090 1517 1103 ‚
1535 1071 1686 1112 principem
1703 1071 1828 1099 omnium
1842 1071 1984 1109 sacrorum
1997 1090 2004 1101 ‚
2025 1079 2092 1109 qua:

1131 1113 1208 1153 apud
1219 1115 1338 1143 omneis
1352 1114 1468 1153 genteis
1478 1132 1485 1145 ,
1498 1113 1692 1152 nationesque
1705 1110 1781 1141 fiunt
1791 1132 1799 1145 ,
1811 1111 1827 1141 a
1836 1114 1868 1141 C.
1878 1115 1968 1141 Verre
1982 1121 2019 1140 ex
2031 1112 2091 1140 suis

1131 1156 1251 1195 templis
1263 1176 1271 1188 ,
1287 1165 1319 1185 ac
1329 1154 1446 1184 sedibus
1458 1152 1515 1183 ess'e
1526 1154 1679 1184 sublatam.
1712 1155 1772 1194 Qi
1782 1152 1938 1183 accessistis
1949 1156 2065 1183 Ennam
2080 1172 2090 1185 ,‚

1129 1196 1245 1227 vidistis
1255 1196 1444 1226 fimulacrum
1456 1197 1569 1225 Cereris
1581 1195 1596 1225 ὲ
1608 1205 1767 1227 marmore,
1788 1195 1820 1225 Sc
1831 1197 1862 1224 in
1872 1196 1963 1224 altero
1975 1194 2091 1233 templo

1130 1239 1254 1269 Liberae.
1278 1238 1346 1268 sunt
1356 1247 1387 1267 ea
1397 1235 1557 1277 perampla,
1572 1246 1657 1277 atque
1668 1238 1802 1276 pi'aeclara
1812 1256 1819 1269 ‚
1833 1237 1879 1266 sed
1891 1238 2003 1266 nonita
2013 1238 2092 1265 anti-

1131 1291 1195 1321 qua.
1219 1283 1265 1310 Ex
1276 1290 1332 1309 aere
1342 1278 1398 1309 fuit
1408 1279 1559 1320 quoddam
1574 1279 1692 1308 modic-2
1709 1278 1908 1317 amplitudine
1919 1298 1927 1310 ,
1947 1288 1979 1308 ac
1989 1276 2087 1318 singu—

1131 1323 1183 1352 lari
1195 1332 1283 1361 opere
1292 1342 1300 1354 ‚
1311 1331 1381 1351 cum
1396 1320 1509 1350 facibus
1520 1341 1528 1354 ‚
1543 1322 1752 1361 perantiquum
1764 1340 1772 1352 ,
1785 1322 1927 1349 omnium
1942 1320 2064 1348 iliorum
2075 1339 2087 1351 ‚

1132 1374 1196 1404 quae
1206 1365 1273 1394 sunt
1283 1365 1315 1392 in
1326 1373 1363 1392 eo
1376 1361 1446 1392 fano
1459 1382 1466 1394 ,
1479 1363 1578 1392 multo
1587 1360 1839 1402 antiquissimum.
1864 1361 1893 1391 id
1910 1360 2024 1390 sustulit
2035 1373 2043 1393 ·,
2055 1371 2087 1390 ac

1130 1415 1231 1435 tamen
1240 1415 1278 1435 eo
1288 1412 1446 1434 contentus
1457 1414 1520 1434 non
1530 1403 1596 1434 fuit.
1614 1407 1692 1433 Ante
1701 1403 1795 1433 aedem
1807 1404 1920 1433 Cereris
1931 1404 1964 1432 in
1973 1411 2086 1446 aperto?

1131 1457 1164 1480 ac
1174 1446 1329 1487 propatulo
1341 1446 1410 1475 loco
1424 1444 1501 1486 figna
1517 1445 1578 1475 duo
1596 1446 1677 1478 sunt,
1699 1446 1813 1476 Cereris
1823 1454 1939 1476 unum,
1961 1444 2089 1473 alterum

1133 1489 1336 1529 Triptolemi,
1350 1488 1587 1526 &pulcherrima
1596 1507 1604 1520 ‚
1618 1487 1650 1517 &
1659 1487 1818 1526 perampla.
1840 1487 1886 1516 his
1897 1485 2090 1526 pulchritudo

1131 1530 1263 1570 periculo
1273 1550 1280 1563 ‚
1293 1529 1462 1569 amplitudo
1472 1529 1557 1558 saluti
1567 1528 1624 1558 fuit
1633 1549 1640 1562 ,
1650 1527 1731 1569 quod
1743 1538 1848 1558 eorum
1860 1528 2032 1559 demolitio,
2045 1536 2089 1556 at<

1132 1583 1189 1613 que
1199 1572 1357 1611 asportatio
1367 1591 1375 1604 ‚
1416 1569 1580 1600 erdifficilis
1589 1570 1752 1600 videbatur.
1784 1568 1932 1599 insistebat
1949 1571 1982 1598 in
1996 1578 2089 1598 manu

1132 1615 1245 1645 Cereris
1263 1612 1367 1642 dextra
1396 1612 1574 1642 imulacrum
1598 1611 1799 1651 pulcherrime
1822 1610 1936 1641 factum
1953 1609 2089 1639 Vic'hrzae.

1131 1658 1190 1686 hoc
1200 1654 1254 1685 iste
1263 1654 1279 1684 ὲ
1292 1653 1374 1696 figno
1386 1655 1500 1684 Cereris
1510 1653 1714 1686 avellendum,
1727 1652 1996 1693 asportandumque
2005 1662 2089 1681 cura-

1131 1700 1185 1728 vit.
1208 1698 1269 1737 Qii
1278 1696 1398 1726 tande'rn
1411 1694 1494 1725 istius
1504 1697 1622 1725 animus
1636 1694 1677 1725 est
1687 1705 1769 1725 nunc
1785 1696 1818 1724 in
1835 1695 2015 1734 recognitione
2028 1694 2086 1732 sce-
2103 1702 2149 1730 50

1131 1740 1220 1769 lerum
1233 1739 1352 1777 suornm
1366 1757 1374 1771 ,
1389 1735 1460 1768 cum
1479 1747 1533 1777 ego
1545 1738 1606 1776 ipse
1619 1738 1651 1766 in
1668 1744 1961 1766 commemoratione
1979 1745 2084 1765 eorum

1132 1791 1197 1812 non
1206 1779 1306 1811 solum
1317 1781 1421 1810 animo
1432 1788 1628 1809 commovear
1639 1799 1647 1811 ,
1666 1788 1773 1808 verum
1785 1780 1874 1807 etiam
1886 1787 2009 1817 corpore
2019 1786 2088 1816 per-

1132 1822 1319 1853 horrescam?
1336 1823 1422 1851 venit
1431 1822 1514 1850 enim
1525 1821 1603 1850 mihi
1615 1819 1695 1853 fani,
1708 1820 1783 1853 loci,
1796 1819 1949 1859 religionis
1959 1819 2041 1848 illius
2054 1820 2087 1848 in

1132 1873 1268 1894 mentem
1281 1874 1286 1892 :
1298 1863 1449 1893 versantur
1457 1871 1523 1892 ante
1532 1862 1636 1891 oculos
1647 1863 1750 1890 omnia
1762 1871 1767 1889 :
1786 1860 1849 1889 dies
1859 1860 1912 1890 ille
1923 1880 1932 1893 ,
1952 1870 2013 1901 quo
2029 1870 2087 1899 ego

1133 1910 1252 1937 Ennam
1262 1903 1332 1934 cum
1343 1902 1501 1936 venissem,
1517 1901 1622 1943 praesto
1632 1903 1710 1931 mihi
1720 1901 1881 1932 sacerdotes
1891 1903 2004 1931 Cereris
2013 1911 2085 1931 cuna

1132 1947 1247 1980 infulis,
1258 1956 1290 1976 ac
1298 1944 1435 1976 verbenis
1446 1944 1582 1975 fuerunt:
1595 1945 1713 1977 concio,
1723 1943 1949 1983 conventusque
1957 1945 2088 1973 civium:

1132 1991 1164 2019 in
1175 1998 1236 2029 quo
1247 1998 1302 2029 ego
1311 1997 1379 2017 cum
1391 1987 1546 2026 loquerer,
1559 1987 1631 2015 tanti
1642 1984 1728 2014 fletus
1738 2006 1745 2018 ,
1757 1985 1943 2025 gemitusque
1955 1983 2064 2014 fiebant
2073 2003 2084 2017 ,

1132 2041 1164 2060 ut
1174 2028 1373 2060 acerbiffimus
1383 2036 1443 2058 tota
1453 2027 1524 2057 urbe
1543 2026 1641 2056 luehis
1659 2027 1765 2056 versari
1783 2026 1942 2056 videretur.
1965 2035 2029 2055 non
2039 2025 2088 2054 illi

1132 2073 1324 2102 decumarum
1336 2071 1461 2109 imperia
1472 2090 1479 2102 ,
1492 2079 1555 2098 non
1565 2068 1717 2098 bonorum
1728 2068 1912 2107 direptiones
1922 2087 1930 2100 ,
1952 2077 2017 2096 non
2027 2069 2090 2096 ini-

1132 2124 1189 2155 qua
1199 2112 1319 2151 judicia,
1330 2122 1393 2141 non
1404 2108 1667 2150 importuniffimas
1678 2109 1762 2139 istius
1772 2109 1924 2142 libidines,
1934 2118 1997 2138 non
2008 2110 2086 2142 vim,

1133 2165 1197 2185 non
1207 2154 1422 2186 contumelias,
1442 2152 1551 2192 quibus
1565 2153 1678 2191 operti,
1702 2149 1884 2191 oppressique
1893 2159 1975 2180 erant
1985 2171 1993 2183 ,
2012 2160 2090 2180 con-

1132 2196 1346 2237 querebantur:
1368 2196 1481 2224 Cerei-is
1491 2203 1607 2223 numen
1618 2213 1626 2226 ,
1647 2194 1795 2223 sacrorum
1809 2191 1984 2222 vetustatem
1996 2211 2004 2224 ‚
2024 2190 2088 2220 fani

1132 2239 1322 2278 religionem,
1335 2235 1419 2266 istius
1429 2233 1650 2269 sceleratiffirni,
1665 2244 1751 2275 atque
1760 2232 2088 2274 audaciffimifizppli'cio

1133 2288 1239 2321 expiari
1262 2278 1419 2308 volebant:
1440 2278 1544 2306 omnia
1563 2277 1590 2306 se
1605 2285 1700 2306 cetera
1710 2278 1785 2316 pati,
1803 2286 1836 2306 ac
1846 2276 1993 2317 negligere
2004 2275 2088 2315 dice-

1133 2322 1213 2351 bant.
1238 2322 1296 2350 Hic
1306 2320 1394 2349 dolor
1404 2327 1463 2348 erat
1473 2327 1585 2351 tantus,
1599 2327 1631 2347 ut
1640 2321 1744 2348 Verres
1753 2339 1762 2350 ‚
1778 2318 1849 2348 alter
1858 2319 1961 2350 Orcus,
1973 2314 2089 2346 veniffe

1134 2362 1300 2395 Ennam,&
1311 2371 1374 2391 non
1382 2360 1586 2400 Proserpinam
1598 2358 1815 2399 asportafi'e,sed
1826 2360 1917 2398 ipsam
1927 2356 2087 2398 abripuisse

1134 2408 1271 2435 Cererem
1281 2403 1441 2433 videretur.
1467 2403 1587 2432 Etenim
1599 2402 1667 2431 urbs
1678 2402 1729 2431 illa
1738 2411 1801 2431 nou
1812 2401 1881 2430 urbs
1890 2400 2024 2432 videtur,
2036 2398 2082 2428 sed
2104 2413 2123 2442 5
2133 2414 2145 2437 1

1126 2448 1232 2487 fanum
1244 2447 1338 2474 Cererbs
1347 2443 1411 2474 effe.
1418 2443 1547 2474 habim-e
1555 2443 1631 2482 apud
1641 2444 1699 2473 sese
1708 2446 1844 2472 Cererem
1851 2442 2003 2472 Ennenses
2011 2441 2091 2470 arbi—

1135 2496 1263 2518 trantur:
1276 2495 1308 2516 ut
1319 2487 1395 2516 mihi
1406 2496 1470 2516 non
1480 2487 1560 2515 cives
1571 2485 1652 2514 'illius
1662 2486 1789 2514 civitatis
1799 2504 1806 2517 ,
1820 2484 1867 2513 sed
1878 2493 1985 2512 omnes
1996 2483 2087 2512 sacer-

1134 2530 1219 2560 dotes
1229 2549 1237 2561 ,
1252 2532 1264 2555 3
1277 2537 1384 2557 omnes
1393 2527 1510 2560 accolae,
1520 2535 1606 2566 atque
1616 2525 1760 2555 antistites
1772 2527 1884 2555 Cereris
1896 2523 1953 2554 effe
1963 2524 2088 2554 videan-

1134 2581 1189 2601 tur.
1215 2573 1309 2600 Ennae
1319 2579 1349 2599 tu
1360 2567 1547 2598 simulacrum
1559 2569 1670 2597 Cereris
1680 2567 1782 2596 tollere
1791 2566 1934 2596 audebas?
1950 2569 2044 2596 Ennae
2056 2575 2088 2595 tu

1136 2612 1171 2643 de
1182 2622 1274 2642 manu
1285 2613 1394 2641 Cereris
1405 2609 1571 2639 ViStoriam
1582 2608 1760 2648 deripere‚&
1769 2608 1854 2637 deam
1866 2607 1926 2637 deae
1938 2607 2089 2637 detrahere

1136 2663 1259 2685 conatus
1270 2663 1299 2682 es
1312 2656 1322 2681 ἓ
1332 2661 1460 2692 quorum
1472 2650 1549 2680 nihil
1558 2650 1670 2680 violare
1680 2670 1688 2683 ,
1708 2649 1780 2678 nihil
1787 2657 1925 2689 attingere
1932 2648 1994 2690 ausi
1997 2649 2067 2688 sunt
2076 2669 2089 2683 ‚

1139 2698 1171 2726 in
1181 2695 1288 2736 quibus
1299 2702 1378 2723 erant
1388 2695 1491 2722 omnia
1500 2712 1508 2724 ,
1519 2701 1583 2731 quae
1594 2692 1693 2721 sceleri
1703 2693 1841 2731 propiora
1851 2692 1928 2724 sunt,
1941 2701 2032 2731 quam
2043 2701 2088 2720 re-

1138 2738 1254 2777 ligioni.
1277 2744 1436 2765 tenuerunt
1445 2735 1528 2763 euim
1539 2736 1569 2763 P.
1582 2733 1712 2772 Popillio
1722 2752 1730 2765 ,
1743 2736 1772 2762 Ρ.
1784 2733 1910 2773 Rupilio
1922 2752 1930 2766 ,
1949 2735 2034 2762 Coss.
2050 2733 2090 2761 il-

1140 2780 1205 2808 lum
1215 2778 1318 2807 locum
1329 2777 1402 2806 servi
1414 2796 1421 2808 ,
1435 2773 1553 2815 fugitivi
1565 2794 1573 2808 ,
1588 2774 1716 2807 barbari,
1728 2774 1837 2804 hostes.
1861 2774 1909 2804 sed
1920 2784 2017 2815 neque
2026 2782 2089 2804 tam

1141 2821 1214 2850 servi
1226 2820 1268 2848 illi
1281 2818 1478 2847 dominorum
1489 2836 1497 2849 ,
1517 2826 1607 2858 quam
1617 2824 1649 2845 tu
1661 2815 1825 2845 libidinum
1839 2827 1844 2844 :
1864 2825 1961 2856 neque
1972 2825 2030 2846 tarn
2041 2814 2090 2845 fu-

1141 2863 1225 2903 gitivi
1236 2859 1448 2889 illiadominis
1459 2879 1466 2890 ,
1487 2860 1575 2898 quam
1589 2866 1620 2886 tu
1638 2856 1653 2886 a
1670 2858 1750 2894 jure,
1773 2857 1971 2898 &alegibusz
1992 2867 2091 2897 neque

1142 2913 1202 2933 tam
1214 2902 1326 2932 barbari
1337 2901 1448 2940 lingua,
1459 2899 1490 2930 δι’
1502 2901 1623 2929 natione
1635 2899 1691 2932 illi,
1702 2899 1792 2939 quam
1803 2908 1834 2929 tu
1844 2909 1945 2929 natura
1953 2899 1985 2928 &
1995 2901 2094 2928 mori-

1143 2945 1198 2975 bus
1212 2955 1216 2973 :
1234 2952 1330 2985 neque
1349 2942 1395 2971 illi
1409 2951 1469 2972 tam
1481 2940 1579 2971 hostes
1597 2941 1774 2971 hominibus
1785 2960 1794 2975 ,
1812 2951 1902 2982 quam
1918 2949 1950 2970 tu
1966 2941 2024 2970 diis
2035 2942 2096 2970 im-

1538 2994 1543 2998 *
1983 2991 2097 3012 morta-

1147 3063 1315 3097 Cujac'iiuius.
1329 3063 1429 3097 vulgati
1444 3063 1512 3089 cuim
1526 3072 1533 3093 ;
1546 3064 1637 3089 diutim
1647 3064 1725 3089 aunis
1735 3063 1993 3097 vcslr‘ai·,jamdudum,
2004 3063 2055 3092 &a

1185 3108 1210 3134 3.
1231 3104 1311 3125 Omnes
1323 3101 1399 3126 accolae
1408 3105 1477 3134 atquc
1487 3099 1630 3134 antistites]
1651 3099 1818 3135 Conjieicbat
1828 3098 1988 3127 Gulielmius
2002 3117 2010 3130 ‚
2028 3107 2104 3123 onmes

188 3144 216 3162 2.
234 3138 294 3171 Qu
302 3135 426 3163 obtundam
435 3137 536 3163 Aluum,
554 3137 637 3162 etenim
646 3135 790 3170 jamdudum
809 3136 918 3171 vescon]
939 3137 980 3164 Ita
998 3135 1106 3172 egregii:
1129 3131 1133 3171 l
1143 3135 1269 3170 Jizcricolae.

1999 3177 2009 3195 1
2017 3188 2022 3194 .
2032 3171 2091 3193 Pro·

1531 3173 1593 3207 ψ]
