2302 3353
587 125 682 174 na
759 129 1068 176 ORATo

47 212 93 248 26
109 215 170 259 gis,
192 211 320 245 infucata
336 205 410 243 vitia
426 207 599 240 noscuntur.
633 210 729 249 Qare
739 228 747 242 ,
769 207 832 237 ben&
841 228 849 241 ‚
872 208 1037 249 &praesare
1047 230 1055 243 ‚

107 257 245 299 quamvis
255 254 343 285 nobis
354 251 427 292 saepe
438 251 552 281 dicatur
563 260 568 278 :
580 249 653 282 belle,
668 249 806 289 &festive
819 271 825 283 ,
838 252 973 280 nimium
987 252 1058 290 saepe

107 299 190 329 nolo.
214 304 392 337 quamquam
404 293 456 324 illa
465 292 524 331 ipsa
533 292 730 324 exclamatio,
755 293 820 322 Non
832 290 927 333 potes}
943 293 1059 325 melius,

107 340 140 370 sit
149 339 240 369 velim
252 337 366 367 crebra:
385 334 434 366 sed
444 333 549 364 habeat
567 343 668 363 tamen
685 333 735 363 illa
744 335 778 363 in
788 333 918 363 dicendo
928 333 1057 363 admira-

106 383 167 413 tio,
186 390 218 410 ac
234 379 350 408 summa
367 377 428 407 laus
448 375 588 406 umbram
597 375 727 415 aliquam
739 395 747 407 ,
771 374 957 405 &recessum
970 396 978 408 ‚
1001 384 1062 415 quo

106 423 198 463 magis
209 419 238 450 id
250 441 258 453 ,
272 419 353 460 quod
363 421 419 448 erit
428 418 635 448 illuminatum
644 437 652 450 ‚
679 416 790 446 exstare
800 436 809 450 ,
831 426 916 457 atque
927 418 1061 446 eminere

104 463 244 493 videatur.
278 464 456 502 Numquam
472 461 530 501 agit
547 460 628 489 hunc
643 459 763 489 versum
773 459 899 489 Roscius
911 468 947 488 eo
957 457 1040 500 gestu
1051 478 1060 492 ,

104 514 164 546 quo
173 502 270 544 potest
280 523 288 537 ,

123 548 202 575 Nam
207 545 315 587 sapiens
326 544 434 574 virtuti
444 545 578 576 honorem,
584 543 742 585 premium,
755 541 1046 584 haudpraedampetit:

103 587 152 619 sed
163 587 263 626 abjicit
272 587 390 626 prorsus
402 607 409 619 ,
425 590 434 605 1
448 595 480 615 ut
489 588 522 615 in
531 587 690 625 proximos
701 606 710 618 ,

144 629 257 670 Ecquid
273 628 457 667 vide03ferro
471 627 571 669 saeptus
585 627 699 669 poffidet
709 625 784 665 fides
798 626 911 665 fizcras,

102 670 224 704 incidat,
237 671 365 710 aspiciat,
376 669 548 702 admiretur,
561 668 710 709 stupescat.
735 668 816 708 Qiid
827 667 879 696 ille
889 667 977 697 alter:

110 741 114 744 ,
143 712 228 755 Qid
239 720 336 753 petam
350 711 465 754 praefidi'i
478 715 488 740 ἓ

101 754 193 795 quam
212 754 338 784 leniter?
357 755 449 795 quam
465 749 604 783 remisse?
623 750 714 792 quam
730 760 795 781 non
814 749 953 781 aCtuose?
973 748 1061 780 instat

102 798 188 827 enim
201 815 209 830 ,

143 840 166 865 O
182 844 260 878 pater
270 857 278 870 ,
300 835 312 865 ὃ
330 835 426 878 patria
435 855 443 869 ,
463 833 476 863 ὃ
497 834 607 864 Priami
625 834 731 864 domus.

102 880 135 909 in
145 889 206 919 quo
215 887 293 909 tanta
299 878 489 908 commoveri
498 876 577 907 aetio
588 887 653 906 non
663 876 758 917 poffet
770 897 778 910 ,
791 876 811 906 fi
822 875 892 907 efl‘et
901 875 1058 907 consumta

101 922 251 960 superiore
261 929 347 949 motu
360 939 367 951 ‚
380 919 412 948 &
422 917 571 948 exhausta.
599 921 704 960 Neque
716 919 745 949 id
756 918 869 949 a&ores
879 917 962 959 prius
972 918 1058 948 vide-

100 971 170 993 runt
181 982 189 995 ,
200 961 289 1002 quam
301 959 352 1000 ipfi
361 961 456 1000 po'e’tae
468 980 475 994 ,
489 960 579 1001 quam
590 960 719 1002 denique
730 961 776 990 illi
787 962 877 990 etiam
889 981 897 993 ,
916 962 967 1001 qui
978 959 1057 990 fece-

99 1012 169 1034 runt
178 1003 287 1032 modos
298 1022 306 1035 ,
319 1002 334 1032 a
343 1002 450 1042 quibus
462 1002 591 1042 utrisque
601 1003 802 1037 summittitur
811 1002 935 1043 aliquid,
946 1001 1056 1031 deinde

65 1078 75 1080 ,
98 1054 236 1085 augetur,
249 1053 441 1083 exoenuatur,
461 1042 600 1076 inflatur,
620 1046 764 1078 variatur,
786 1043 991 1085 distinguitur.
1014 1046 1079 1073 Ita',

100 1085 135 1117 fit
142 1086 231 1122 nobis
242 1087 330 1127 igitur
339 1093 459 1115 ornatus
471 1106 479 1118 ,
493 1086 526 1115 &
534 1086 630 1115 suavis
639 1095 738 1116 orator
749 1106 757 1119 ,
770 1086 837 1125 (nec
848 1096 950 1116 tamen
960 1084 1056 1125 potest

99 1128 182 1159 aliter
191 1126 271 1168 ess'e‚)
290 1136 323 1157 ut
331 1127 505 1157 suavitatem
517 1127 621 1157 habeat
628 1127 785 1162 austeram,
799 1128 831 1158 &
841 1127 980 1161 solidam,
993 1137 1056 1157 non

99 1169 229 1202 dulcem,
241 1178 326 1210 atque
336 1168 502 1199 decofitam.
523 1179 594 1199 nam
605 1170 665 1209 ipsa
673 1170 709 1200 ad
719 1170 891 1200 ornandum
903 1178 1055 1209 praecepta,

99 1221 164 1252 quae
173 1210 279 1241 dantur
290 1230 298 1244 ‚
318 1210 470 1250 ejusmodi
480 1211 565 1244 sunt,
588 1220 662 1242 utea
672 1231 680 1245 ,
701 1213 840 1252 quamvis
850 1209 1055 1241 vitiosiffimus

99 1262 207 1286 orator,
218 1253 366 1292 explicare
376 1250 471 1292 poffit.
495 1255 593 1294 Qare
604 1273 612 1286 ‚
624 1262 657 1284 ut
666 1254 735 1284 ante
746 1253 822 1286 dixi,
835 1255 913 1293 prim
919 1252 1056 1293 umfiiva

97 1304 197 1324 rerum
208 1314 216 1327 ,
229 1305 260 1324 ac
271 1294 486 1324 sententiarum
498 1295 695 1335 comparanda
705 1294 747 1324 est
756 1315 763 1328 ,
775 1305 831 1335 qua
841 1295 877 1324 de
888 1303 967 1334 parte
977 1295 1057 1324 dixit

98 1338 260 1366 Antonius.
284 1336 347 1365 haec
355 1335 512 1366 formanda
524 1335 575 1365 filo
586 1337 651 1376 ipso
663 1358 671 1370 ‚
684 1337 715 1366 ἅ.
726 1347 833 1378 genere
842 1338 987 1366 orationis
998 1356 1006 1370 ,
1018 1337 1056 1366 il-

97 1377 275 1408 luminanda
283 1377 382 1408 verbis
390 1398 398 1411 ‚
410 1377 548 1407 varianda
556 1378 720 1408 sententiis.
743 1382 869 1418 Summa
878 1387 978 1408 autern
991 1378 1053 1408 laus

98 1418 276 1460 eloquentia:
287 1418 329 1449 est
340 1439 348 1451 ‚
369 1418 549 1459 amplificare
558 1430 623 1450 rem
633 1420 768 1451 ornando
780 1441 788 1454 ‚
809 1420 891 1461 quod
902 1421 981 1450 valet
989 1430 1053 1450 nori

99 1459 199 1491 solum
209 1460 244 1491 ad
255 1460 424 1502 augendum
435 1461 559 1502 aliquid,
577 1461 610 1491 &
620 1462 791 1492 tollendum
802 1461 900 1495 altius,
911 1462 1053 1495 dicendo,

35 1508 56 1532 2
62 1509 79 1543 7
100 1502 147 1533 sed
157 1504 246 1534 etiarn
256 1503 290 1533 ad
301 1503 526 1533 extenuandum
538 1524 546 1537 ‚
559 1513 644 1544 atque
655 1504 870 1544 abjiciendum.
894 1504 929 1534 Id
941 1503 1055 1533 deside—

97 1553 175 1575 ratur
184 1544 326 1575 omnibus
342 1546 380 1574 iis
397 1546 430 1574 in
439 1546 514 1575 locis
523 1565 532 1578 ‚
551 1555 628 1586 quos
638 1546 672 1576 ad
684 1544 777 1576 fidem
788 1547 932 1576 orationis
941 1545 1055 1576 facien—

99 1586 168 1617 dam
178 1586 311 1616 adhiberi
319 1586 397 1617 dixit
406 1589 570 1620 Antonius‚
582 1588 630 1617 vel
640 1587 712 1618 cum
723 1588 917 1628 explanamus
927 1587 1054 1628 aliquid,

99 1628 148 1658 vel
157 1626 228 1659 cum
238 1628 436 1659 conciliamus
445 1630 565 1660 animos
575 1649 583 1662 ‚
596 1630 643 1659 vel
655 1628 727 1660 cum
740 1632 937 1661 concitamus.
957 1630 1014 1660 Sed
1025 1632 1058 1659 in
1077 1655 1079 1658 .

99 1669 157 1700 hoc
167 1690 175 1704 ,
187 1669 267 1711 quod
277 1669 464 1710 postremum
475 1670 550 1705 dixi,
563 1670 757 1711 amplificatio
767 1670 863 1712 potest
871 1670 1054 1712 plurimum,

99 1722 190 1753 eaque
201 1722 260 1742 una
268 1713 330 1742 laus
341 1715 464 1743 oratoris
475 1711 529 1746 est,
542 1713 575 1743 &
584 1715 704 1753 propria
713 1713 859 1743 maxime.
883 1715 982 1744 Etiam
993 1724 1058 1744 ma-

94 1753 146 1794 jor
162 1752 204 1784 est
221 1753 272 1784 1113
283 1755 455 1785 exercitatio
464 1773 472 1788 ‚
493 1764 584 1795 quam
602 1764 739 1786 extremo
759 1756 897 1786 sermone
916 1755 1059 1785 instruxit

98 1797 249 1826 Antonius
259 1795 370 1836 (primo
378 1796 541 1837 rejiciebat)
552 1796 703 1831 laudandi,
716 1798 748 1827 &
757 1797 954 1838 vituperandi.
968 1798 1057 1828 Nihil

97 1835 141 1867 est
158 1839 242 1867 enim
260 1838 296 1868 ad
315 1838 548 1880 exaggerandam
559 1858 567 1872 ‚
589 1839 621 1869 &
634 1838 877 1880 amplificandam
888 1841 1058 1869 orationem

97 1879 364 1913 accommodatius,
376 1880 468 1920 quam
478 1888 641 1922 utrumque
650 1883 761 1912 horum
772 1880 1004 1911 cumulatissime
1014 1881 1057 1911 fa-

97 1930 163 1951 cere
173 1919 264 1959 poss'e.
298 1922 526 1962 Consequentur
543 1924 635 1953 etiam
654 1923 700 1953 illi
716 1924 795 1957 loci,
815 1925 867 1964 qui
875 1933 1057 1964 quamquam

95 1963 210 2002 proprii
229 1962 381 1992 causarum
393 1982 401 1995 ,
425 1963 644 1994 &inhaerentes
656 1966 689 1994 in
706 1974 810 1994 earum
821 1966 921 1994 newis
938 1964 994 1994 efle
1006 1964 1059 1994 de-

98 2003 172 2034 bent
182 2022 190 2036 ,
211 2011 310 2034 tamen
328 2005 398 2044 quia
406 2003 442 2034 de
453 2005 590 2035 universa
599 2015 629 2035 re
641 2004 755 2036 11361311
766 2006 864 2035 solent
874 2026 881 2039 ,
904 2016 1059 2035 communes

97 2042 115 2074 a
125 2044 275 2074 veteribus
291 2047 442 2075 nominati
460 2044 542 2076 sunt:
562 2056 695 2086 quorum
710 2049 818 2087 partim
836 2046 947 2077 habent
965 2050 1057 2077 vitio-

94 2095 162 2116 rum
173 2105 182 2119 ‚
205 2085 238 2115 &
246 2096 435 2126 peccatorum
454 2098 550 2118 acrem
568 2089 718 2128 quandam
733 2099 803 2119 cum
823 2087 1058 2128 amplificatione

96 2128 318 2158 incusationem
328 2148 336 2162 ,
348 2138 398 2159 aut
407 2130 559 2169 querelam
569 2149 577 2163 ,
589 2140 692 2161 contra
701 2140 791 2171 quam
803 2130 862 2161 dici
873 2131 951 2160 nihil
962 2131 1038 2161 solet
1046 2151 1054 2164 ,

88 2179 151 2201 nec
159 2168 256 2209 potest
267 2181 276 2204 3
286 2173 360 2201 utin
371 2170 609 2210 depeculatorem
621 2192 629 2205 ‚
648 2174 682 2202 in
690 2172 877 2212 proditorem
890 2193 898 2204 ‚
921 2174 954 2201 in
963 2174 1056 2213 parri-

95 2210 192 2241 cidam
203 2231 211 2245 ,
226 2212 334 2252 quibus
345 2215 405 2246 uti,
417 2211 602 2243 confirmatis
612 2214 791 2244 criminibus
804 2234 812 2247 ,
825 2222 952 2254 oportet.
973 2215 1056 2244 aliter

93 2254 180 2282 enim
189 2253 287 2293 jejuni
298 2254 382 2288 sunt,
396 2263 482 2295 atque
492 2257 595 2285 inanes
607 2266 612 2284 :
624 2255 675 2286 alii
686 2264 786 2286 autem
797 2256 908 2286 habent
917 2255 1055 2296 depreca-

93 2296 210 2325 tionem
221 2314 230 2329 ‚
242 2305 292 2326 aut
301 2297 527 2327 miserationem
541 2308 546 2326 ;
566 2297 616 2327 alii
627 2296 699 2328 vero
710 2300 865 2338 ancipiteis
879 2297 1054 2338 disputatio-

94 2345 146 2366 nes
154 2356 164 2370 ,
177 2338 211 2366 in
220 2337 330 2377 quibus
339 2338 375 2368 de
387 2339 527 2369 universo
536 2349 643 2379 genere
654 2341 687 2370 in
699 2349 856 2380 utramque
865 2348 978 2380 partem
994 2339 1054 2370 dis-

93 2377 148 2408 seri
165 2379 287 2418 copiose
306 2380 385 2410 licet.
417 2383 491 2421 Qae
512 2384 683 2412 exercitatio
702 2392 785 2412 nunc
795 2383 914 2422 propria
924 2382 1051 2412 duarum

93 2419 349 2460 philosophiamm
360 2441 368 2455 ,
381 2421 417 2452 de
427 2423 536 2463 quibus
548 2423 615 2454 ante
627 2423 691 2453 dixi
702 2444 710 2458 ‚
730 2432 865 2464 putatur:
884 2423 962 2464 apud
978 2425 1055 2454 anti-

93 2470 168 2502 quos
188 2471 248 2493 erat
265 2473 370 2493 eorum
382 2483 389 2497 ‚
410 2463 544 2505 aquibus
563 2468 665 2495 omnis
684 2466 719 2496 de
730 2466 817 2495 rebus
828 2464 993 2496 forensibus
1004 2466 1051 2495 di-

91 2503 180 2533 cendi
195 2505 267 2534 ratio
277 2525 286 2538 ‚
307 2505 340 2535 &
349 2508 435 2546 copia
445 2507 605 2546 petebatur.
639 2510 687 2538 De
697 2509 806 2538 virtute
815 2510 899 2538 enim
911 2528 918 2541 ,
935 2507 970 2538 de
981 2506 1051 2538 offi-

92 2546 155 2578 cio,
168 2544 203 2575 de
213 2555 299 2587 aequo
309 2546 342 2577 &
352 2547 445 2582 bono,
456 2548 493 2578 de
502 2548 656 2591 dignitate,
673 2550 811 2582 utilitate,
823 2551 949 2583 honore,
961 2551 1050 2590 igno-

90 2588 187 2617 minia
195 2607 203 2621 ‚
214 2591 339 2627 praemio
350 2609 358 2623 ‚
370 2599 468 2629 poena,
481 2589 686 2632 similibusque
696 2592 732 2622 de
742 2591 841 2625 rebus,
851 2593 883 2622 in
895 2601 1051 2632 utiamque

89 2636 201 2667 partem
212 2629 331 2660 dicendi
342 2634 461 2662 animos
471 2652 479 2665 ‚
492 2632 524 2663 δε
533 2635 599 2663 vim
609 2653 618 2666 ,
631 2636 663 2664 &
673 2643 767 2664 artem
777 2633 883 2664 habere
894 2633 1049 2663 debemus.

89 2669 145 2700 Sed
155 2690 164 2704 ‚
185 2673 328 2711 quoniam
341 2673 377 2703 de
387 2673 487 2704 nostra
491 2674 643 2715 poffeffione
654 2674 765 2715 depulfi
775 2695 783 2709 ‚
796 2677 830 2705 in
840 2685 930 2716 parvo
942 2695 950 2709 ,
971 2675 1003 2705 &
1013 2685 1049 2705 eo

87 2710 220 2752 litigioso
233 2732 241 2747 ,
259 2713 405 2754 praediolo
414 2716 513 2745 reliffi
523 2717 626 2746 sumus
637 2737 645 2751 ,
659 2717 693 2748 ὃς
702 2718 832 2747 aliorum
843 2718 979 2757 patroni,
991 2727 1049 2747 no-

88 2751 144 2783 stia
153 2761 251 2785 tenere
265 2775 274 2788 ‚
286 2759 419 2798 tuerique
430 2767 495 2787 non
505 2761 677 2798 potuimus:
688 2759 724 2789 ab
735 2761 784 2792 iis,
796 2758 889 2800 (quod
901 2758 1049 2800 indignis-

85 2791 196 2825 fimum
207 2795 260 2838 est)
270 2799 322 2838 qui
332 2799 365 2828 in
380 2798 519 2830 nostrum
527 2803 747 2841 patrimonium
756 2803 926 2842 irruperunt
934 2821 944 2834 ‚
965 2801 1047 2842 quod

1277 128 1319 173 L
1353 142 1370 173 1
1408 142 1448 174 n.
1501 125 1591 174 111.
1970 126 2066 192 ’119

1104 142 1198 173 RE

1104 216 1179 246 opus
1189 206 1232 238 est
1240 207 1339 243 nobis,
1351 218 1536 240 mutuemur.
1555 209 1672 239 Dicunt
1680 207 1771 251 igitur
1780 217 1862 239 nunc
1871 207 1994 249 quidem
2006 208 2064 242 illi,
2086 217 2105 241 2
2112 208 2130 240 8

1103 251 1155 288 qui
1166 259 1204 278 ex
1213 250 1353 289 particula
1362 261 1448 291 parva
1460 251 1550 284 urbis,
1561 261 1593 282 ac
1603 251 1663 281 loci
1674 271 1682 284 ‚
1694 260 1811 281 nomen
1823 251 1932 280 habent
1943 270 1951 283 ,
1965 250 1997 280 &
2008 253 2063 280 Pe-

1104 293 1248 328 ripatetici
1267 293 1441 332 philosophi
1453 313 1461 327 ‚
1485 302 1534 324 aut
1552 293 1724 323 Academici
1743 294 1960 325 nominantur,
1984 292 2069 322 olim«

1104 340 1203 360 autem
1215 352 1223 365 ,
1243 342 1363 372 propter
1373 337 1518 365 eximiam
1530 345 1630 365 rerum
1642 337 1846 365 maximarum
1857 334 2013 364 scientiam
2025 353 2033 367 ‚
2046 334 2063 364 a

1105 373 1213 401 Graecis
1220 374 1333 414 politici
1340 376 1488 416 philosophi
1504 378 1639 416 appellati
1653 397 1661 411 ,
1680 376 1885 407 universarum
1896 386 1997 405 rerum
2007 385 2065 415 pu-

1103 412 1248 442 blicarum
1260 424 1386 445 nomine
1396 418 1596 452 vocabantur,
1617 429 1744 448 omnem
1756 418 1877 448 civilem
1890 419 2062 448 orationem

1103 456 1136 484 in
1146 455 1257 484 horum
1266 455 1406 487 alterutro
1416 469 1522 498 genere
1532 461 1637 490 versari
1649 480 1657 494 ,
1677 470 1726 491 aut
1735 459 1858 490 definita
1867 457 2064 490 controversia

1103 498 1190 526 certis
1203 497 1387 536 temporibus
1399 509 1429 528 ac
1440 502 1496 529 reis
1508 521 1515 533 ,
1534 503 1592 531 hoc
1604 502 1699 532 modo
1709 523 1716 536 ,
1738 505 1942 533 PLAanrr:E
1959 501 1975 531 a
1987 504 2063 530 Kar-

1102 537 1335 578 thaginienfibus
1345 542 1476 579 captivos
1488 542 1603 573 nostros
1613 564 1620 577 ,
1642 544 1765 574 redditis
1779 545 1838 574 suis
1849 565 1857 577 ‚
1879 544 2043 584 recuperari
2057 554 2062 571 2

1103 589 1152 609 aut
1163 578 1283 610 infinite
1293 580 1329 610 de
1341 583 1481 611 universo
1496 594 1602 624 genere
1613 588 1771 626 quaerentis
1782 607 1790 619 ‚
1814 589 1906 627 Qin
1925 594 2062 616 oivixn'o

1104 621 1140 651 de
1149 624 1267 661 captivo
1277 621 1478 656 statuendum,
1491 635 1522 654 ac
1534 626 1723 656 sentiendum
1733 627 1776 657 sit.
1795 635 1880 668 atque
1891 629 2001 657 horum
2012 627 2063 657 su-

1102 665 1202 702 perius
1213 664 1289 693 illud
1299 675 1393 705 genus
1405 685 1412 699 ,
1432 667 1547 696 causam
1562 687 1569 699 >
1590 677 1638 697 aut
1655 668 1886 699 controversiam
1896 669 2044 709 appellant
2054 688 2063 703 ‚

1105 715 1230 746 eamque
1240 706 1335 736 tribus
1346 726 1354 740 ,
1366 707 1417 736 lite
1427 727 1436 740 ,
1449 717 1499 737 aut
1508 708 1720 740 deliberatione
1731 731 1739 744 ‚
1750 721 1798 741 aut
1807 711 1977 741 laudatione
1988 709 2065 741 defi-

1102 748 1191 777 niunt
1204 748 1284 778 :haec
1293 756 1391 778 autern
1402 750 1490 779 altera
1499 749 1624 790 quaestio
1636 750 1799 785 infinita,&
1809 752 1888 793 quasi
1897 748 2043 793 proposita
2052 772 2062 785 ,

1099 789 1278 819 consultatio
1288 792 1473 821 nominatur.
1498 801 1584 832 atque
1604 792 1745 822 1138311115
1762 794 1936 834 loquuntur.
1961 796 2061 825 Etiam

1111 832 1166 861 hac
1177 831 1364 862 instituendo
1376 832 1522 863 divisione
1534 842 1657 864 utuntur
1666 854 1674 868 ‚
1687 834 1784 865 sedita
1793 855 1801 868 ,
1813 846 1876 865 non
1887 845 1919 866 ut
1932 837 2004 872 iure,
2015 845 2068 866 aut

1099 872 1227 913 judicio,
1239 876 1253 892 2
1265 882 1296 903 ut
1306 873 1434 915 denique
1446 885 1616 915 recuperare
1625 874 1760 906 amissam
1773 873 1981 916 poss'effionem
1993 898 2001 912 ,
2013 877 2063 908 sed

1103 923 1135 944 ut
1146 925 1183 944 ex
1190 917 1256 954 jure
1266 916 1366 950 civili,
1390 920 1402 944 3
1410 916 1521 956 surculo
1539 916 1708 958 defringendo
1721 938 1729 952 ,
1749 919 1883 957 usurpare
1895 919 2063 949 videantur.

1102 959 1183 986 Nam
1194 956 1269 987 illud
1280 958 1407 988 alterum
1417 969 1511 1000 genus
1523 979 1531 992 ,
1543 959 1624 1000 quod
1635 959 1677 990 est
1688 960 1885 1000 temporibus,
1896 961 1969 990 locis
1981 980 1988 994 ,
2002 963 2064 991 reis

1101 998 1261 1029 definitum
1274 1020 1282 1032 ‚
1303 1000 1461 1034 obtinent,
1482 1010 1567 1041 atque
1579 1001 1709 1041 idipsum
1720 1002 1835 1032 lacinia.
1868 1004 1960 1032 Nunc
1975 1005 2063 1033 enim

1099 1041 1176 1080 apud
1188 1042 1348 1071 Philonem
1362 1063 1370 1075 ,
1390 1052 1483 1083 quem
1492 1045 1525 1072 in
1536 1043 1695 1074 Academia
1705 1043 1842 1074 maxime
1850 1045 1949 1085 vigere
1960 1044 2061 1077 audio,

1102 1085 1191 1113 etiam
1201 1084 1307 1113 harum
1324 1085 1388 1124 jam
1409 1085 1558 1115 causarum
1570 1088 1704 1127 cognitio
1716 1106 1724 1119 ,
1745 1088 1976 1126 exercitatioque
1985 1086 2063 1115 cele-

1099 1125 1208 1155 bratur.
1232 1125 1371 1155 Alterum
1387 1125 1460 1156 vero
1479 1127 1694 1157 tantummodo
1712 1130 1745 1157 in
1763 1129 1859 1168 prima
1867 1136 1927 1157 arte
1946 1127 2064 1157 traden-

1097 1166 1132 1196 da
1141 1168 1316 1200 nominant,
1333 1168 1365 1198 &
1376 1170 1500 1198 oratoris
1514 1167 1571 1198 esl'e
1582 1169 1686 1199 dicunt
1698 1180 1703 1198 1
1714 1170 1763 1200 sed
1773 1179 1870 1210 neque
1880 1171 2060 1210 vim,neque

1077 1229 1078 1236 1
1100 1218 1236 1245 naturam
1255 1209 1319 1248 ejus
1331 1230 1340 1243 ,
1359 1220 1413 1240 nec
1423 1212 1529 1250 parteis
1540 1230 1547 1244 ‚
1559 1221 1614 1241 nec
1623 1222 1730 1253 genera
1739 1220 1935 1252 proponunt,
1947 1220 1979 1240 ut
1988 1221 2064 1251 prae-

1098 1252 1181 1282 teriri
1191 1253 1322 1281 omnino
1333 1250 1424 1282 fuerit
1433 1253 1532 1292 satius,
1544 1256 1562 1278 4
1571 1263 1661 1293 quarn
1672 1262 1847 1283 attentatum
1859 1253 1963 1283 deseri.
1979 1263 2063 1283 nunc

1098 1294 1183 1322 enim
1193 1294 1297 1332 inopia
1305 1296 1426 1324 reticere
1435 1295 1645 1335 intelliguntur
1655 1315 1664 1329 ,
1676 1295 1866 1335 tumjudicio
1877 1294 2061 1324 viderentur.

1100 1336 1209 1364 Omnis
1220 1336 1309 1374 igitur
1319 1345 1364 1365 res
1375 1335 1500 1366 eandem
1511 1337 1599 1366 habet
1609 1346 1744 1367 naturam
1756 1336 1940 1378 ambigendi,
1956 1336 1992 1366 de
2004 1347 2061 1377 qua

1102 1378 1194 1416 quaeri
1206 1376 1238 1406 &
1248 1375 1400 1416 disceptari
1410 1377 1506 1418 potest
1517 1399 1525 1411 ‚
1538 1377 1595 1408 sive
1606 1380 1639 1408 in
1650 1377 1779 1408 infinitis
1789 1378 2062 1408 consultationibus

1097 1418 1292 1458 disceptatur,
1314 1418 1372 1449 five
1384 1421 1415 1449 in
1425 1422 1462 1449 iis
1475 1419 1564 1450 causis
1575 1440 1583 1454 ,
1597 1431 1662 1460 quae
1672 1423 1705 1450 in
1713 1422 1832 1451 civitate
1844 1440 1851 1454 ,
1865 1420 1898 1450 δε
1908 1422 1941 1449 111
1951 1418 2062 1450 forensi

1098 1459 1312 1500 disceptatione
1323 1462 1476 1491 versantur
1490 1473 1495 1491 :
1506 1472 1603 1503 neque
1613 1461 1656 1492 est
1666 1462 1726 1493 ulla
1736 1482 1744 1496 ‚
1755 1472 1820 1503 quae
1832 1472 1896 1492 non
1905 1471 1954 1492 aut
1962 1462 1998 1492 ad
2008 1472 2062 1492 co—

1096 1501 1272 1544 gnoscendi,
1284 1512 1333 1532 aut
1344 1503 1379 1533 ad
1388 1504 1494 1544 agendi
1504 1506 1568 1533 vim
1579 1524 1587 1538 ,
1600 1506 1807 1545 rationemque
1816 1503 1966 1534 referatur.
1987 1513 2062 1534 nam

1076 1547 1078 1554 ¹
1098 1553 1147 1574 aut
1163 1544 1224 1583 ipsa
1239 1546 1374 1585 cognitio
1392 1548 1453 1579 rei,
1475 1546 1654 1586 scientiaque
1664 1548 1863 1587 perquiritur,
1883 1548 2060 1576 utV1RTUs

1099 1586 1222 1616 suamne
1232 1595 1351 1626 propter
1360 1586 1536 1628 dignitatem
1548 1607 1557 1621 ,
1577 1598 1615 1618 an
1625 1596 1744 1628 propter
1754 1587 1870 1618 fruRus
1879 1587 1997 1628 aliquos
2007 1597 2063 1618 ex·

1098 1636 1212 1668 petatur
1224 1638 1228 1656 z
1240 1637 1289 1658 aut
1299 1629 1404 1670 agendi
1415 1628 1577 1659 consilium
1588 1631 1766 1670 exquiritur,
1777 1638 1821 1663 ut,
1833 1632 1938 1659 Sia-Nn
1947 1630 2064 1669 sapien-

1101 1672 1123 1700 ti
1133 1668 1306 1710 capefl'enda
1314 1671 1388 1711 resp.
1410 1673 1600 1713 Cognitionis
1610 1680 1709 1701 autem
1719 1679 1778 1701 tres
1788 1671 1890 1705 modi,
1903 1670 2063 1711 conjeElm-

1100 1722 1129 1742 ra
1141 1732 1149 1745 ,
1161 1710 1301 1742 definitio
1311 1732 1318 1746 ,
1332 1713 1365 1743 ὃς
1376 1733 1384 1746 ,
1398 1722 1431 1743 111
1441 1715 1481 1743 113
1490 1712 1601 1746 dicam,
1613 1714 1796 1744 consecutio.
1829 1715 1912 1744 Nam
1923 1733 1932 1747 ‚
1943 1713 2016 1754 quid
2027 1714 2063 1743 in

1100 1764 1129 1783 re
1142 1752 1176 1784 sit
1186 1774 1194 1787 ,
1206 1753 1378 1794 conjezstura
1387 1757 1529 1796 quaeritur
1539 1775 1547 1789 ,
1560 1764 1592 1785 ut
1602 1755 1679 1785 illud
1690 1775 1698 1789 ,
1710 1759 1814 1786 SrrNE
1823 1757 1857 1785 in
1866 1755 2001 1785 humano
2010 1765 2062 1797 ge-

1100 1806 1170 1826 nere
1180 1796 1330 1836 sapientia.
1361 1799 1460 1838 Qam
1470 1806 1569 1828 autem
1580 1799 1646 1827 vim
1656 1807 1779 1838 quaeque
1790 1807 1835 1827 res
1845 1797 1949 1828 habeat
1958 1817 1966 1830 ‚
1986 1794 2062 1827 defi-

1100 1840 1178 1868 nitio
1189 1838 1317 1878 explicat
1329 1850 1333 1867 :
1346 1848 1395 1873 ut,
1407 1837 1428 1868 si
1438 1848 1583 1889 quaeratur
1592 1860 1599 1873 ‚
1610 1839 1683 1880 quid
1695 1838 1728 1869 sit
1737 1839 1887 1879 sapientia.
1911 1839 2063 1869 Consecu-

1101 1882 1144 1910 tio
1154 1889 1253 1910 autem
1264 1880 1401 1911 1136131111
1409 1891 1502 1915 ‚cum
1514 1901 1523 1915 ,
1533 1881 1606 1922 quid
1617 1891 1765 1922 quamque
1776 1891 1840 1911 rem
1851 1881 1998 1922 sequatur,
2010 1881 2060 1910 in*

1100 1924 1229 1963 quiritur
1249 1932 1254 1951 z
1280 1931 1314 1952 ut
1331 1922 1407 1953 illud
1419 1943 1428 1956 ,
1453 1926 1557 1953 Sum:
1575 1923 1736 1963 aliquando
1754 1924 1879 1952 mentiri
1897 1923 1971 1952 boni
1987 1923 2061 1952 viri.

1100 1964 1241 1994 Redeunt
1250 1964 1348 1994 rursus
1359 1964 1394 1994 ad
1405 1965 1473 2004 conj
1478 1963 1621 1998 6611113111,
1629 1974 1754 2005 eamque
1765 1966 1798 1994 in
1808 1963 1946 2004 quattuor
1954 1973 2063 2004 genera

1100 2005 1286 2044 dispertiunt.
1309 2015 1381 2035 nam
1391 2015 1440 2036 aut
1449 2005 1522 2046 quid
1532 2004 1566 2035 sit
1577 2026 1585 2039 ‚
1605 2008 1764 2046 quaeritur,
1785 2007 1844 2035 hoc
1853 2004 1948 2035 modo
1961 2016 1966 2034 :
1988 2008 2061 2035 NA-

1101 2056 1242 2077 TURANE
1256 2045 1289 2076 sit
1297 2057 1345 2086 Jus
1355 2049 1434 2077 inter
1443 2049 1585 2077 homines
1596 2067 1604 2081 ,
1624 2057 1661 2077 an
1672 2047 1870 2087 opinionibus
1883 2057 1888 2075 :
1906 2056 1973 2080 aut,
1993 2057 2061 2087 quae

1099 2087 1133 2118 fit
1142 2090 1226 2129 origo
1235 2089 1377 2130 cujusque
1385 2091 1428 2119 rei
1439 2100 1444 2118 z
1455 2098 1487 2119 ut
1495 2088 1578 2130 quod
1588 2087 1621 2118 fit
1632 2091 1758 2119 initium
1768 2089 1869 2130 legum
1882 2109 1890 2122 ‚
1900 2097 1949 2119 aut
1958 2099 2060 2118 rerum

1098 2130 1286 2170 publicarum
1300 2141 1306 2159 2
1318 2139 1368 2160 aut
1376 2132 1459 2161 causa
1470 2152 1478 2164 ,
1491 2131 1523 2161 δε
1534 2133 1609 2160 ratio
1622 2141 1628 2160 t
1639 2140 1671 2161 ut
1681 2151 1689 2164 ,
1702 2129 1722 2160 si
1732 2139 1887 2171 quaeratur,
1900 2141 1948 2159 cur
1956 2129 2061 2169 dostis-

1093 2172 1162 2213 fimi
1179 2173 1321 2202 homines
1331 2173 1367 2202 de
1378 2175 1522 2202 maximis
1532 2173 1619 2202 rebus
1631 2171 1818 2203 dissentiant:
1839 2181 1888 2202 aut
1897 2171 1934 2202 de
1943 2174 2062 2201 immu-

1097 2216 1210 2244 tatione
1222 2224 1227 2242 :
1248 2222 1281 2243 ut
1290 2234 1298 2247 ‚
1319 2212 1340 2243 fi
1350 2214 1516 2254 disputetur
1525 2234 1533 2248 ,
1553 2225 1620 2243 num
1631 2216 1752 2245 interire
1763 2216 1857 2244 virtus
1866 2216 1900 2244 in
1911 2215 2037 2244 homine
2049 2233 2060 2247 ,

1097 2264 1148 2286 aut
1157 2265 1233 2285 num
1244 2258 1276 2285 in
1287 2258 1398 2286 vitium
1408 2255 1496 2296 poffit
1504 2258 1649 2287 converti.
1668 2255 1869 2286 Definitionis
1880 2264 1980 2286 autem
1991 2256 2060 2286 sunt

1097 2298 1324 2337 disceptationes
1335 2318 1343 2332 ‚
1355 2308 1397 2331 ut,
1417 2298 1487 2329 cum
1498 2301 1647 2340 quaeritur,
1659 2298 1731 2339 quid
1743 2300 1776 2328 in
1785 2299 1947 2328 communi
1958 2306 2062 2328 mente

1098 2338 1177 2381 quafi
1187 2338 1363 2379 impressum
1374 2339 1424 2370 sit:
1442 2350 1476 2371 ut
1486 2361 1494 2374 ,
1506 2339 1527 2370 si
1537 2338 1691 2371 differatur
1700 2360 1709 2374 ,
1721 2340 1782 2369 idne
1790 2338 1890 2379 finjus,
1901 2339 1982 2380 quod
1994 2349 2060 2369 rna·

1097 2384 1189 2412 ximae
1199 2383 1273 2421 parti
1283 2380 1317 2412 fit
1326 2382 1414 2412 utile:
1436 2392 1485 2413 aut
1497 2403 1505 2416 ,
1524 2381 1595 2412 cum
1606 2382 1679 2423 quid
1689 2382 1828 2423 cujusque
1839 2380 1873 2411 sit
1882 2382 2058 2421 proprium,

1098 2426 1267 2464 exquiritur
1276 2436 1286 2458 5
1296 2433 1330 2454 ut
1340 2424 1442 2454 ornate
1454 2425 1550 2454 dicere
1562 2444 1570 2457 ,
1582 2426 1778 2464 propriumne
1790 2421 1823 2453 sit
1832 2425 1969 2456 oratoris,
1980 2432 2018 2453 an
2028 2421 2060 2452 id

1096 2468 1186 2496 etiam
1206 2466 1315 2506 aliquis
1331 2474 1471 2506 praeterea
1478 2464 1566 2506 poffit
1577 2478 1582 2495 :
1602 2475 1651 2496 aut
1661 2485 1668 2499 ,
1689 2464 1761 2496 cum
1772 2475 1817 2494 res
1828 2463 2016 2494 distribuitur
2025 2465 2059 2494 in

1094 2510 1199 2548 parteis
1210 2528 1218 2541 ‚
1230 2516 1262 2537 ut
1272 2527 1280 2541 ,
1294 2506 1315 2537 fi
1324 2517 1470 2548 quaeratur
1480 2528 1488 2542 ‚
1500 2515 1576 2548 quot
1586 2506 1642 2537 sint
1652 2516 1757 2547 genera
1766 2516 1867 2536 rerum
1878 2505 2061 2546 expetenda—

1095 2560 1163 2580 rum
1174 2570 1183 2584 ,
1194 2559 1258 2583 aut,
1272 2548 1369 2580 sintne
1379 2552 1433 2580 tria
1445 2570 1452 2583 ,
1465 2551 1597 2589 corporis
1606 2569 1615 2582 ‚
1626 2550 1722 2578 animi
1733 2568 1741 2581 ‚
1753 2556 2003 2589 externarumque
2014 2557 2061 2578 re-

1095 2602 1164 2622 rum
1177 2603 1182 2620 :
1203 2599 1268 2625 aut,
1281 2590 1351 2621 cum
1362 2612 1371 2625 ‚
1383 2602 1447 2632 quae
1457 2591 1556 2620 forma
1565 2610 1573 2624 ,
1595 2591 1627 2620 &
1637 2588 1716 2631 quasi
1726 2590 1866 2620 naturalis
1876 2598 1949 2620 nota
1957 2590 2061 2629 cujus—

1093 2644 1150 2675 que
1161 2632 1194 2664 fit
1203 2653 1212 2665 ,
1225 2633 1400 2663 describitur
1408 2653 1417 2666 ‚
1436 2642 1469 2663 ut
1481 2654 1489 2665 ‚
1502 2631 1522 2662 si
1533 2641 1678 2674 quaeratur
1685 2633 1764 2662 avari
1775 2632 1883 2672 species
1894 2652 1902 2665 2
1915 2630 2058 2665 seditiofi,

1093 2674 1224 2718 gloriosi.
1257 2679 1270 2702 5
1282 2676 1514 2706 Consecutionis
1534 2683 1635 2704 autem
1657 2673 1718 2704 duo
1739 2676 1836 2713 prima
1853 2673 2057 2715 quaestionum

1093 2728 1199 2760 genera
1208 2725 1372 2757 ponuntur.
1390 2727 1461 2747 nam
1472 2725 1521 2746 aut
1531 2714 1658 2756 simplex
1668 2715 1710 2746 est
1719 2715 1902 2756 disceptatio,
1914 2725 1955 2748 ut,
1968 2713 1988 2744 si
1998 2715 2059 2746 dis-

1094 2761 1203 2790 seratur
1213 2779 1220 2792 ,
1239 2758 1419 2799 expetendane
1430 2757 1462 2788 fit
1471 2758 1564 2798 gloria
1576 2768 1581 2787 :
1600 2767 1650 2788 aut
1660 2767 1699 2787 ex
1708 2759 1932 2797 comparatione
1945 2777 1953 2791 ‚
1973 2759 2037 2785 (am
2047 2781 2058 2795 ,

1093 2812 1132 2832 an
1141 2801 1256 2832 divitiae
1267 2802 1361 2841 magis
1371 2800 1546 2841 expetendae
1558 2798 1622 2830 fint.
1655 2799 1851 2840 Simplicium
1869 2808 1969 2830 autem
1988 2799 2058 2833 sunt

2001 2849 2059 2875 tres

90 2887 2051 2905 w

105 2965 111 2970 ⁶
124 2939 134 2957 1
142 2951 148 2958 .
168 2935 197 2958 Ut
204 2935 353 2966 inproximos
365 2955 373 2967 ‚
385 2938 478 2969 Ecquid
485 2938 551 2964 video
563 2939 595 2973 ἒ]
609 2938 677 2964 Pau.
689 2947 780 2965 omnes
793 2957 801 2969 ‚
811 2939 840 2969 (ἔγ
848 2937 907 2972 quid
915 2937 982 2963 video
993 2940 1002 2963 ‚²
1013 2942 1044 2964 ut

87 2965 206 2994 videatur
217 2978 278 2996 omn
283 2971 326 2997 iiio
338 2971 478 3007 legendum
490 2983 498 3005 3
511 2981 538 2999 ut
547 2977 572 3000 in
578 2978 695 3008 proximo:
707 2975 751 3000 Sed
759 2974 818 3009 quid
825 2974 892 2999 video
905 2976 914 2998 ?

123 3014 153 3032 2.
179 3009 208 3032 Ut
225 3009 322 3043 denique
340 3019 478 3044 recuperare
496 3014 600 3047 amiffam
621 3033 629 3045 ‚
647 3013 714 3049 (dy-c]
743 3013 889 3040 Lambinus
909 3008 940 3040 615
944 3007 1044 3047 ςῡχῖάΰ

87 3043 312 3106 Γῑὲῑῑῖῖξίζὶεᾷεῂέἶαῐ
325 3069 332 3082 ,
343 3050 507 3079 emendando
518 3070 527 3085 ‚
547 3060 591 3079 aut
599 3056 628 3079 vi
638 3054 743 3088 denique.
763 3052 806 3080 sed
816 3061 873 3079 eam
883 3052 941 3080 stine
954 3052 1043 3079 nullus

86 3088 101 3105 a
121 3089 156 3106 mi
169 3090 245 3108 erim.

123 3123 149 3150 3.
168 3119 262 3143 Suri-ulo
279 3119 443 3160 d⁴fr{ngf'2d⁰·]
463 3122 591 3153 Videatur
602 3124 741 3153 Turnebus
761 3124 808 3152 lib.
819 3123 962 3153 Adversar·
974 3132 1039 3151 XXI·

85 3158 141 3185 cap.
155 3159 196 3185 14.
213 3162 259 3181 iiec
269 3155 418 3188 poenitebit.

1128 2946 1156 2971 4.
1176 2938 1254 2972 Qsim
1273 2947 1417 2965 attentatum
1435 2938 1533 2972 dtfiri]
1547 2938 1668 2965 Memmii
1681 2937 1792 2964 membr.
1806 2937 1870 2962 item
1882 2935 1939 2961 Pal.
1951 2941 2034 2960 nonus
2049 2951 2058 2964 ‚

1089 2978 1248 3001 intrat‘iasum
1259 2995 1267 3007 ‚
1290 2977 1439 3002 chartaceus
1459 2975 1492 3000 ad
1502 2982 1596 3000 tamum
1608 2993 1616 3006 ,
1637 2974 1708 3011 quod
1719 2974 1745 2999 ὃς
1758 2974 1784 2999 111
1798 2972 1880 2999 Palat.
1893 2979 1956 2998 tert.
1968 2976 2056 3005 quart.

1090 3011 1155 3046 sept.
1168 3021 1227 3038 nam
1237 3012 1329 3047 pr.1ec.
1341 3013 1471 3037 atraHum.
1483 3010 1537 3037 οᾶ.
1550 3008 1789 3046 attrcHatum,quod
1800 3010 1827 3035 &
1838 3006 1870 3034 ad
1880 3016 1954 3034 oram
1966 3012 2054 3042 quart.

1092 3047 1164 3074 Pith.
1177 3050 1304 3073 arsafium.
1325 3047 1390 3073 edit.
1401 3047 1498 3082 prima,
1508 3056 1579 3082 quam
1590 3049 1637 3073 tale
1647 3056 1674 3072 ac
1684 3053 1777 3072 mnium
1787 3045 1868 3079 deseri.
2038 3075 2054 3080 Η

1130 3092 1156 3116 5.
1176 3084 1343 3116 Consecutionis-
1354 3090 1432 3108 autem
1442 3083 1569 3116 dttoprima
1578 3085 1723 3117 quaestionum
1728 3091 1815 3115 genera
1827 3099 1834 3112 ‚
1845 3080 1912 3113 dvc]
1933 3079 2004 3104 Mem
2010 3084 2056 3102 nin

1094 3118 1207 3145 membr.
1219 3119 1261 3144 duo
1272 3122 1425 3145 contermina.
1446 3118 1478 3145 de
1489 3129 1542 3155 quo
1552 3118 1664 3154 :implius
1675 3116 1857 3155 quaerendum.
1874 3124 1933 3143 iiam
1945 3113 2002 3140 Pal.
2014 3120 2055 3147 pr.

1094 3154 1171 3183 habet
1181 3154 1238 3183 sese
1249 3155 1292 3182 dito
1301 3158 1412 3184 erimina.
1431 3153 1481 3183 sec.
1492 3159 1625 3185 crimmum.
1990 3189 2009 3213 T

1956 3198 1965 3215 1
1976 3209 1979 3213 .
2004 3195 2055 3213 ‘di‘-

2086 1342 2131 1373 29
