2302 3353
73 437 116 469 15
136 434 232 468 dicia,
253 433 673 474 subtiliterreprehenduntur.

628 159 698 190 nit
744 144 1165 191 Pnarrrroua
1209 145 1515 190 Onesi-01³1
1535 159 1597 189 A..

160 237 199 260 ue
213 218 408 271 parteni''sunt
416 224 554 265 erempla
564 243 572 259 ‚
593 223 710 256 &item
721 224 756 256 ad
767 224 972 264 conjecturam
984 224 1097 255 facien-

137 230 210 302 dam
221 271 292 309 loci)
300 271 332 299 in
340 269 494 299 contrariis
504 268 649 297 contraria
658 266 715 297 sint
724 266 880 297 sumenda.
897 268 994 306 Atque
1004 268 1095 296 etiam

138 313 263 343 incurrit
271 310 325 340 alia
332 309 467 350 quaedam
479 311 511 338 in
521 307 644 342 testibus
655 329 663 341 ,
685 309 718 338 &
738 310 771 338 in
781 306 996 349 quaestionibus
1008 309 1094 336 ratio.

137 355 220 393 Saepe
229 353 312 382 enim
324 361 356 381 ea
365 371 374 384 ,
385 361 450 392 qua:
461 349 540 380 dicia
550 350 619 380 sunt
628 370 636 383 ,
658 349 679 379 fi
689 359 738 380 aut
745 348 886 390 ambigue
897 368 905 382 ‚
927 357 977 378 aut
986 350 1096 377 incon-

137 393 255 427 stanter,
266 400 315 423 aut
324 391 626 422 incredibiliter-dicta
637 392 704 422 sunt
715 411 723 425 ,
736 400 786 422 aut
795 393 884 421 etiam
894 390 978 420 aliter
988 389 1024 419 ab
1035 390 1095 419 alio

717 436 748 463 C.
762 436 793 463 F.
815 436 955 463 Extrema
966 431 1021 461 tibi
1031 440 1095 470 pars

135 475 222 507 restat
231 476 375 506 orationis
385 495 394 508 ‚
406 485 471 516 quae
480 473 570 515 poslta
578 476 609 504 in
616 475 763 517 perorando
774 473 816 505 est
826 494 834 508 ‚
847 473 883 504 de
893 483 951 514 qua
961 473 1028 503 sane
1041 482 1094 502 ve-

135 518 191 548 lim
201 516 310 547 audire.
345 519 377 547 C.
391 520 420 547 P.
441 517 566 548 Facilior
575 515 616 547 est
625 517 785 557 explicatio
793 516 1000 557 perorationis.
1024 523 1094 544 nam

133 558 178 590 est
187 558 282 590 divisa
291 560 325 588 in
335 557 406 588 duas
412 560 518 599 parteis
528 579 536 592 ,
548 557 816 598 amplificationem
827 577 835 591 ,
849 557 882 587 &
891 557 1096 587 enumeratio-

134 610 221 631 nem.
249 598 392 641 'Augendi
401 609 502 632 autem
515 600 547 630 δε
558 599 607 631 hic
616 599 661 630 est
670 602 805 640 proprius
815 600 899 629 locus
910 599 943 628 in
953 607 1096 637 peroran-

133 640 176 673 do
188 652 195 671 z
213 641 247 672 &
264 642 298 672 in
306 642 393 672 cursu
404 643 470 682 ipso
479 644 624 672 orationis
635 641 849 672 declinationes
860 639 895 669 ad
905 638 1094 679 amplifican-

134 682 211 714 dum
222 682 328 714 dantur
338 704 347 717 ,
360 682 536 714 confirmata
546 694 575 714 re
584 685 681 724 aliqua
690 703 699 717 ‚
712 692 761 713 aut
770 681 953 722 reprehensa.
977 679 1028 711 Est
1039 682 1094 721 igi-

133 733 184 756 tur
193 723 396 765 amplificatio,
407 728 522 766 gravior
531 724 665 767 quaedam
675 722 846 757 affirmatio,
857 733 923 763 quae
933 730 1019 752 motu
1029 724 1095 752 ani-

131 775 271 801 morum,
283 768 425 798 conciliet
435 769 468 798 in
478 767 608 797 dicendo
618 764 720 796 fidem.
730 776 762 795 ea
773 766 806 796 δε
816 765 977 795 verborum
988 773 1094 804 genere

134 807 343 842 conficitur‚&
353 819 461 839 rerum.
484 807 570 837 Verba
577 807 717 848 ponenda
726 808 804 841 sunt,
816 817 882 848 quae
893 807 958 836 vim
969 805 1095 835 habeant

135 849 304 881 illustrandi
316 869 324 883 ‚
341 861 397 880 nec
405 850 441 880 ab
451 850 505 881 usu
514 849 570 879 sint
580 849 770 880 abhorrentia
779 869 787 883 ‚
799 850 898 890 gravia
908 867 916 882 ‚
927 847 1015 887 plena
1025 866 1033 881 ,
1046 847 1093 877 so-

135 893 247 925 nantia,
256 890 368 932 junsta,
380 891 464 926 faeta,
476 893 688 933 cognominata
696 911 704 924 ‚
717 900 782 921 non
791 891 908 931 vulgata
918 909 926 921 ,
940 889 1091 928 superlata,

135 934 169 963 in
177 933 340 974 primisque
353 932 485 963 transsata
495 954 504 966 ,
515 943 571 962 nec
582 935 614 963 in
624 932 746 974 singulis
755 932 853 962 verbis
865 951 873 965 ‚
894 930 985 961 sedin
995 932 1094 960 conti-

134 975 278 1005 nentibus
288 974 382 1005 soluta
389 994 398 1009 ,
409 985 476 1016 quae
484 974 625 1005 dicuntur
636 973 695 1005 sine
704 973 923 1013 conjunctione
935 992 944 1006 ‚
967 981 1001 1002 ut
1009 973 1094 1011 plura

128 1016 300 1046 videantur.
324 1018 443 1056 Augent
451 1018 542 1047 etiam
550 1017 639 1047 relata
648 1016 737 1047 verba
748 1036 756 1049 ‚
769 1017 881 1048 iterata,
892 1014 1049 1054 duplicata,
1061 1013 1094 1044 &

132 1059 167 1088 ea
177 1066 189 1092 ‚⁷
204 1065 270 1098 quae
287 1058 451 1089 ascendunt
461 1057 608 1099 gradatim
622 1058 657 1088 ab
668 1056 885 1087 humilioribus
894 1055 992 1086 verbis
1002 1055 1036 1085 ad
1047 1055 1094 1085 su-

132 1100 248 1140 periora
257 1119 266 1133 ,
278 1101 467 1142 omninoque
478 1100 595 1140 semper
604 1098 683 1140 quasi
692 1099 831 1129 naturalis
844 1118 852 1132 ‚
874 1098 907 1127 &
918 1107 983 1127 non
992 1097 1096 1137 expla-

132 1143 313 1172 nata'oratio
321 1161 331 1176 ‚
353 1140 402 1172 sed
420 1141 559 1183 gravibus
574 1142 678 1171 referta
687 1141 786 1171 verbis
797 1160 805 1174 ‚
824 1139 859 1170 ad
868 1138 1038 1180 augendum
1048 1149 1096 1168 ac-

131 1182 366 1214 commodatior.
397 1185 470 1214 Haec
478 1184 568 1225 igitur
578 1184 610 1213 in
620 1183 719 1213 verbis
732 1193 737 1211 z
758 1187 769 1202 ¹
778 1182 887 1223 quibus
898 1179 977 1211 aetio
986 1182 1083 1214 vocis,

124 1224 232 1255 >vultus
242 1241 252 1258 5
270 1225 303 1255 &
312 1224 408 1267 gestus
417 1235 475 1255 con
498 1234 587 1255 ruens
598 1245 607 1259 ‚
621 1224 653 1255 &
662 1233 727 1265 apta
737 1223 772 1254 ad
782 1225 901 1262 animos
910 1231 1094 1262 permoven-

130 1265 205 1300 dos,
216 1266 442 1298 accommodata
452 1277 467 1297 e
497 1288 503 1294 .
522 1266 578 1297 Sed
589 1267 666 1297 &in
675 1266 783 1300 verbis,
795 1266 870 1296 &in
878 1264 1091 1295 aetionecausa

129 1309 186 1338 erit
193 1308 334 1342 tenenda,
345 1308 441 1350 &pro
450 1318 480 1338 re
488 1308 611 1350 agenda.
629 1318 701 1338 nam
711 1309 784 1341 haec,
794 1309 864 1348 quia
873 1305 1015 1337 videntur
1024 1315 1091 1346 per-

130 1348 254 1380 absurda
266 1370 276 1384 ,
295 1348 366 1380 cum
397 1351 510 1380 raviom
519 1351 588 1380 sunt
598 1370 606 1383 ,
625 1349 717 1391 quim
728 1350 812 1380 causa
820 1348 878 1378 fert
887 1359 898 1382 3
917 1347 1087 1388 diligenter,

59 1391 111 1439 [1'6
128 1390 363 1432 quidquemque
393 1400 483 1424 eceat‚
493 1391 690 1431 judicandum
701 1391 754 1421 est.
779 1394 886 1420 Rerum
895 1388 1088 1429 amplificatio

127 1433 258 1464 sumitur
273 1432 388 1464 eisdem
404 1442 443 1463 ex
453 1433 526 1463 locis
538 1434 700 1468 omnibus,
725 1433 833 1474 quibus
844 1432 913 1465 illa,
934 1442 998 1472 quae
1010 1430 1089 1461 dieta

127 1474 242 1507 suntad
251 1472 342 1505 fidem
354 1485 360 1504 :
383 1477 577 1516 maximeque
594 1473 787 1505 definitiones
805 1473 907 1504 valent
923 1473 1088 1513 congloba-

127 1524 175 1549 tae‚
186 1516 220 1547 δε
227 1516 478 1556 consequentium
488 1515 700 1558 frequentatio,
713 1516 745 1547 &
754 1516 1017 1549 contrariarum,&
1027 1514 1088 1545 dis-

126 1556 286 1592 similium,
296 1557 417 1589 &winter
425 1559 454 1588 se
466 1561 665 1600 pugnantium
677 1568 776 1588 rerum
786 1556 945 1589 conflictio
958 1567 963 1586 :
977 1557 1009 1587 &
1018 1567 1087 1587 cau-

125 1599 176 1634 sat,
188 1599 222 1630 &
229 1608 273 1633 ea,
284 1609 349 1640 qua:
361 1600 428 1630 sunt
437 1600 474 1630 de
483 1599 572 1631 causis
580 1596 850 1640 orta‚maximeqiie
861 1597 1083 1632 similitudines,

125 1641 162 1671 &
170 1642 308 1682 exempla
319 1652 331 1670 ε.
338 1640 413 1671 5&ae
422 1644 512 1672 etiam
521 1643 664 1682 person-ae:
676 1651 760 1672 muta
770 1641 902 1682 denique
910 1641 1083 1681 loquantur,

125 1681 314 1724 omninoque
320 1691 356 1713 ea
365 1684 434 1714 sunt
442 1684 610 1714 adhibenda
619 1705 628 1718 ‚
640 1681 661 1713 fi
671 1684 754 1714 causa
762 1685 872 1724 patitur
882 1703 892 1717 ‚
904 1692 971 1724 quae
979 1681 1086 1723 magna

125 1723 287 1755 habentur:
301 1724 304 1728 ’
314 1734 444 1766 quorum
463 1725 507 1756 est
521 1726 634 1766 duplex
652 1734 757 1767 genus.
789 1726 856 1755 Alia
874 1728 957 1755 enim
977 1735 1084 1765 magna

123 1770 227 1796 natura
235 1765 375 1797 videntur
383 1787 392 1801 ,
412 1767 468 1798 alia
477 1768 541 1798 usu.
572 1770 692 1797 Natura
701 1788 709 1802 ,
721 1776 755 1798 ut
763 1766 892 1798 coelestia
902 1787 911 1801 ‚
924 1775 956 1796 ut
965 1766 1079 1800 divina,

122 1816 158 1838 ut
165 1817 209 1842 ea,·
218 1817 346 1849 quorum
355 1809 484 1840 obscurae
494 1810 585 1840 causae
596 1830 605 1844 ‚
620 1819 653 1840 ut
663 1830 672 1843 ,
682 1812 715 1839 in
725 1811 810 1840 terris
820 1830 828 1843 ,
842 1808 1019 1849 mundoque
1030 1809 1082 1838 ad-

122 1849 272 1881 mirabilia
287 1860 353 1891 quae
370 1851 438 1881 sunt
450 1861 456 1880 :
479 1860 517 1881 ex
525 1852 634 1893 quibus
645 1872 654 1885 ,
673 1850 878 1892 similibusque
897 1849 916 1880 fi
935 1850 1079 1884 attendas,

120 1891 158 1922 ad
167 1891 338 1933 augendum
348 1893 496 1932 permulta
505 1893 523 1924 s
521 1902 673 1933 uppetunt.
701 1893 767 1932 Usu
777 1913 786 1926 ‚
799 1903 865 1933 quae
873 1891 1016 1923 videntur
1024 1893 1082 1921 ho-

121 1934 259 1963 minibus
275 1942 326 1963 aut
341 1932 478 1973 prodesse
490 1953 498 1968 ,
517 1944 568 1964 aut
584 1933 684 1965 obesse
699 1935 926 1964 vehementius:
948 1943 1079 1974 quorum

120 1974 192 2005 sunt
218 1984 325 2015 genera
347 1974 384 2005 ad
410 1974 657 2015 amplificandum
684 1977 748 2006 tria.
788 1978 871 2005 Nam
880 1983 945 2005 ‘aut
963 1977 1080 2005 caritate

122 2025 286 2046 moventur
293 2016 435 2046 homines
445 2028 455 2050 3
471 2025 504 2047 ut
519 2016 645 2047 deorum
656 2036 664 2050 ‚
687 2025 721 2047 ut
729 2019 829 2056 patriae
838 2026 860 2050 ‚*
871 2025 904 2046 ut
912 2025 1078 2057 parentum:

120 2065 172 2087 aut
179 2066 271 2086 amore
283 2069 291 2091 3
303 2066 335 2087 ut
341 2056 467 2087 fratrum
481 2077 489 2091 ‚
503 2067 536 2088 ut
544 2060 707 2100 conjugum
719 2078 728 2092 ,
747 2067 780 2089 ut
788 2058 952 2088 liberorum
963 2077 971 2091 ‚
996 2066 1028 2087 ut
1035 2057 1080 2088 fa-

120 2099 289 2128 miliarium
300 2109 305 2127 :
317 2108 366 2129 aut
375 2098 529 2134 lionestate3
540 2109 573 2130 ut
583 2103 730 2130 virtutum
741 2120 749 2134 ‚
762 2102 954 2141 maximeque
963 2109 1078 2133 earum,

118 2139 229 2181 quaead
237 2142 492 2171 communionem
503 2142 667 2171 hominum
678 2162 686 2175 ‚
704 2141 954 2172 &liberalitatem
965 2142 1075 2172 valent.

119 2183 212 2212 Exiis
223 2182 485 2212 &cohortationes
493 2183 652 2213 sumuntur
662 2183 697 2213 ad
708 2193 740 2213 ea
751 2183 914 2213 retinenda:
928 2183 1003 2213 &in
1013 2193 1076 2216 eos,

118 2221 135 2254 ὲ
144 2223 253 2264 quibus
263 2233 296 2253 ea
303 2224 412 2254 violata
423 2225 492 2254 sunt
505 2244 514 2258 ‚
538 2225 608 2255 odia
617 2227 779 2255 incitantur
789 2244 797 2258 ,
822 2225 855 2254 δε
864 2225 1016 2254 miseratio
1026 2235 1079 2254 na-

50 2259 73 2296 '1
81 2272 100 2306 7
121 2265 218 2296 scitur.
241 2267 379 2305 Proprius
388 2266 472 2296 locus
482 2266 610 2308 augendi
620 2268 653 2296 in
662 2267 709 2296 his
723 2266 813 2296 rebus
821 2276 870 2296 ant
878 2264 987 2297 amiffis
997 2285 1006 2300 ,
1029 2275 1079 2296 aut

119 2306 278 2338 amittendi
304 2307 446 2347 periculo.
480 2310 593 2338 NIHIL
614 2318 671 2338 EST
702 2310 786 2338 enim
809 2317 868 2338 tarn
892 2307 1073 2341 miserabile,

119 2348 211 2390 quam
220 2358 259 2379 ex
269 2348 354 2379 beato
362 2350 462 2379 miser.
486 2352 524 2380 Et
533 2350 591 2380 hoc
601 2357 700 2380 totum
710 2350 835 2391 quidem
845 2358 979 2383 moveat,
990 2349 1011 2378 fi
1023 2349 1078 2379 bo-

120 2399 162 2420 na
170 2400 208 2420 ex
225 2390 345 2421 fortuna
361 2393 427 2431 quis
438 2391 520 2421 cadat
538 2402 544 2421 ;
567 2392 600 2422 ὃς
609 2392 625 2422 a
635 2402 764 2432 quorum
782 2393 898 2422 caritate
909 2392 1077 2422 divellatur:

119 2441 185 2472 quae
193 2433 326 2467 amittat,
337 2441 386 2462 aut
394 2433 523 2463 amiserit
534 2443 539 2462 :
551 2434 583 2463 in
594 2434 702 2474 quibus
713 2434 801 2464 malis
812 2432 857 2467 fit,
868 2432 1021 2464 futurusve
1032 2431 1077 2467 sit,

119 2475 304 2514 exprimatur
317 2474 453 2504 breviter.
486 2477 510 2505 C
521 2485 532 2504 1
545 2485 564 2505 T
575 2485 595 2505 ο
616 2485 635 2505 Ε
645 2485 667 2504 N
679 2486 691 2505 1
703 2486 730 2505 M
747 2476 849 2506 arescit
857 2476 995 2516 lacryma,
1006 2485 1080 2515 prat—

119 2515 222 2546 sertim
231 2517 265 2545 in
273 2516 378 2547 alienis
392 2516 552 2547 malis-nec
562 2517 726 2558 quidquam
736 2519 770 2548 in
781 2515 1017 2557 amplificatione
1028 2519 1078 2546 ni-
1096 2544 1098 2558 ί

120 2557 181 2588 mis
194 2557 412 2590 enucleandum
434 2557 487 2588 est.
510 2560 630 2589 minuta
639 2558 681 2588 est
691 2561 774 2589 enim
786 2560 888 2589 omnis
905 2559 1074 2601 diligentia.

121 2598 172 2629 hic
180 2607 279 2630 autem
289 2598 374 2630 locus
384 2600 504 2640 grandia
512 2602 644 2641 requirit.
668 2601 747 2631 Illud
756 2602 818 2640 jam
828 2600 871 2631 est
883 2600 997 2635 iudicii,
1016 2611 1076 2641 quo

121 2649 236 2712 &laque
246 2642 279 2671 in
287 2642 369 2672 causa
397 2652 486 2671 enere
496 2650 616 2672 utamur
625 2643 766 2683 augendi.
789 2643 896 2672 Iniilis
906 2644 989 2672 enim
1007 2652 1077 2672 cau-

168 2701 177 2715 ,
188 2692 253 2723 quae
261 2682 296 2713 ad
305 2683 361 2712 dele
391 2684 515 2712 arionem
522 2693 705 2714 exornantur
715 2704 723 2718 ,
740 2686 764 2713 ii
774 2684 833 2714 loci
844 2682 986 2714 tractandi
999 2684 1075 2717 sunt,

120 2725 172 2764 qui
181 2733 303 2755 movere
311 2723 433 2764 poss'unt
442 2725 697 2765 exspectationem
715 2745 724 2759 ‚
746 2725 979 2755 admirationem
991 2745 999 2759 ‚
1022 2736 1078 2756 vo—

120 2764 272 2805 luptatem.
295 2769 331 2797 In
341 2765 574 2796 cohortationibus
591 2777 690 2797 autem
703 2787 712 2800 ,
737 2767 889 2797 bonorum
902 2787 911 2801 ‚
935 2777 966 2797 ac
978 2767 1078 2798 malo-
1099 2780 1101 2785 ¹

2011 142 2096 190 181

1141 224 1229 255 diciis
1239 226 1399 255 accusatori
1409 223 1471 255 fe're
1481 243 1491 259 ‚
1501 233 1567 266 quae
1577 222 1612 254 ad
1623 221 1807 254 iracundiam
1819 232 1827 253 t
1845 224 1897 254 reo
1905 221 2098 265 plerumque,

1139 276 1203 306 quae
1220 266 1256 296 ad
1275 267 1512 297 misericordiam
1531 267 1690 306 pertinent.
1733 267 1978 306 Nonnumquam
1997 274 2099 296 tamen

1138 308 1285 337 accusator
1296 307 1531 338 misericordiam
1542 317 1664 337 movere
1675 306 1763 337 debet
1772 307 1805 337 &
1822 306 1962 337 defensor
1978 309 2096 337 iracun-

1138 347 1230 378 diam.
1243 351 1424 379 Enumeratio
1435 350 1548 390 reliqua
1557 348 1610 383 est,
1621 358 1854 390 nonnumquam
1861 348 2018 383 laudatori,
2034 349 2098 379 sua·

1137 389 1196 419 sori
1206 400 1271 419 non
1281 391 1365 430 saepe,
1375 391 1534 421 accusatori
1544 391 1658 431 saepius,
1669 390 1760 432 quam
1772 400 1834 424 reo,
1845 388 2009 420 necess'aria.
2030 392 2098 420 Hu—

1135 430 1185 468 jus
1194 431 1255 469 ipsa
1267 440 1399 471 tempora
1409 432 1469 461 duo
1479 433 1547 462 sunt
1556 453 1564 466 ,
1588 431 1609 462 si
1618 442 1668 462 aut
1677 434 1835 463 memoriae
1847 430 1964 463 diffidas
1974 442 2094 466 comm,

1137 472 1214 510 apud
1230 482 1305 512 quos
1316 483 1380 514 agas
1391 493 1399 507 ,
1421 475 1469 503 vel
1479 473 1636 504 intervallo
1656 476 1801 514 temporis
1813 494 1821 507 ‚
1843 474 1893 504 vel
1905 473 2098 515 longitudine

1139 514 1284 542 orationis
1298 523 1363 543 :aut
1370 514 1561 554 frequentatis
1573 514 1770 546 firmamentis
1779 517 1924 546 orationis
1934 535 1944 549 ‚
1954 516 1986 545 &
1997 515 2095 546 brevi-

1140 563 1182 583 ter
1199 553 1339 594 expositis
1350 574 1359 588 ‚
1381 557 1446 585 vim
1463 556 1504 586 est
1514 556 1647 586 habitura
1658 558 1740 587 causa
1758 558 1918 597 majorem.
1942 560 1980 588 Et
1989 568 2040 587 reo
2050 567 2096 587 ra-

1137 594 1200 624 rius
1210 596 1357 626 utendum
1369 596 1411 626 est
1421 617 1429 629 ,
1454 597 1536 637 quod
1546 598 1685 637 ponenda
1694 599 1762 629 sunt
1771 601 1915 630 contraria
1934 609 1940 628 :
1983 609 2095 629 uorum

1138 640 1153 656 ²
1161 635 1317 667 diffolutio
1327 639 1359 667 in
1368 637 1509 668 brevitate
1521 639 1639 673 latebit,
1658 641 1752 670 aculei
1763 649 1906 681 pungent.
1929 643 1964 671 Se
1996 642 2052 670 erit
2061 643 2094 671 in

1137 681 1362 709 enumeratione
1381 679 1539 709 vitandum
1553 700 1560 712 ‚
1584 690 1621 709 ne
1639 680 1781 716 ostentatio
1802 683 1934 712 memoria
1952 682 2093 723 suscepta.

1136 719 1273 750 videatur
1282 719 1339 750 effe
1348 720 1481 760 puerilis.
1504 721 1533 750 id
1549 720 1672 761 effugiet
1683 742 1691 755 .
1713 726 1766 763 qui
1776 733 1840 753 non
1850 725 1954 754 omnia
1965 725 2095 754 minima

1135 770 1265 801 repetet,
1278 761 1324 792 sed
1334 762 1435 792 brevia
1452 760 1563 803 singula
1580 771 1744 803 attingens,
1767 765 1899 803 pondera
1915 776 2014 795 rerum
2034 766 2095 806 ipsa

1136 804 1383 843 comprehendet.
1406 806 1439 834 C.
1453 806 1483 833 F.
1496 807 1665 844 QromAM
1686 805 1718 834 δε
1734 805 1769 835 de
1781 807 1844 845 ipso
1855 816 1968 837 oratore
1980 828 1988 839 .
2012 807 2046 837 &
2056 807 2092 838 de

1136 847 1270 876 oratione
1281 844 1384 876 dixisti
1395 865 1403 879 ‚
1426 855 1546 884 expone
1556 855 1626 875 eum
1637 847 1713 875 mihi
1724 856 1804 877 nunc
1818 868 1825 880 .
1849 858 1938 888 quern
1951 858 1988 878 ex
1999 849 2091 879 tribus

1135 896 1306 917 exnemum
1316 887 1497 927 proposuisti
1507 907 1515 920 ‚
1526 897 1589 928 quae
1595 886 1700 917 stionis
1709 888 1819 918 locum.
1843 892 1919 919 ΟΡ.
1928 892 2000 920 Duo
2011 891 2093 925 sunt.

1136 937 1169 958 ut
1179 928 1271 959 initio
1281 928 1347 959 dixi
1365 949 1373 962 ,
1390 928 1592 970 quaestionum
1603 939 1710 969 genera
1722 940 1727 957 z
1743 940 1874 970 quorum
1885 931 2011 961 alterum
2022 930 2093 962 fini-

1136 979 1204 1000 tum
1215 971 1402 1011 temporibus
1425 974 1437 998 3
1451 971 1627 1010 &personis
1639 991 1647 1004 ,
1671 971 1785 1010 causam
1794 973 1909 1012 appello
1925 982 1930 1001 ;
1954 973 2091 1003 Aiterum

1135 1011 1295 1042 infinitum
1314 1032 1323 1046 ‚
1347 1013 1440 1042 nullis
1450 1022 1546 1053 neque
1558 1012 1693 1052 personis
1705 1023 1799 1053 neque
1811 1014 1995 1053 temporibus
2006 1024 2093 1045 nota—

1136 1062 1202 1084 tum
1214 1073 1223 1088 ‚
1234 1053 1315 1095 quod
1328 1054 1497 1096 propofitum
1507 1064 1594 1084 voco.
1608 1058 1625 1080 4
1634 1054 1690 1084 Sed
1700 1054 1742 1084 cst
1751 1055 1932 1085 consultatio
1940 1054 2019 1095 quasi
2027 1065 2091 1095 pars

1135 1096 1227 1126 causae
1236 1095 1370 1136 quaedam
1380 1115 1389 1129 ‚
1414 1094 1669 1126 &controveifiae.
1688 1095 1765 1126 inest
1781 1098 1865 1126 enim
1883 1094 2040 1127 infinitum
2058 1100 2088 1127 in

1137 1135 1315 1171 definit02&
1324 1137 1359 1168 ad
1369 1137 1445 1167 illud
1457 1146 1557 1167 tamen
1567 1136 1734 1168 referuntur
1743 1140 1860 1168 omnia.
1881 1138 2090 1180 Qamo'orem

1136 1177 1219 1220 prius
1228 1178 1266 1209 de
1273 1177 1427 1219 proposito
1437 1179 1571 1209 dicamus
1585 1190 1590 1208 :
1610 1180 1655 1216 cuj
1661 1189 1694 1210 us
1702 1189 1809 1220 genera
1819 1181 1887 1210 sunt
1896 1180 1957 1210 duo
1969 1191 1974 1209 z
1984 1183 2090 1221 cogni-

1136 1223 1229 1252 tionis
1240 1221 1367 1251 alterum
1379 1231 1384 1250 :
1404 1222 1468 1260 ejus
1478 1221 1599 1251 scientia
1608 1220 1649 1251 est
1660 1220 1728 1251 finis
1741 1242 1750 1254 ,
1761 1231 1793 1252 ut
1801 1223 1903 1252 verine
1914 1220 1970 1252 sint
1979 1223 2088 1253 sensus2

1135 1263 1262 1293 alterum
1278 1261 1408 1292 a&ionis
1427 1273 1433 1292 ε
1455 1262 1537 1303 quod
1548 1261 1670 1294 refertur
1679 1262 1714 1293 ad
1725 1262 1920 1294 efficiendum
1928 1264 2000 1304 quid
2011 1283 2020 1296 ,
2045 1273 2088 1297 ut,

1134 1303 1156 1335 fi
1172 1314 1318 1346 quaeiatur
1333 1324 1342 1338 ‚
1369 1302 1473 1345 quibus
1499 1303 1609 1334 officiis
1634 1306 1765 1335 amicitia
1783 1305 1909 1335 colenda
1927 1304 1970 1335 fit.
2008 1308 2089 1335 Rur-

1132 1347 1179 1377 sus
1189 1347 1349 1387 superioris
1358 1355 1465 1387 genera
1473 1346 1542 1376 sunt
1551 1347 1620 1376 tria:
1642 1348 1705 1379 Sit,
1718 1356 1828 1377 necne:
1847 1347 1920 1387 quid
1932 1346 1982 1377 sit:
2002 1348 2088 1388 quale

1132 1386 1174 1419 fit.
1198 1391 1241 1419 Sit
1251 1408 1259 1422 ,
1270 1398 1365 1419 necne
1378 1408 1385 1421 .
1397 1396 1430 1418 ut
1439 1407 1447 1421 ,
1460 1388 1510 1425 jus
1520 1388 1549 1416 in
1560 1396 1660 1418 natura
1670 1386 1704 1418 sit
1715 1408 1723 1421 ‚
1735 1398 1773 1418 an
1784 1390 1816 1418 in
1827 1398 1920 1418 more.
1943 1389 2025 1430 Qid
2035 1398 2088 1418 au»

1129 1439 1193 1461 tem
1202 1429 1238 1460 fit
1246 1450 1255 1464 ‚
1269 1430 1343 1470 sitne
1351 1431 1398 1469 jus
1410 1450 1418 1463 ,
1430 1429 1460 1459 id
1471 1449 1479 1463 ‚
1490 1429 1572 1470 quod
1582 1430 1689 1469 majori
1698 1431 1770 1469 parti
1780 1428 1813 1459 sit
1824 1430 1908 1460 utile.
1932 1431 2026 1471 Qale
2036 1439 2088 1460 au-

1130 1481 1192 1503 tem
1204 1470 1237 1502 fit
1246 1492 1255 1505 ,
1261 1470 1336 1511 juste*
1346 1473 1457 1505 vivere,
1470 1469 1502 1501 s1t
1513 1491 1522 1504 ,
1533 1481 1628 1501 necne
1639 1491 1646 1505 ‚
1660 1472 1742 1501 utile.
1766 1471 1904 1502 Aftionis
1915 1482 2013 1502 autem
2024 1472 2086 1502 duo

1129 1515 1321 1555 suntgenera.
1346 1516 1454 1543 Unum
1466 1533 1475 1546 ‚
1487 1512 1521 1542 ad
1532 1513 1768 1554 persequendum
1778 1513 1891 1554 aliquid
1905 1533 1914 1547 ,
1934 1513 2085 1544 autdecli—

1130 1557 1266 1586 nandum
1278 1566 1283 1584 :
1295 1563 1327 1585 ut
1336 1575 1345 1589 ‚
1363 1554 1466 1596 quibus
1475 1553 1551 1584 rebus
1562 1554 1682 1595 adipisci
1692 1555 1820 1596 gloriam
1832 1554 1920 1595 pollis
1931 1575 1939 1588 ,
1950 1564 1999 1585 aut
2007 1565 2083 1597 quo>

1127 1598 1224 1629 modo
1243 1597 1359 1628 invidia
1368 1599 1477 1627 vitetur
1498 1607 1504 1625 :
1517 1597 1682 1631 Alterum,
1708 1596 1790 1638 quod
1808 1597 1842 1627 ad
1859 1597 1981 1637 aliquod
1998 1607 2086 1627 com-

1128 1639 1258 1671 modum
1268 1659 1277 1673 ,
1294 1639 1442 1680 usumque
1451 1637 1592 1668 refertur:
1614 1647 1664 1672 ut,
1685 1638 1918 1679 quemadmodum
1928 1635 1961 1668 fit
1969 1639 2084 1678 respub.

1125 1680 1360 1712 administranda
1367 1690 1436 1715 ‚Yaut
1445 1680 1680 1722 quemadmodum
1688 1683 1721 1710 in
1730 1689 1898 1720 paupertate
1908 1681 2085 1711 vivendum.

1126 1724 1241 1755 Rursus
1250 1732 1351 1754 autem
1361 1733 1399 1752 ex
1408 1724 1593 1764 cognitionis
1601 1722 1822 1752 consultatione
1832 1742 1840 1756 ‚
1854 1722 1924 1756 ubi,
1944 1721 1995 1756 fit,
2014 1733 2086 1757 nec—

1125 1776 1164 1796 ne
1174 1764 1208 1795 sit
1218 1786 1226 1798 ,
1240 1774 1290 1795 aut
1301 1764 1393 1795 fuerit
1402 1784 1410 1798 ‚
1422 1763 1598 1794 futurumve
1609 1762 1658 1798 fit,
1669 1765 1819 1804 quaeritur,
1833 1774 1928 1794 unum
1939 1774 2031 1806 genus
2042 1764 2084 1794 est

1121 1806 1294 1848 quaestionis
1305 1804 1431 1846 poffitne
1441 1805 1557 1877 αΙἭυίά,
1566 1804 1651 1836 effici.
1663 1814 1706 1840 ut,
1722 1805 1792 1836 cum
1802 1808 1943 1846 quaeritur
1953 1826 1960 1838 ‚
1976 1806 2082 1847 ecquis-

1122 1860 1189 1878 nam
1201 1848 1332 1889 perfecte
1343 1848 1456 1888 sapiens
1466 1858 1482 1877 e
1510 1858 1524 1877 e
1535 1846 1622 1886 possit
1635 1858 1640 1876 :
1654 1847 1793 1877 Alterum
1802 1867 1810 1881 ‚
1822 1848 2083 1888 quemadmodum

1121 1890 1254 1932 quidque
1264 1888 1330 1924 fiat,
1355 1899 1388 1920 ut
1398 1909 1407 1922 ‚
1430 1899 1554 1931 quonam
1561 1887 1647 1929 pasto
1657 1890 1752 1919 virtus
1761 1890 1887 1928 pariatur
1895 1909 1904 1923 ,
1929 1898 2082 1922 naturane,

1125 1943 1163 1962 an
1172 1934 1287 1962 ratione
1298 1952 1307 1964 ,
1327 1941 1364 1961 an
1375 1931 1438 1961 usu.
1462 1931 1556 1968 Cujus
1566 1932 1681 1970 generis
1691 1930 1758 1960 sunt
1768 1940 1876 1960 omnes
1887 1950 1895 1963 ‚
1916 1933 1948 1959 in
1959 1931 2081 1971 quibus,

1124 1982 1157 2004 ut
1166 1976 1200 2003 in
1210 1973 1344 2004 obscuris
1352 1992 1360 2006 ‚
1373 1972 1614 2012 naturalibusque
1622 1970 1839 2011 quaestionibus
1848 1992 1858 2005 2
1867 1972 1958 2003 causae
1971 1992 1980 2005 ,
1991 1975 2083 2003 ratio-

1123 2015 1234 2056 nesque
1252 2024 1354 2044 rerum
1362 2014 1560 2053 explicantur.
1582 2013 1669 2042 Illius
1687 2023 1787 2043 autem
1805 2015 1921 2054 generis
1932 2033 1941 2046 ‚
1964 2015 1996 2043 in
2006 2023 2080 2054 quo„

1122 2058 1196 2098 quid
1206 2055 1239 2086 sit
1249 2055 1280 2086 id
1290 2076 1298 2089 ‚
1311 2055 1347 2085 de
1358 2065 1419 2096 quo
1428 2056 1522 2096 agitur
1532 2075 1540 2088 ‚
1552 2056 1709 2095 quaeritur,
1721 2054 1781 2084 duo
1792 2055 1860 2084 sunt
1870 2065 1976 2095 genera
1989 2066 1993 2083 ;
2005 2065 2083 2095 quo—

1123 2109 1192 2129 rum
1202 2100 1234 2128 in
1245 2097 1335 2127 altero
1350 2096 1564 2137 disputandum
1575 2095 1617 2125 est
1627 2116 1634 2129 ‚
1656 2095 1737 2126 aliud
1749 2116 1757 2130 ‚
1768 2106 1806 2126 an
1816 2096 1898 2126 idem
1909 2094 1943 2125 sit
1953 2116 1960 2129 ‚
1981 2105 2083 2137 otper-

1127 2140 1235 2170 tinacia
1246 2140 1278 2169 &
1287 2139 1502 2179 perseverantia
1514 2148 1519 2166 t
1542 2140 1579 2167 In
1587 2138 1678 2168 altero
1688 2147 1786 2168 autem
1798 2158 1807 2172 ‚
1826 2138 1984 2177 descriptio
1993 2148 2084 2180 gene-

1123 2184 1163 2212 ris
1172 2182 1298 2221 alicujus
1309 2200 1317 2214 ‚
1343 2181 1375 2210 &
1384 2178 1461 2221 quasi
1473 2182 1572 2219 imago
1581 2180 1778 2219 exprimenda
1788 2178 1830 2209 est
1847 2199 1856 2213 ,
1874 2188 1906 2209 ut
1915 2199 1924 2213 ‚
1945 2182 2039 2220 qualis
2049 2179 2083 2209 sn

1119 2232 1226 2252 avarus
1237 2243 1246 2257 ‚
1268 2222 1398 2263 autquid
1409 2220 1442 2251 sit
1459 2221 1601 2261 superbia.
1626 2223 1731 2251 Tertio
1741 2230 1840 2251 autem
1859 2223 1893 2251 in
1901 2231 2025 2261 genere,
2050 2224 2083 2253 in

1119 2275 1181 2306 quo
1191 2285 1199 2299 ‚
1216 2265 1301 2305 quale
1312 2262 1344 2293 sir
1356 2284 1364 2297 ,
1376 2265 1517 2304 quaeritur
1526 2283 1534 2297 ,
1545 2272 1593 2293 aut
1604 2262 1640 2292 de
1650 2262 1804 2293 honestate
1816 2283 1825 2297 ³
1837 2271 1887 2293 aut
1896 2263 1931 2293 de
1943 2263 2081 2297 utilitate,

1120 2316 1169 2337 aut
1178 2306 1214 2337 de
1225 2307 1360 2346 aequitatc
1370 2304 1534 2336 dicendum
1544 2303 1596 2334 est.
1622 2307 1669 2334 De
1678 2304 1832 2335 honestate
1848 2303 1886 2334 fic
1900 2315 1904 2333 :
1925 2314 1957 2334 ut
1967 2325 1975 2338 ‚
1989 2307 2083 2334 Hone-

1113 2348 1223 2385 stumne
1231 2346 1265 2378 sit
1280 2357 1335 2388 pro
1345 2346 1621 2387 amicopericulum
1634 2366 1642 2380 ‚
1666 2355 1714 2377 aut
1731 2347 1879 2376 invidiam
1890 2346 1998 2376 subire.
2033 2349 2081 2377 De

1126 2391 1253 2421 utilitate
1262 2399 1360 2419 autern
1372 2387 1408 2419 fic
1428 2399 1434 2418 :
1459 2398 1492 2419 ut
1501 2409 1509 2422 ,
1534 2388 1614 2417 Sitne
1624 2388 1695 2417 urile
1705 2408 1713 2422 ‚
1736 2390 1769 2418 in
1780 2398 1840 2428 rep.
1850 2387 2082 2418 administranda

1124 2433 1241 2462 versari.
1265 2434 1312 2462 De
1322 2432 1459 2471 aequitate
1468 2429 1540 2461 vero
1551 2429 1588 2460 sic
1600 2441 1606 2459 2
1619 2438 1651 2460 ut
1660 2450 1668 2463 ‚
1680 2430 1759 2460 Sitne
1768 2440 1877 2471 aequum
1887 2449 1895 2462 ‚
1907 2431 2019 2459 amicos
2030 2440 2081 2459 co-

1120 2476 1217 2515 gnatis
1226 2473 1380 2503 anteferre.
1403 2475 1501 2513 Atque
1513 2474 1546 2502 in
1557 2473 1613 2501 hoc
1623 2471 1728 2502 eodem
1739 2481 1845 2513 genere
1855 2490 1863 2504 ,
1876 2472 1909 2500 in
1918 2481 1979 2512 quo
1990 2492 2000 2504 ,
2010 2481 2083 2512 qua.-

1120 2521 1147 2546 le
1159 2515 1191 2546 sit
1202 2536 1210 2549 ‚
1223 2517 1363 2556 quaei'itur
1374 2534 1382 2548 ‚
1404 2516 1537 2544 exoritur
1544 2513 1625 2543 aliud
1637 2513 1789 2553 quoddam
1800 2513 1966 2553 disputandi
1977 2523 2082 2555 genus.

1122 2561 1198 2589 Non
1207 2560 1292 2587 enim
1303 2555 1474 2596 simpliciter
1486 2553 1584 2585 solum
1598 2557 1742 2594 quaeritur
1751 2574 1759 2589 ‚
1782 2555 1856 2595 quid
1865 2554 2026 2585 honestum
2036 2553 2081 2589 sit,

1122 2599 1196 2641 quid
1210 2599 1281 2628 utile
1292 2619 1302 2632 ,
1313 2597 1384 2639 quid
1396 2607 1514 2638 aequum
1526 2616 1534 2630 ‚
1547 2596 1595 2626 sed
1605 2598 1694 2626 etiam
1706 2605 1744 2626 ex
1753 2598 1975 2637 comparatione
1986 2617 1996 2631 ,
2007 2597 2081 2637 quid

1125 2640 1281 2672 honestius
1292 2660 1302 2673 ‚
1323 2639 1395 2680 quid
1407 2639 1510 2668 utilius
1522 2658 1530 2671 ,
1570 2637 1622 2667 uid
1632 2639 1761 2678 aequius:
1781 2647 1867 2679 atque
1876 2640 1966 2668 etiam
1979 2659 1987 2672 ,
2008 2638 2083 2679 quid

1126 2680 1368 2713 honestiffimum
1381 2700 1389 2714 ‚
1400 2680 1473 2721 quid
1484 2680 1549 2709 utili
1564 2677 1673 2709 simum
1685 2699 1693 2712 ,
1712 2679 1785 2720 quid
1794 2678 1991 2720 aequiffimum
2006 2691 2010 2709 :
2028 2690 2081 2710 cu-

1121 2727 1170 2766 jus
1181 2733 1294 2766 generis
1305 2723 1355 2752 illa
1364 2722 1433 2752 sunt
1442 2741 1450 2755 ,
1462 2731 1520 2762 quc
1530 2719 1746 2762 praestantissima
1757 2720 1790 2751 sit
1798 2721 1925 2762 dignitas
1934 2723 2017 2753 vitae.
2026 2725 2080 2750 At-

1123 2777 1180 2807 que
1191 2776 1224 2795 ea
1233 2765 1367 2805 quidem,
1383 2773 1447 2804 quat:
1458 2764 1535 2796 dixi,
1547 2764 1731 2803 cognitionis
1743 2764 1809 2793 sunt
1820 2766 1933 2793 omnia.
1957 2762 2082 2793 Restant

120 2815 190 2838 rum
199 2810 438 2840 enumerationes
448 2828 458 2843 ‚
477 2810 510 2840 δε
519 2810 660 2850 exempla
667 2809 768 2840 valent
776 2809 959 2850 plurimum.
980 2811 1017 2839 In
1023 2810 1074 2850 ju·
1100 2821 1103 2838 ι
1127 2808 1255 2838 achonis
1269 2817 1274 2835 ;
1295 2806 1342 2846 cuj
1348 2815 1381 2835 us
1392 2805 1518 2835 alterum
1526 2803 1568 2834 est
1576 2804 1768 2844 praecipiendi
1776 2814 1869 2846 genus
1880 2824 1889 2839 ‚
1901 2804 1983 2846 quod
1992 2804 2027 2834 ad
2036 2814 2081 2834 ia-

1962 2847 2080 2876 tionem

159 2957 183 2976 1.
200 2951 291 2983 Qibm
300 2953 360 2977 αέῖίο
369 2953 432 2978 vocis
442 2972 449 2984 ‚
459 2954 544 2978 vultur
555 2971 563 2984 ‚
574 2952 682 2985 &gestia
693 2961 816 2984 congruens
828 2971 836 2983 ,
847 2952 913 2985 &ej
929 2949 1074 2977 Lambinus

119 2983 158 3011 ait
168 2984 192 3011 st:
203 2986 340 3022 reposuisse
350 2987 424 3014 libris
436 2982 597 3020 volentibus,
607 2998 662 3013 vote
675 3007 682 3019 ‚
691 2991 764 3013 vultu
774 2990 878 3021 &gestia
900 2987 918 3013 fi
931 2996 1020 3012 verum
1031 2985 1074 3011 di-

118 3021 222 3052 cit,non
236 3023 364 3058 vitupero.
375 3031 402 3050 at
412 3024 469 3051 Pal.
480 3031 567 3051 tamen
578 3033 619 3060 pr.
630 3031 709 3059 atque
718 3025 842 3060 Hittorp.
853 3022 948 3050 habent
958 3030 1074 3054 tautum,

118 3064 184 3083 taem
191 3057 299 3090 &gestus
309 3067 383 3092 congr.
401 3060 424 3086 ai
429 3067 469 3086 ter
480 3060 536 3086 Pal.
548 3063 607 3086 affin
616 3062 700 3085 vultm
709 3060 738 3091 ὠ
743 3062 818 3093 gestus·
831 3079 840 3092 ‚
849 3059 899 3090 ὡς.
1065 3082 1067 3087 .

155 3099 186 3131 J..
204 3093 321 3126 Diffialum
337 3097 362 3120 in
379 3096 497 3121 brevitate
512 3097 621 3129 laabin]
642 3095 709 3121 Pan.
721 3102 832 3131 uterque
841 3096 943 3127 lucebit‚·
962 3101 991 3120 ut
1009 3095 1075 3120 item

120 3124 246 3188 ἰέιιοτρ.
265 3129 410 3188 ¹Lambinus.
419 3140 454 3159 ex
465 3131 560 3168 scripto
569 3141 624 3160 uno
635 3130 722 3159 edidit
731 3149 740 3165 ,
750 3141 795 3158 mn
811 3132 907 3164 lucebit.
926 3129 1018 3158 malim
1027 3129 1074 3157 ad-

135 3171 139 3174 *
164 3171 221 3190 rere
231 3171 263 3191 vu
275 3173 348 3200 gato.

1159 2958 1186 2981 23.
1206 2948 1344 2981 Etperfimis
1355 2948 1452 2980 taufim
1462 2946 1570 2980 appello]
1591 2946 1633 2972 Sic
1644 2946 1700 2972 Pal.
1711 2946 1829 2982 quintus.
1850 2954 1908 2971 nam
1920 2954 1960 2980 pr.
1971 2943 2082 2976 &perfi-

1122 2982 1177 3017 nis',
1190 2986 1364 3017 controverſsam
1374 2985 1478 3016 causam.
1499 2981 1584 3008 editio
1594 2990 1670 3008 vetus
1682 3001 1690 3014 ‚
1701 2982 1834 3016 &persenis
1845 2982 2012 3013 controversam
2023 2989 2081 3005 can-

1115 3023 1170 3055 sam
1180 3021 1274 3053 apprllo.

1155 3064 1184 3089 4.
1195 3057 1240 3080 Sed
1248 3058 1283 3081 ef!
1291 3055 1425 3089 consultatio
1434 3055 1566 3088 quafipars
1577 3055 1648 3087 castsk
1657 3054 1759 3087 quadam
1768 3052 1797 3083 ὠ·
1806 3051 1983 3085 contrmcrsi'ae]
1998 3048 2079 3076 Haud

1121 3092 1198 3118 aliter
1210 3091 1266 3116 Pal.
1276 3100 1317 3126 pr.
1337 3090 1383 3116 niti
1393 3089 1464 3125 quod
1474 3089 1631 3116 destituatur
1640 3089 1690 3115 illo
1699 3091 1831 3120 &aterum
1844 3088 1912 3114 enim
1927 3096 1988 3113 vcro
1999 3087 2079 3124 quitt-

1124 3136 1164 3154 tus
1177 3127 1283 3163 praefert
1295 3137 1300 3153 :
1313 3126 1358 3152 &A
1359 3128 1507 3159 propositum,
1516 3127 1654 3159 latior-pars
1665 3126 1817 3160 coutroverstae
1825 3143 1834 3159 ‚
1848 3122 1919 3160 quaint
1929 3123 2009 3156 caus).
2020 3129 2078 3156 quae

1123 3163 1251 3199 scriptur-i
1260 3161 1433 3191 examinandi
1443 3161 1622 3189 otiosioribus.

1565 3198 1592 3227 Z
1616 3205 1631 3232 3
1983 3194 2082 3225 l-Apu

2118 807 2160 840 iz*

2111 2025 2149 2057 ¹9
