2360 3400
143 1315 192 1347 24

435 144 642 189 Eprs'r.
682 154 760 184 AD
798 137 902 183 CN.
940 137 1287 189 PLANcUM,
1323 152 1399 185 ET
1438 141 1662 199 ALIOS,
1698 144 1824 191 [ΛΒ.
1863 145 1916 190 Χ.

211 225 356 257 visurus.
379 221 434 254 Sed
452 229 551 251 tamen
572 218 609 249 de
628 219 686 248 hoc
698 219 775 248 mihi
786 226 890 258 parum
901 226 1015 248 certum
1029 215 1079 247 est.
1107 219 1172 247 Ma-

214 278 276 308 gno
292 275 362 297 curn
380 264 484 294 dolore
502 259 710 302 parricidarum
725 261 837 301 elapsus
850 260 916 290 sum
927 260 985 289 his.
1010 257 1171 289 veniebant

216 311 300 339 enim
312 306 420 338 eodem
435 304 534 334 furore
543 304 576 333 in
589 312 638 332 me
649 322 657 336 ,
682 312 742 342 quo
752 304 782 332 in
791 302 915 343 patriam
931 320 940 335 ‚
961 301 1086 331 incitati.
1110 301 1169 329 Ira-

215 349 338 380 cundias
363 355 462 377 autem
489 346 594 375 harum
619 354 718 374 rerum
735 345 880 375 recenteis
896 342 1044 372 habebant
1064 352 1069 370 ε
1088 339 1170 381 quod

216 390 367 431 Lepidum
386 386 522 428 castigare
541 396 603 416 non
622 385 790 417 destiteram
810 407 818 420 ,
837 394 869 416 ut
887 384 1087 424 exstingueret
1107 382 1170 411 bel-

214 434 280 462 lum
294 442 300 460 τ
314 429 396 472 quod
414 429 566 469 colloquia
583 427 658 458 faeta
675 428 882 468 improbabam
895 437 901 456 2
923 430 933 446 ¹
946 425 1027 467 quod
1039 425 1148 466 legatos
1159 443 1168 457 ‚

215 472 276 504 fide
286 472 393 511 Lepidi
404 469 509 501 miffos
522 470 555 500 ad
569 471 664 503 menn
674 469 869 510 conspefilum
882 469 983 499 venire
991 475 1170 512 vctayeram:

216 513 298 556 quod
309 516 341 544 C.
356 515 473 544 Catium
484 511 654 546 Vestinum,
667 512 825 542 tribunum
837 511 984 543 militurn,
994 506 1119 538 millum
1133 507 1168 537 ab

215 557 353 587 Antonio
362 556 396 586 ad
408 565 456 585 me
466 564 536 584 cum
549 555 858 594 litteris,exceperam.
882 555 918 583 In
928 561 990 593 quo
999 551 1075 580 hanc
1084 550 1169 588 capio

214 599 399 638 voluptatem
412 617 420 631 2
441 596 522 637 qubd
533 595 610 627 certe
622 615 630 629 ‚
641 606 701 637 quo
713 597 807 638 magis
817 605 865 624 me
873 596 1043 635 petiverunt
1054 612 1063 625 ‚
1085 599 1167 621 tanto

215 641 363 679 majorem
384 641 430 669 his
448 637 598 668 frustratio
616 637 754 668 dolorem
775 637 884 667 attulit.
906 638 956 666 Tu
968 654 976 668 ,
995 634 1166 665 miCicero,

213 681 294 723 quod
305 681 400 712 adhuc
410 679 506 711 fecisti
519 700 526 713 ‚
546 679 627 709 idem
636 679 754 719 praesta:
769 678 976 717 utvigilanter,
989 675 1172 714 nervoseque

214 733 271 754 nos
281 744 288 758 ‚
307 725 358 764 qui
378 722 532 753 stamusin
542 723 603 752 acie
614 741 622 754 ,
642 722 794 751 subornes.
817 721 926 749 Veniat
935 717 1105 748 Caesarcum
1115 725 1166 744 co-

214 768 272 805 piis
283 785 291 799 ‚
301 775 372 806 quas
382 765 469 795 habet
479 761 659 793 firmiffimas
674 771 750 795 :aut,
767 760 788 790 si
802 760 899 801 ipsum
910 760 1007 799 aliqua
1015 767 1060 787 res
1069 758 1166 796 impe—

211 809 267 841 dit,
280 808 428 837 exercitus
439 807 587 835 mittatur:
599 804 646 842 cuj
652 813 684 833 us
693 801 782 843 ipsius
793 811 937 841 magnum
948 801 1043 840 agitur
1051 807 1169 838 pericu-

214 850 290 879 lum.
316 847 472 889 Qidquid
490 844 651 886 aliquando
671 843 807 874 futurum
818 843 916 873 fuitin
927 841 1026 872 castris
1035 839 1167 880 perdito-

212 901 279 921 rum
299 899 402 920 contra
423 889 545 928 patriam
557 906 566 920 ‚
588 887 646 915 hoc
663 895 756 915 omne
763 886 826 925 jam
836 886 991 915 convenit.
1015 885 1072 914 Pro
1084 882 1168 912 urbis

211 932 285 962 vero
304 932 394 962 salute
413 939 464 959 cur
475 938 538 959 non
547 927 692 958 omnibus
702 927 890 958 facultatibus
901 947 910 961 ‚
929 935 1000 966 quas
1009 924 1166 957 habemus,

211 975 351 1005 utamur?
363 971 451 1011 Qiod
464 969 482 999 si
493 979 547 1000 vos
556 969 620 999 istic
629 977 693 999 non
705 968 870 1002 defueritis,
880 966 1030 1009 profe&b,
1042 965 1122 1007 quod
1134 966 1169 996 ad

213 1025 264 1045 me
274 1016 387 1046 attinet,
398 1012 543 1042 omnibus
555 1011 641 1041 rebus
651 1010 771 1041 abunde
780 1011 896 1051 reipub.
910 1008 1096 1041 satisfaciam.
1120 1010 1168 1038 Te

211 1056 333 1097 quidem
347 1075 354 1088 .
370 1057 415 1084 mi
427 1055 547 1087 Cicero,
558 1055 590 1083 in
600 1053 663 1083 dies
673 1074 682 1087 ,
694 1053 892 1086 mehercules,
904 1051 999 1082 habeo
1011 1052 1166 1081 cariorem:

210 1096 484 1137 sollicitudinesque
494 1105 574 1126 meas
583 1095 717 1136 quotidie
731 1097 824 1136 magis
833 1103 882 1125 tua
891 1095 998 1124 merita
1006 1100 1166 1126 exacuunt,

208 1149 247 1170 ne
257 1138 328 1180 quid
339 1147 388 1169 aut
398 1148 435 1168 ex
445 1147 546 1168 amore
558 1157 567 1170 ,
587 1146 636 1167 aut
647 1137 810 1176 exjudicio
824 1145 877 1166 tuo
886 1135 1019 1176 perdam.
1045 1136 1123 1174 Opto
1135 1143 1167 1164 ut

208 1182 288 1211 mihi
310 1181 397 1211 liceat
411 1180 474 1219 jam
485 1200 493 1213 ,
514 1179 651 1219 praesenti
662 1181 768 1219 pietate
779 1188 919 1208 meorum
930 1175 1102 1206 officiorum
1118 1185 1168 1206 tua

209 1220 356 1252 beneficia
365 1222 420 1252 tibi
429 1221 524 1252 facere
536 1221 727 1258 jucundiora.
752 1219 866 1251 Οᾶᾶνο
877 1219 1026 1260 ὶάυε]υῃ.
1051 1221 1064 1237 ²
1079 1217 1168 1258 Cuju-

207 1274 283 1295 rone
299 1273 353 1293 :ex
363 1263 475 1293 finibus
487 1262 703 1304 Allobrogum.

306 1307 543 1336 PLANCUS
563 1303 1060 1335 1MP.CONS.DESIGN.

501 1349 580 1376 S.D.
604 1348 759 1376 CICER
774 1348 876 1375 ONI.

210 1389 394 1466 FACERE
412 1398 476 1418 non
493 1386 612 1428 poss'um
624 1407 632 1421 ,
653 1389 770 1428 quinin
781 1386 906 1428 fingulas
917 1396 983 1421 res,
1003 1387 1168 1426 meritaque

276 1440 341 1469 tua,
358 1431 413 1460 tibi
422 1439 525 1471 gratias
536 1439 629 1470 agam.
652 1429 708 1459 Sed
718 1429 888 1459 mehercule
899 1428 978 1460 facio
985 1438 1056 1460 cum
1068 1429 1165 1468 pudo-

201 1482 242 1503 re.
267 1475 373 1513 Neque
382 1481 466 1501 enim
477 1479 556 1501 tanta
565 1470 747 1501 necessitudo
758 1490 766 1505 ,
782 1480 923 1511 quantam
934 1480 965 1501 tu
975 1471 1053 1501 mihi
1064 1479 1164 1500 tecum

198 1512 261 1545 effe
280 1512 420 1547 voluisti,
439 1511 599 1543 desiderare
616 1513 901 1554 videturgratiarum
911 1512 1074 1543 afilionem.
1099 1514 1164 1542 Ne—

202 1566 261 1597 que
279 1566 334 1597 ego
352 1555 489 1586 lubenter
508 1564 561 1595 pro
576 1557 719 1585 maximis
729 1557 786 1584 tuis
797 1553 1021 1585 beneficiistam
1031 1555 1164 1585 vilimu-

202 1608 274 1628 nere
283 1597 427 1638 defungar
437 1598 582 1627 orationis
594 1608 599 1625 ;
621 1597 653 1627 &
666 1598 746 1627 malo
759 1597 886 1637 praesens
896 1597 1082 1627 observantia
1091 1616 1100 1630 ,
1114 1597 1163 1626 in-

201 1639 354 1681 dulgentia
364 1659 372 1672 ,
392 1637 570 1672 affidustare,
591 1648 762 1669 memorem
786 1648 836 1668 me
847 1639 902 1669 tibi
912 1639 1047 1679 probare.
1070 1637 1162 1679 Qod

200 1680 223 1711 si
234 1683 311 1711 mihi
320 1683 380 1712 vita
387 1682 545 1722 contigerit
554 1701 562 1714 ,
574 1683 792 1722 omneisgratas
802 1683 949 1712 amicitias
957 1701 966 1715 ,
977 1691 1061 1722 atque
1070 1683 1160 1710 etiam

201 1724 263 1763 pias
273 1725 510 1763 propinquitates
521 1742 529 1757 ,
548 1724 580 1753 in
592 1731 640 1753 tua
651 1723 837 1753 observantia
848 1743 855 1757 ,
871 1723 1058 1764 indulgentia
1069 1742 1078 1756 ,
1093 1720 1161 1752 affi-

199 1765 314 1795 duitate
331 1766 461 1795 vincam.
485 1767 581 1794 Amor
599 1767 682 1794 enim
703 1774 771 1795 tuus
783 1785 791 1799 ,
810 1775 843 1795 ac
859 1764 1010 1804 judicium
1033 1764 1070 1794 de
1088 1774 1159 1798 me,

199 1805 305 1837 utrum
324 1807 403 1836 mihi
421 1807 488 1846 plus
507 1806 659 1847 dignitatis
672 1809 705 1836 in
718 1804 895 1847 perpetuum
907 1826 914 1840 ‚
935 1816 972 1835 an
985 1806 1158 1845 voluptatis,

200 1848 338 1889 quotidie
356 1846 389 1878 sit
406 1849 546 1878 allaturus
567 1867 576 1882 ,
606 1857 670 1878 non
688 1848 775 1879 facile
792 1847 934 1878 dixerim.
957 1850 1006 1877 De
1025 1847 1160 1878 militurn

199 1888 448 1923 commodis,fuit
457 1889 512 1919 tibi
523 1899 600 1919 curae
612 1900 617 1918 τ
631 1899 707 1930 quos
717 1899 772 1930 ego
782 1900 846 1919 non
854 1891 998 1929 potentiae
1008 1899 1083 1918 meae
1091 1899 1161 1918 cau-

199 1932 228 1962 sa
239 1931 328 1970 (nihil
339 1933 424 1961 enirn
437 1941 485 1961 me
495 1941 559 1961 non
570 1931 729 1961 salutariter
737 1933 864 1972 cogitare
875 1931 947 1972 scio)
961 1932 1061 1961 ornari
1071 1931 1158 1960 volui

196 1973 215 2003 ὲ
224 1973 325 2004 senatu
337 1984 342 2003 :
353 1973 401 2003 sed
410 1971 557 2013 primum,
567 1971 650 2014 quod
661 1974 700 2003 ita
709 1972 1010 2012 meritosjudicabam
1021 1983 1026 2001 :
1036 1972 1156 2006 deinde,

199 2014 282 2056 quod
292 2015 326 2045 ad
337 2016 457 2045 omneis
466 2015 546 2045 casus
555 2014 782 2054 conjunRiores
791 2013 924 2055 i·eip.effe
934 2014 1090 2045 volebam:
1101 2024 1158 2043 no-

198 2055 317 2086 viffime
328 2077 336 2090 ,
349 2066 381 2087 ut
391 2056 426 2087 ab
437 2058 523 2086 omni
535 2059 676 2086 omnium
687 2057 896 2087 sollici-tatione
907 2056 1023 2086 aversos
1034 2065 1086 2086 eos
1096 2075 1104 2089 ‚
1116 2064 1159 2086 ta-

198 2099 254 2128 leis
265 2098 351 2129 vobis
360 2097 492 2138 praestare
501 2097 616 2138 poss'em
628 2118 636 2132 ‚
651 2099 753 2139 quales
762 2098 858 2129 adhuc
870 2097 1001 2128 fuerunt.
1026 2100 1094 2128 Nos
1104 2097 1157 2127 ad-

196 2141 257 2170 huc
273 2141 323 2170 hic
340 2142 445 2170 omnia
462 2141 575 2181 integra
594 2139 802 2170 sustinuimus.
826 2139 915 2181 Qod
927 2139 1087 2170 confilium
1099 2149 1158 2169 no-

197 2181 291 2213 strum
305 2202 313 2215 ,
330 2180 379 2212 etfi
392 2202 400 2215 ‚
416 2190 525 2223 quanta
535 2181 700 2212 sitaviditas
710 2183 874 2212 hominum
888 2201 896 2216 ,
917 2192 981 2212 non
990 2180 1050 2211 fine
1060 2180 1152 2215 causa,

195 2224 262 2255 talis
273 2223 418 2258 vistoriae,
429 2225 490 2254 scio
501 2235 506 2253 2
519 2233 619 2255 tamen
629 2224 716 2254 vobis
726 2224 844 2264 probari
855 2225 947 2264 spero.
971 2226 1045 2253 Non
1057 2225 1153 2258 enim,

193 2265 217 2295 si
225 2265 298 2306 quid
309 2267 341 2295 in
352 2266 399 2295 liis
407 2265 588 2296 exercitibus
599 2264 633 2296 sit
643 2264 793 2296 offensum
805 2285 813 2300 ,
826 2275 933 2307 magna
943 2264 1068 2296 subsidia
1078 2265 1153 2306 resp.

194 2308 283 2338 habet
298 2307 436 2348 expedita
449 2327 457 2341 ,
478 2310 490 2335 3
502 2307 611 2348 quibus
621 2307 719 2338 subito
729 2309 844 2348 impetu
856 2327 865 2342 ,
877 2318 910 2338 ac
921 2307 1079 2338 latrocinio
1088 2316 1154 2348 par·
1174 2333 1176 2338 ,

193 2349 355 2380 ricidaruin
372 2348 491 2380 resistat.
516 2350 624 2389 Copias
634 2348 706 2379 vero
717 2349 830 2380 nostras
843 2358 928 2380 notas
942 2348 997 2379 tibi
1008 2347 1064 2379 effe
1076 2349 1154 2379 arbi-

193 2399 265 2421 tror.
289 2393 326 2421 ln
338 2390 437 2422 castris
451 2392 528 2421 meis
542 2392 674 2432 legiones
684 2392 750 2422 sunt
760 2400 906 2422 veteranae
916 2400 974 2421 tres
986 2402 992 2420 ε
1011 2392 1150 2421 tironum

193 2433 245 2462 vel
255 2431 484 2464 luculentiffima
494 2442 531 2463 cx
542 2433 686 2464 omnibus
696 2443 770 2464 una:
785 2435 817 2463 in
828 2432 928 2464 castris
937 2434 1022 2463 Bruti
1033 2443 1090 2463 una
1100 2443 1153 2463 ve-

192 2482 293 2505 terana
310 2474 388 2516 legio
404 2485 410 2504 :
432 2475 520 2505 altera
538 2475 620 2506 bima
636 2486 641 2505 z
665 2475 736 2506 οᾶο
755 2477 899 2506 tironum.
934 2477 978 2506 Ita
996 2475 1153 2506 universus
1175 2503 1176 2509 ,

191 2517 342 2546 exercitus
361 2536 370 2550 ,
399 2526 527 2547 numero
545 2516 743 2558 ampliffimus
760 2517 801 2548 est
816 2538 825 2551 ,
854 2517 995 2547 firmitate
1013 2518 1149 2558 exiguus.

189 2560 349 2600 Qantum
361 2566 458 2588 autem
469 2560 501 2588 in
509 2560 570 2590 acie
580 2561 672 2590 tironi
683 2558 717 2589 sit
726 2558 985 2590 committendum
995 2578 1005 2592 ,
1016 2558 1152 2589 nimium

191 2601 210 2631 s
207 2610 266 2640 aepe
276 2609 432 2640 expertum
443 2600 596 2630 habemus.
619 2601 666 2631 Ad
677 2601 734 2631 hoc
744 2601 836 2631 robur
847 2599 1020 2631 nostrorum
1038 2601 1153 2631 exerci-

188 2649 279 2672 tuum
291 2662 299 2675 ‚
314 2641 372 2672 sive
381 2641 537 2672 Africanus
547 2644 707 2675 exercitus,
718 2644 771 2683 qui
782 2642 824 2672 est
834 2651 989 2673 veteranus
1000 2662 1009 2676 ‚
1021 2640 1079 2672 five
1090 2644 1154 2672 Cae-

191 2683 260 2714 saris
270 2682 428 2714 accessisset
437 2703 445 2716 ,
462 2693 547 2724 aequo
557 2686 661 2714 animo
671 2684 821 2714 summam
833 2693 931 2723 remp.
945 2685 979 2713 in
990 2683 1152 2714 discrimen

188 2724 416 2757 deduceremus.
441 2724 606 2767 Aliquanto
617 2734 717 2757 autem
727 2725 852 2767 propius
862 2724 918 2756 effe
931 2744 939 2759 2
951 2726 1032 2766 quod
1043 2725 1078 2756 ad
1088 2728 1152 2756 Cae-

231 2839 254 2857 1.
265 2834 415 2868 Legatosfide
426 2833 509 2866 Lepidi·
519 2832 592 2865 mii-7215
603 2833 634 2858 ad
644 2842 688 2863 me,
698 2835 723 2857 iri
734 2834 874 2865 conspcffnm
886 2834 968 2856 venire
978 2832 1147 2865 mutauerant]

193 2866 235 2893 Ita
244 2866 326 2895 edidit
336 2869 470 2896 ViCtorius
483 2888 491 2901 ,
510 2878 595 2904 ireque
614 2869 691 2894 aliter
709 2868 735 2894 iii
748 2867 873 2894 Palatino
891 2868 988 2903 primo,
1009 2876 1066 2893 iiam
1079 2867 1150 2902 quod

195 2902 276 2936 vulgo
287 2905 369 2937 Lepidi
379 2904 477 2937 dimiffes
486 2904 611 2931 vitiosum
622 2905 657 2931 est
671 2924 678 2936 ‚
688 2903 910 2940 pi-secedeiitisqiie
923 2902 1044 2929 xocabuli
1056 2911 1148 2929 extre-

192 2937 341 2973 masyllaba
349 2939 453 2967 adhaefit
463 2941 610 2977 posteriori.
634 2941 722 2975 Vulgo
734 2939 859 2966 excusum
871 2939 905 2966 cst
918 2958 925 2970 ‚
938 2939 1037 2970 dimiffbs
1052 2958 1059 2969 ,
1069 2939 1103 2964 ad
1117 2949 1152 2964 me

191 2975 222 3000 in
240 2977 376 3008 conspenum
392 2979 475 3002 venire
483 2985 618 3002 verutum.
640 2976 733 3003 Paullo
744 2976 798 3012 post
812 2998 818 3008 ,
834 2985 866 3002 ex
880 2975 999 3001 Palatino
1018 2976 1105 3011 primo
1115 2984 1147 3000 cx

191 3008 310 3036 editione
327 3010 480 3039 vietoriana
511 3015 579 3040 (nam
600 3022 633 3039 cx
655 3013 777 3039 Mediceo
796 3013 861 3039 lianc
881 3010 1023 3038 icetionem
1043 3011 1149 3043 attulit,

193 3054 272 3080 quam
292 3045 323 3071 ad
335 3046 445 3081 primam
456 3057 561 3086 quoque
580 3048 774 3084 impreslioueiu
787 3055 862 3075 notat
873 3048 1014 3083 Egnatius)
1035 3057 1067 3073 ex
1084 3047 1147 3073 Hit-

191 3081 315 3116 torpiano
327 3081 387 3117 lego
398 3092 404 3109 z
425 3085 514 3117 nuffum
523 3086 554 3110 ab
563 3088 663 3111 Antonio
673 3086 705 3110 ad
714 3095 748 3111 me
757 3092 806 3110 tum
816 3086 901 3111 litteris
910 3092 1054 3116 exceperam.
1066 3092 1150 3119 quau·
1164 3098 1166 3103 .

191 3126 270 3157 ‹iii-iiii
282 3117 447 3158 in-Palatino
457 3118 532 3146 sexto
545 3139 553 3151 ,
566 3121 652 3156 primo
662 3128 731 3152 erat,
746 3129 890 3154 acceperam.
911 3120 952 3146 scd
963 3129 1095 3153 exceperam
1107 3129 1148 3145 rc-

189 3152 416 3218 [tius.g'ideatiii·
434 3156 520 3185 Caesar
530 3155 599 3184 libro
612 3165 637 3185 1.
657 3157 725 3186 Belli
737 3157 834 3188 civilis.
854 3156 987 3186 idemus.
1003 3166 1064 3185 iii.
1085 3157 1167 3227 Vir-¹1

189 3197 271 3224 gntus
307 3198 346 3218 uc.
361 3198 402 3219 ιι.

1213 218 1304 248 sarem
1319 219 1440 252 attinet,
1461 219 1650 252 videbamus.
1670 220 1761 253 'Nihil
1774 222 1874 254 destiti
1890 233 1962 254 eum
1977 222 2084 254 litteris
2098 224 2172 255 hor·

1214 261 1265 306 tari
1278 270 1284 288 :
1297 270 1399 307 ‘neque
1412 261 1788 295 illeinteimifitaffirmaie
1801 285 1809 298 ‚
1829 265 1856 295 sc
1872 263 1931 295 fine
1949 275 2034 296 mora
2048 267 2167 297 venire;

1211 310 1283 348 cum
1295 304 1416 347 interim
1428 304 1562 334 aversum
1573 305 1663 335 illum
1679 306 1713 336 ab
1723 308 1776 336 hac
1790 308 1972 348 cogitatione
1984 307 2019 338 ad
2030 307 2084 338 alia
2094 318 2169 339 con-

1211 341 1271 372 silia
1280 343 1369 372 video
1381 344 1407 374 se
1417 344 1584 376 contuliss'e.
1613 350 1677 388 Ego
1694 356 1792 378 tamen
1807 350 1842 379 ad
1858 359 1928 379 eum
1941 351 2086 379 Furnium
2108 360 2166 379 no-

1210 382 1302 413 strum
1317 395 1387 429 cum
1404 386 1551 417 mandatis
1562 407 1571 422 ,
1591 388 1750 431 litterisque
1762 389 1828 420 misi
1840 410 1848 424 ,
1869 389 1889 420 si
1900 391 1971 432 quid
1981 390 2058 421 forte
2069 390 2161 431 profi-

1208 434 1273 472 cere
1281 424 1399 473 posset5
1411 430 1472 457 Scis
1482 437 1512 458 tu
1524 448 1532 462 ‚
1553 431 1596 459 mi
1607 432 1710 461 Cicero
1720 451 1728 464 ‚
1749 431 1831 472 quod
1845 433 1880 462 ad
1892 433 2009 463 Caesaris
2026 443 2163 464 amorem

1208 474 1330 500 attinet,
1343 468 1510 499 societatem
1524 472 1601 500 mihi
1612 471 1670 502 effe
1681 481 1779 503 tecum
1794 484 1799 502 z
1814 474 1861 504 vel
1872 473 1952 515 quod
1967 477 1997 504 iri
2008 473 2165 505 familiari—

1207 515 1263 537 tate
1275 508 1405 542 Caesaris‚
1417 512 1565 545 vivonio,
1577 523 1638 552 Jam
1651 517 1725 544 tueri
1739 525 1809 545 eum
1820 536 1828 549 ‚
1843 515 1875 546 &
1885 515 2007 556 diligere
2018 515 2076 546 fuit
2087 518 2163 546 milii.

1208 547 1340 596 necesse:
1358 551 1406 579 vel
1418 550 1500 591 quod
1510 554 1571 597 ipse
1583 574 1591 586 ,
1606 555 1702 594 quoad
1714 566 1767 596 ego
1778 556 1861 587 nosse
1870 560 1975 598 potui,
1986 558 2163 588 moderaris-

1208 588 1295 638 fimi,
1313 599 1403 638 atque⁴
1414 593 1620 625 humanissimi
1635 595 1693 626 fuit
1708 598 1823 629 sensus:
1841 600 1889 629 vel
1899 598 1982 640 quod
1993 610 2030 630 ex
2043 609 2101 630 tam
2117 602 2164 630 iu-

1207 630 1279 672 signi
1291 642 1423 662 amicitia
1434 644 1499 663 mea
1510 655 1517 667 ,
1532 644 1618 676 atque
1629 639 1745 668 Caesaris
1756 660 1764 673 ‚
1776 641 1855 671 hunc
1867 640 1920 670 filii
1933 641 2010 675 loco,
2023 642 2054 671 ὃς
2066 642 2131 671 ilii-u.
2143 652 2161 673 :‚

1208 673 1240 703 δε
1251 673 1474 713 vestrojudicio
1485 676 1675 708 substitutum
1690 700 1696 711 ‚
1720 691 1781 710 non
1795 683 1919 720 proinde
1936 683 2039 713 habere
2051 703 2058 713 η
2081 692 2163 724 turpe
2185 699 2191 705 κ

1209 716 1287 745 milii
1298 715 1425 745 videtur.
1450 717 1506 747 Sed
1517 737 1525 750 ,
1546 719 1692 759 quidquid
1704 721 1757 751 tibi
1770 723 1863 754 scribo
1875 744 1882 757 ,
1897 725 2034 755 dolenter
2045 726 2161 754 mehez-

1205 757 1274 804 cule
1284 759 1378 807 magis
1389 777 1397 791 ,
1408 768 1497 798 quarn
1510 761 1636 791 inimice
1646 761 1733 792 facio.
1757 763 1846 805 de
1856 768 1933 795 vivit
1944 768 2095 796 Antonius
2106 768 2162 796 iio-

1204 798 1251 828 die
1263 819 1271 832 ‚
1292 799 1375 840 quod
1395 800 1527 840 Lepidus
1551 801 1609 832 una
1632 802 1675 833 est
1687 824 1694 837 ,
1712 803 1794 844 quod
1817 809 1961 837 exercitus
1976 809 2085 838 habent
2095 818 2159 838 non

1206 841 1451 871 contemnendos
1461 861 1469 875 ,
1489 842 1571 883 quod
1583 845 1712 884 sperant,
1724 844 1806 886 quod
1816 848 1939 878 audent:
1953 858 2045 879 ouini·
2054 851 2158 880 Caesar:

1205 892 1357 923 acceptum
1376 882 1483 914 referre
1500 883 1631 924 poffunt.
1655 890 1764 928 Neque
1777 897 1833 929 ego
1853 889 2001 928 superiora
2020 900 2146 931 repetam

1206 924 1262 955 Sed
1273 935 1311 955 ex
1321 935 1358 955 eo
1369 933 1522 971 tempore,
1532 929 1664 968 quoipse
1676 931 1751 959 mihi
1762 929 1908 970 prosefi'us
1917 931 1958 961 est
1970 933 1996 962 se
2007 935 2109 963 venire
2121 953 2129 967 ‚
2142 933 2162 962 fi

1205 968 1308 997 venire
1317 966 1478 1001 voluisset,
1499 978 1549 999 aut
1565 969 1735 1010 oppressum
1745 972 1806 1011 jam
1824 972 1938 1002 bellum
1951 972 2039 1006 estet,
2064 984 2112 1004 aut
2131 977 2163 1005 iii

1205 1006 1413 1040 aversiffimam
1422 1009 1469 1039 illi
1481 1011 1656 1051 Hispaniam
1667 1023 1738 1043 cum
1749 1013 1932 1045 detrimento
1942 1024 2047 1045 eorum
2064 1020 2162 1046 maxi-

1207 1060 1259 1081 mo
1268 1051 1433 1081 detrusum.
1457 1054 1530 1093 Qae
1542 1063 1630 1083 mens
1641 1064 1710 1085 eum
1721 1075 1729 1088 ,
1741 1065 1930 1097 autquorum
1941 1056 2063 1086 consilia
2073 1058 2087 1087 a
2099 1066 2163 1088 tan-

1206 1102 1233 1123 ta
1241 1093 1336 1135 gloria
1346 1112 1355 1127 ,
1377 1089 1430 1123 sibi
1440 1093 1511 1124 vero
1521 1097 1611 1125 etiam
1622 1095 1779 1128 neceflaria
1789 1118 1797 1131 ‚
1819 1108 1852 1128 ac
1865 1098 1982 1128 salutari
1995 1118 2003 1131 ,
2023 1108 2161 1132 avocarit:

1206 1135 1238 1165 ὃς
1247 1135 1283 1166 ad
1293 1136 1508 1176 cogitationem
1519 1138 1688 1169 consulatus
1698 1138 1846 1170 bimestris
1857 1160 1865 1174 ‚
1885 1141 2006 1170 summo
2021 1150 2089 1170 cum
2107 1150 2160 1170 ter>

1204 1187 1270 1207 rore
1287 1178 1452 1207 hominum
1463 1197 1471 1212 ,
1494 1178 1527 1209 δε
1540 1180 1648 1210 insulsa
1664 1190 1733 1210 cum
1748 1181 1958 1222 efflagitatione
1973 1181 2161 1215 transtulerio

1205 1227 1346 1259 exputare
1359 1229 1424 1249 non
1437 1219 1567 1260 possum.
1591 1222 1726 1253 Multum
1746 1226 1779 1253 in
1798 1225 1850 1254 hac
1869 1233 1900 1253 re
1923 1224 2001 1254 mihi
2021 1223 2161 1254 videntur

1206 1259 1358 1308 necess'arii
1367 1262 1432 1302 ejus
1443 1282 1451 1295 ,
1467 1262 1500 1293 &
1510 1265 1582 1303 reip.
1595 1263 1726 1304 &ipsius
1737 1266 1819 1296 causa
1828 1264 1970 1305 proficere
1981 1264 2078 1305 posse:
2094 1267 2162 1305 plu<

1205 1313 1319 1333 timum
1329 1322 1338 1337 ,
1350 1312 1465 1344 utputo
1476 1324 1484 1338 ‚
1502 1312 1533 1335 tu
1545 1315 1664 1347 quoque
1678 1316 1684 1335 ε
1703 1307 1848 1346 cujusille
1859 1316 1937 1338 tanta
1948 1309 2052 1338 merita
2062 1308 2159 1339 habet:

1205 1354 1313 1386 quanta
1320 1349 1415 1376 'nemo
1424 1365 1433 1380 ‚
1443 1355 1548 1386 praeter
1555 1358 1615 1378 me.
1638 1358 1806 1390 numquam
1817 1351 1900 1379 enim
1911 1349 2069 1380 obliviscar
2078 1369 2085 1382 ς
2098 1360 2161 1379 ma1

1204 1389 1287 1417 xima
1297 1407 1306 1421 ,
1327 1397 1359 1417 ac
1368 1388 1498 1427 plurima
1508 1399 1558 1420 me
1570 1390 1624 1420 tibi
1634 1390 1750 1421 debere.
1774 1394 1822 1421 De
1832 1392 1878 1421 his
1889 1391 1975 1422 rebus
1987 1411 1995 1425 ,
2015 1400 2048 1421 ut
2061 1400 2164 1432 exige-

1202 1438 1246 1459 ret
1265 1439 1336 1459 cum
1358 1439 1413 1463 eo,
1436 1432 1548 1461 Furnio
1559 1432 1709 1463 mandavi.
1733 1432 1855 1472 Quodsi
1867 1453 1875 1467 ,
1895 1442 2041 1474 quantum
2054 1432 2162 1465 debeo„

1203 1471 1334 1501 habuero
1344 1471 1420 1511 apud
1431 1482 1501 1503 eum
1512 1473 1719 1505 auetoritatem
1729 1495 1737 1509 ,
1753 1476 1924 1515 plurimum
1936 1475 2033 1515 ipsum
2041 1475 2149 1514 juvero

1203 1515 1269 1543 Nos
1282 1513 1396 1544 interea
1410 1513 1530 1544 duriore
1540 1516 1718 1546 conditione
1728 1516 1843 1546 bellum
1856 1515 2039 1547 sustinemus
2048 1536 2056 1549 ,
2075 1513 2157 1556 quoti

1201 1564 1298 1596 neque
1317 1554 1567 1595 expeditiffimam
1586 1557 1816 1588 dimicationem
1831 1567 1990 1599 putamus:
2010 1565 2160 1598 nequeta-

1199 1606 1272 1627 men
1281 1596 1459 1637 refugiendo
1469 1598 1660 1630 commiss'uri
1673 1600 1820 1633 sumus,ut
1831 1601 1928 1639 majus
1938 1599 2156 1630 detrimentum

1198 1639 1414 1679 resp.accipere
1427 1638 1522 1679 poffit.
1545 1640 1637 1682 Qiod
1656 1640 1677 1671 fi
1695 1650 1746 1672 aut
1756 1642 1848 1672 Caesar
1862 1642 1892 1672 se
1911 1642 2090 1681 respexerit,
2109 1651 2157 1671 aut

1198 1680 1346 1712 Africanae
1361 1681 1496 1722 legiones
1513 1682 1647 1714 celeriter
1661 1685 1820 1718 venerint,
1842 1684 1960 1714 securos
1979 1692 2033 1714 vos
2050 1683 2086 1713 ab
2105 1684 2159 1713 hac

1197 1731 1277 1763 parte
1290 1723 1459 1754 reddemus.
1483 1726 1533 1754 Tu
1546 1745 1554 1758 ‚
1569 1724 1768 1756 utinstituisti
1780 1746 1788 1760 ‚
1805 1736 1855 1756 me
1865 1726 1971 1768 diligas
1980 1735 2054 1766 rogo
2064 1746 2072 1758 ‚
2088 1735 2161 1764 pro-

1196 1766 1319 1806 prieque
1330 1774 1416 1796 tuum
1428 1764 1486 1796 esse
1498 1787 1506 1801 ‚
1519 1767 1574 1797 tibi
1584 1767 1763 1807 persuadeas.
1781 1770 1818 1797 V.
1831 1768 1896 1798 Kal.
1909 1770 1989 1797 SeXt.
2000 1776 2039 1797 ex
2049 1766 2158 1797 castris.

1407 1810 1561 1840 CICER
1574 1812 1600 1839 o
1621 1812 1651 1840 s.
1666 1812 1704 1839 D.
1730 1812 1829 1839 FUR
1842 1804 1943 1839 Nm.

1256 1850 1271 1878 Ι
1285 1848 1406 1879 interest
1418 1870 1427 1883 ,
1449 1849 1479 1880 id
1491 1850 1571 1891 quod
1584 1851 1728 1880 homines
1740 1851 1919 1881 arbitrantur
1928 1871 1937 1885 ,
1957 1851 2030 1890 reip.
2040 1859 2071 1881 te
2082 1869 2090 1885 ,
2110 1858 2158 1884 ut,

1257 1889 1430 1924 instituisti,
1442 1900 1528 1931 atque
1538 1891 1633 1922 fecisti
1643 1912 1652 1925 ‚
1666 1902 1772 1922 navare
1784 1902 1903 1932 operam
1917 1911 1925 1926 ,
1937 1892 2082 1932 rebusque
2092 1902 2158 1922 rna-

1196 1933 1291 1960 ximis
1301 1951 1309 1964 ,
1324 1941 1390 1971 quae
1401 1932 1437 1962 ad
1449 1932 1681 1974 exstinguendas
1691 1934 1828 1974 reliquias
1841 1934 1913 1964 belli
1925 1936 2093 1973 pertinent,
2109 1935 2158 1964 iri-

1196 1971 1297 2002 terefl'e
1309 1983 1314 2001 t
1327 1973 1403 2002 nihil
1412 1974 1522 2003 videris
1532 1975 1644 2005 melius
1653 1995 1661 2008 ,
1673 1985 1772 2015 neque
1782 1975 1962 2006 laudabilius
1971 1995 1979 2009 ,
1993 1985 2090 2016 neque
2099 1976 2156 2005 ho—

2175 1822 2219 1855 25

1195 2013 1308 2044 nestius
1320 2013 1414 2044 facere
1428 2014 1520 2055 posse.
1543 2015 1694 2057 Istamque
1713 2026 1834 2056 operam
1854 2026 1935 2047 tuam
1948 2037 1956 2051 ‚
1977 2020 2155 2051 navitatem,
2189 2034 2194 2037 -

1195 2058 1276 2086 anim
1282 2066 1333 2086 um
1343 2057 1376 2085 in
1385 2066 1480 2096 remp.
1489 2057 1631 2088 celeritati
1641 2067 1774 2098 praeturae
1784 2058 2025 2099 anteponendam
2035 2059 2157 2089 censeo.

1195 2098 1280 2128 Nolo
1300 2099 1383 2128 enim
1403 2107 1429 2128 te
1446 2101 1581 2140 ignorare
1593 2119 1601 2134 ,
1620 2109 1761 2141 quantam
1778 2100 1897 2131 laudem
1911 2101 2087 2131 consecutus
2103 2098 2155 2130 sis:

1194 2141 1273 2169 mihi
1287 2140 1390 2174 crede,
1410 2142 1583 2180 proximam
1596 2143 1706 2172 Planco
1717 2162 1726 2176 ,
1745 2141 1837 2183 idque
1853 2140 1943 2182 ipsius
1953 2143 2054 2173 Planci
2070 2141 2156 2172 testi-

1194 2184 1315 2215 monio,
1326 2182 1465 2222 praeterea
1473 2181 1564 2216 fama,
1575 2183 1755 2224 scientiaque
1766 2186 1921 2214 omnium.
1944 2183 2153 2225 Qamobrem

1192 2222 1212 2253 fi
1223 2224 1296 2264 quid
1306 2226 1405 2264 operis
1415 2224 1469 2254 tibi
1481 2227 1572 2255 etiam
1582 2235 1663 2256 nunc
1673 2226 1759 2255 restat
1768 2246 1776 2259 ‚
1792 2226 1822 2255 id
1834 2228 1972 2256 maximo
1982 2236 2069 2266 opere
2078 2235 2151 2255 cene

1192 2265 1241 2295 seo
1254 2266 1504 2307 persequendum.
1530 2267 1610 2307 Qid
1622 2268 1706 2296 enim
1718 2267 1874 2298 honestius
1885 2288 1892 2301 ‚
1912 2276 1961 2298 aut
1971 2268 2043 2308 quid
2055 2267 2154 2297 bone-

1191 2308 1237 2338 sto
1246 2307 1516 2347 anteponendum?
1537 2310 1591 2339 Sin
1601 2318 1701 2339 autem
1716 2308 1898 2340 satisfa&um
1909 2312 1980 2350 reip.
1994 2318 2087 2349 putas,
2103 2319 2153 2338 ce-

1190 2350 1291 2380 leriter
1300 2349 1334 2380 ad
1346 2351 1469 2380 comitia
1480 2370 1488 2384 ‚
1510 2360 1606 2391 quum
1619 2351 1734 2381 mature
1746 2350 1845 2382 futura
1856 2352 1940 2386 sunt,
1963 2350 2150 2381 veniendum

1190 2392 1297 2422 censeo
1306 2402 1311 2421 :
1324 2391 1496 2422 dummodo
1509 2402 1545 2422 ne
1554 2392 1627 2433 quid
1638 2393 1700 2423 liaec
1709 2393 1865 2423 ambitiosa
1876 2392 2027 2423 festinatio
2035 2392 2150 2432 aliquid

1191 2435 1355 2464 imminuat
1363 2434 1427 2473 ejus
1437 2435 1641 2475 gloriae,quam
1652 2435 1806 2465 consecuti
1816 2435 1929 2465 sumus.
1949 2434 2042 2463 Multi
2052 2433 2152 2464 claris-

1191 2473 1344 2510 simiviri,
1365 2474 1436 2506 curn
1453 2476 1569 2516 reipub.
1583 2476 1686 2506 darent
1702 2486 1822 2516 operam
1834 2496 1842 2510 ,
1865 2485 1978 2506 annum
1992 2476 2151 2514 petitionis

1190 2517 1250 2548 suae
1262 2527 1327 2548 non
1338 2517 1489 2548 obierunt.
1513 2517 1603 2559 Qod
1621 2528 1657 2548 eo
1675 2517 1792 2548 facilius
1807 2517 1896 2547 nobis
1909 2516 1970 2551 est,
1991 2516 2073 2557 quod
2083 2526 2149 2547 non

1190 2558 1232 2589 est
1242 2569 1336 2589 annus
1347 2560 1396 2589 hic
1405 2560 1460 2590 tibi
1471 2559 1649 2590 destinatus:
1664 2568 1713 2592 ut,
1726 2557 1746 2588 fi
1758 2559 1851 2589 aedilis
1861 2557 1974 2592 fuisses,
1984 2557 2051 2598 post
2061 2558 2150 2589 bien-

1191 2603 1278 2631 nium
1296 2610 1364 2632 tuus
1373 2611 1468 2631 annus
1479 2599 1558 2631 esset.
1583 2603 1675 2631 Nunc
1690 2600 1767 2630 nihil
1778 2602 2000 2640 praetermittere
2010 2599 2151 2630 videbere

1191 2641 1286 2674 usitati
1298 2662 1306 2677 ,
1323 2643 1355 2672 &
1365 2641 1443 2683 quafi
1453 2643 1581 2684 legitimi
1590 2643 1734 2682 temporis
1744 2641 1778 2672 ad
1789 2642 1965 2681 petendum.
1989 2641 2087 2672 Video
2098 2651 2152 2672 au-
2184 2656 2187 2659 ·

1193 2693 1254 2714 tem
1267 2705 1275 2718 ‚
1298 2684 1407 2714 Planco
1416 2684 1539 2714 consule
1550 2704 1558 2717 ,
1579 2683 1628 2714 etfi
1640 2686 1729 2713 etiam
1742 2682 1802 2713 sine
1813 2693 1849 2714 eo
1859 2685 1987 2714 rationes
1997 2683 2150 2723 expeditas

1192 2726 1330 2757 haberes:
1350 2735 1450 2756 tamen
1462 2725 1696 2766 splendidiorem
1708 2726 1887 2766 petitionem
1898 2734 1979 2757 tuam
1992 2745 2000 2760 ‚
2019 2724 2040 2755 si
2051 2723 2148 2756 mode

2090 2766 2146 2798 ista

1363 2833 1444 2856 Nonne
1454 2840 1487 2863 ego
1497 2837 1517 2854 te
1526 2830 1580 2855 vidi
1589 2830 1698 2855 Damonis
1703 2831 1792 2863 pffmc
1801 2837 1899 2862 caprum

1363 2869 1477 2899 Excipere
1494 2866 1592 2899 insidiis.

1187 2903 1331 2938 Vulgatum
1344 2902 1378 2929 est
1391 2913 1396 2929 :
1420 2903 1509 2934 missino
1519 2903 1549 2926 ab
1557 2903 1658 2927 Antonio
1667 2902 1701 2927 ad
1708 2911 1758 2927 cum
1768 2901 1912 2928 cmnmteri's
1921 2903 2100 2935 interceperant.

1222 2948 1250 2965 2.
1270 2938 1413 2971 Clvarone]
1430 2937 1547 2972 Scaliger
1558 2938 1665 2971 conjicit
1674 2940 1790 2964 Cnralone
1799 2949 1808 2969 ‚-
1818 2937 1942 2973 idemque
1955 2938 2059 2963 monuit
2070 2938 2141 2963 Gru—

1185 2982 1271 3001 terum
1286 2983 1333 3010 pei·
1351 2973 1485 3010 epistolam
1498 2973 1693 3009 Lindebrogius
1705 2993 1714 3006 ,
1733 2973 1909 3010 alluduntque
1922 2973 1980 3000 mff.
2000 2973 2027 3000 iii
2047 2972 2143 3009 quibus

1185 3012 1310 3036 cisat-one.

1216 3021 1248 3081 J3.
1267 3046 1440 3079 Qibusfiabito
1449 3048 1534 3077 impetit
1545 3055 1572 3071 ac
1583 3047 1703 3072 latrocinia
1711 3047 1892 3079 parricidarum
1902 3044 2015 3078 resistat]
2038 3046 2079 3071 Iti
2088 3044 2143 3070 ele--

1184 3081 1332 3118 gaiitissimc
1343 3091 1372 3108 ac
1383 3081 1532 3118 probiffinie
1544 3082 1678 3108 Palatinus
1690 3081 1779 3109 sextus
1793 3102 1800 3114 ‚
1813 3082 2001 3117 Hittorpiauus
2014 3100 2022 3112 ,
2038 3082 2141 3106 Stewc·

1186 3119 1305 3150 cliiaiius,
1316 3125 1345 3145 ut
1356 3127 1388 3144 ex
1403 3116 1524 3144 Medicco
1535 3117 1644 3145 adnotat
1655 3128 1760 3155 quoque
1771 3119 1802 3145 P.
1813 3118 1886 3144 Vitst.
1910 3119 2031 3153 Propert.
2043 3116 2089 3142 lib.
2105 3125 2129 3141 ii

1182 3156 1297 3181 'I'amalea
1305 3157 1389 3187 poterit
1397 3154 1491 3181 tradere
1496 3162 1565 3188 poma
1576 3164 1651 3180 manu
1664 3156 1704 3181 :Sc
1715 3155 1758 3191 plu
1764 3164 1790 3181 ra
1800 3154 1868 3190 apud
1880 3154 1915 3180 Pa
1921 3153 2021 3179 fibram
2027 3161 2050 3177 iii
2065 3171 2072 3182 ,
2085 3152 2145 3176 Pie—

1188 3191 1257 3220 rium
1268 3209 1278 3226 ‚
1287 3190 1414 3228 aliosque.
1434 3190 1467 3219 fic
1476 3191 1606 3257 VirgQius
1618 3200 1691 3218 curru
1701 3201 1748 3228 pro
1759 3193 1853 3220 currui.
1874 3190 1967 3226 vulgo,
1978 3191 2103 3248 mpetujb
2143 3221 2149 3227 .

1574 3236 1590 3263 r
1602 3236 1618 3263 r
1629 3237 1646 3264 r
1666 3235 1682 3254 2
2040 3232 2063 3251 ¹2
2105 3229 2148 3249 ’πῖ
