2379 3400
252 116 373 164 1240
653 93 722 140 M.
803 89 1166 136 Tunnii

246 188 306 216 tius
316 182 431 214 Samnis
441 199 448 212 ‚
469 179 504 209 ad
516 178 564 207 illa
578 184 711 215 tempora
722 182 770 203 me
781 172 900 202 fortuna
911 168 1043 201 servasset
1054 189 1062 201 ‚
1085 170 1117 199 &
1128 178 1193 199 tum

249 224 338 256 esseni
363 231 466 252 uatus,
483 219 601 259 quando
623 216 756 247 Romani
778 214 857 243 dona
878 210 1191 251 acciperecoepiss'ent!

249 276 313 296 non
325 262 413 293 essem
426 260 518 300 pass‘us
528 261 639 289 diutius
648 267 699 288 eos
711 257 924 295 imperare.Nae
936 254 979 282 illi
991 253 1085 282 multa
1094 253 1196 282 saecula

247 304 444 345 exspechnda
467 302 596 331 fuerunt*
627 298 721 329 modo
749 307 832 327 enim
857 297 914 325 hoc
935 295 1048 324 malum
1071 297 1102 323 iri
1121 295 1196 323 hanc

249 346 387 384 rempub.
411 342 522 373 invasit.
545 345 644 383 itaque
662 339 748 370 facile
761 341 855 378 patior
869 347 930 367 tum
942 336 1042 376 potius
1055 338 1196 365 Pontium

246 387 346 418 faust,
360 386 502 426 siquidem
516 387 546 413 in
557 385 612 413 illo
622 391 738 412 tantum
750 381 809 410 fuit
819 380 945 409 roboris.
970 377 1118 407 Nondum
1130 387 1200 406 cen-

252 439 315 459 tum
331 448 338 459 ‚
359 428 391 457 &
413 427 515 456 decem
535 427 607 455 anni
628 425 714 456 sunt,
733 422 803 452 cum
824 421 859 450 de
881 421 1017 460 pecuniis
1029 418 1202 459 reparamina

251 473 287 500 L,
308 471 416 500 Pisone
435 468 490 497 lata
508 467 552 497 est
568 467 616 496 lex
633 486 641 498 ‚
663 465 746 494 nulla
765 472 848 493 antea
866 463 936 492 cum
950 459 1060 490 fuisset.
1083 464 1122 490 At
1133 459 1203 489 veto

251 511 353 552 postea
365 519 408 540 tot
418 510 495 550 leges
506 529 514 542 ,
539 509 571 538 &
581 510 727 547 proximat
736 514 858 545 quaeque
869 504 1020 533 duriores:
1035 511 1078 532 tot
1088 504 1129 531 rei
1141 522 1150 535 ,
1162 510 1205 531 tot

251 554 396 585 damnati,
407 561 521 581 tantum
534 552 671 580 Italicum
692 548 804 577 bellurn
816 545 1126 585 propterjudiciorum
1141 553 1205 572 me-

254 604 318 624 tum
333 597 494 624 excitatum
510 601 605 622 :tanta
616 611 623 624 ‚
635 590 754 620 sublatis
766 588 878 628 legibus
891 607 899 619 ‚
913 586 1083 625 &judiciis‚
1093 585 1206 624 expila-

255 639 318 669 tio,
333 637 520 674 direptioque
539 634 686 663 sociorum
699 651 707 664 ‚
731 639 762 660 ut
775 637 1052 659 lMssEClLLI‘rATE
1064 628 1204 658 aliorum,

189 687 210 711 2
220 687 238 711 2
256 688 320 708 non
333 677 430 708 nostra
439 679 548 706 virtute
556 674 716 704 valeamus.
738 671 850 701 Laudat
860 669 1036 699 Africanum
1049 671 1206 700 Panaetius,

253 719 337 760 quod
356 719 444 748 fuerit
460 716 623 747 abstinens.
655 714 736 752 Quid
756 715 788 742 ni
807 712 904 742 laudet
927 714 938 739 ?
962 711 1010 740 sed
1031 713 1060 739 in
1082 711 1135 739 illo
1154 710 1208 739 alia

254 771 377 799 majoia.
394 761 456 789 laus
466 758 664 790 abstinemm
677 765 737 785 non
748 756 882 784 hominis
893 752 935 782 est
945 751 1107 785 solum,sed
1116 753 1206 780 etiam

254 811 408 843 temporum
427 802 562 830 illorum.
602 800 695 828 Omni
719 796 922 827 Macedonum
940 804 1010 834 gaza
1030 814 1039 827 ,
1066 803 1131 833 quoe
1151 792 1209 822 fuit

257 847 410 876 maxima,
431 845 543 882 potitus
562 840 604 871 est
624 840 759 871 Paullus:
784 841 793 857 ¹
808 846 923 867 tantum
935 838 964 865 iii
977 837 1110 865 aerarium
1121 843 1208 874 pecu-

258 888 317 916 niae
340 887 475 917 invexit,
496 893 528 913 ut
549 884 639 912 unius
662 882 848 920 imperatoris
871 878 966 918 praeda
979 876 1069 906 finem
1081 876 1212 905 attulerit

258 926 440 956 tributorum.
465 934 492 956 at
508 927 557 954 hic
568 928 582 943 ²
593 923 671 954 nihil
683 922 810 952 domum
824 921 903 950 suam
916 919 1210 957 intulit‚pi·aeterme—

257 969 543 999 moriamrnomin‘is
562 966 783 1005 sempiternam.
808 963 947 991 Imitatus
966 969 1079 999 patrem
1101 958 1212 989 Africa-

256 1021 325 1044 nuS‚
337 1010 435 1040 nihilo
446 1008 636 1048 locupletior,
647 1006 826 1045 Karthagine
839 1003 948 1032 eversa.
959 1002 1041 1041 Qid
1056 1003 1066 1028 ?
1086 1003 1137 1041 qui
1149 1002 1212 1040 ejus

252 1053 369 1093 collega
388 1053 418 1080 in
430 1050 549 1080 censura
562 1048 617 1078 fuit
628 1050 664 1078 L.
681 1047 852 1077 Mummius
863 1065 871 1078 ,
893 1043 1043 1083 numquid
1054 1040 1212 1082 copiosior,

257 1093 331 1124 cum
352 1090 582 1133 copiosiffimam
608 1090 715 1119 urbem
734 1087 870 1117 funditus
891 1084 1073 1115 sustulisset?
1096 1085 1209 1113 Italiam

256 1145 381 1168 ornare,
405 1144 495 1175 quam
518 1132 646 1162 domum
670 1131 750 1160 suam
763 1149 771 1163 ,
791 1129 909 1158 maluit.
929 1136 1110 1168 quamquam
1130 1126 1212 1155 Italia

256 1186 372 1209 ornata,
383 1177 493 1206 domus
504 1175 564 1214 ipsa
574 1174 650 1204 milii
663 1171 780 1202 videtur
791 1171 935 1200 ornatior.
956 1171 1111 1198 NuLmJM
1123 1169 1212 1208 igitur

254 1220 365 1248 vitium
389 1220 516 1250 taetrius,
537 1217 546 1254 (
562 1225 594 1245 ut
604 1214 641 1245 eb
654 1235 662 1247 ‚
683 1213 764 1243 unde
777 1210 885 1253 egressa
898 1210 940 1240 est
952 1230 960 1243 ‚
982 1209 1054 1239 ferat
1064 1210 1092 1238 se
1103 1210 1210 1248 oratio)

255 1262 348 1300 quam
361 1261 481 1290 avaritia
492 1278 500 1292 ‚
514 1258 674 1298 praesertim
690 1256 747 1284 3in
758 1253 955 1294 principibus,
967 1252 1000 1281 δε
1011 1250 1137 1290 rempub
1157 1260 1211 1289 gu-

256 1302 462 1332 bernantibus.
490 1300 595 1330 habere
621 1300 704 1328 enim
724 1295 857 1337 ‘qu-aestui
874 1294 1009 1333 rempub.
1031 1302 1095 1322 non
1115 1291 1211 1321 modo

256 1353 342 1382 turpe
351 1343 392 1373 est
404 1363 412 1376 ,
425 1342 472 1372 sed
484 1342 656 1372 sceleratum
667 1341 756 1369 etiam
772 1358 780 1371 ,
794 1337 826 1367 ὃς
837 1335 995 1366 nefarium.
1019 1337 1121 1374 Itaque
1130 1333 1211 1374 quod

256 1386 370 1424 Apollo
388 1385 511 1424 Pythius
521 1382 642 1412 oraculo
650 1381 746 1411 edidit
757 1400 765 1412 ‚
787 1379 921 1420 Spartam
930 1378 1006 1406 nulla
1017 1387 1043 1405 re
1053 1377 1115 1404 alia
1127 1395 1134 1408 ‚
1161 1374 1214 1415 nist

254 1427 387 1461 auaritia
404 1426 560 1466 perituram
576 1444 585 1457 ,
605 1423 635 1453 id
648 1422 765 1452 videtur
776 1431 838 1451 non
851 1421 949 1450 solum
962 1419 1211 1449 Lacedaemoniis,

257 1469 307 1499 sed
319 1469 352 1498 &
361 1467 506 1497 omnibus
516 1466 667 1506 opulentis
676 1464 796 1504 populis
809 1459 985 1502 praedixiss'e.
1010 1460 1102 1489 Nulla
1111 1468 1210 1488 autem

258 1521 290 1541 xe
309 1511 468 1541 conciliare
490 1507 608 1538 facilius
628 1506 865 1536 benivolentiam
881 1498 1213 1540 multitudinispossunt

257 1553 301 1584 ii,
323 1553 374 1592 qui
385 1549 499 1589 reipub.
512 1549 641 1589 praesunt
653 1567 660 1580 ,
678 1547 768 1586 quam
782 1545 960 1575 abstinentia
973 1544 1005 1572 &
1015 1543 1212 1572 continentia.

251 1594 321 1634 (ξιξ
331 1590 431 1621 vero4
444 1591 470 1621 se
479 1589 621 1631 populares
631 1589 739 1618 volunt
749 1607 757 1620 ‚
766 1587 807 1616 ob
817 1595 941 1625 eamque
951 1585 1067 1614 causam
1077 1593 1126 1613 aur
1135 1592 1212 1622 agra—

252 1637 334 1664 -iriam
353 1643 416 1663 rem
436 1640 570 1665 tentant,
597 1639 629 1660 ut
647 1626 820 1669 poffeffores
838 1627 897 1657 suis
918 1626 1036 1656 sedibus
1046 1625 1212 1665 pellantur:

248 1685 308 1706 aut
322 1677 462 1715 pecunias
481 1673 605 1703 creditas
616 1669 804 1707 debitoribus
815 1668 1029 1699 condonandas
1039 1676 1142 1706 putant
1155 1686 1163 1698 ,
1190 1666 1211 1694 ii

257 1716 435 1747 labefaistant
445 1714 640 1744 fundamenta
648 1712 839 1752 reipublicae3
856 1709 1049 1739 concordiam
1062 1707 1210 1748 primum,

256 1768 323 1799 quae
334 1757 391 1787 ess'e
402 1767 465 1786 non
477 1754 574 1796 potest
585 1775 593 1788 ‚
606 1753 676 1784 cum
687 1755 754 1784 aliis
762 1753 948 1783 adimuntur,
960 1752 1027 1780 aliis
1036 1749 1211 1779 condonari—

246 1810 306 1830 -tur
329 1800 483 1839 pecunias:
502 1798 613 1828 deinde
631 1798 800 1835 aequitatem
811 1813 819 1826 ,
841 1803 906 1833 quae
919 1793 1036 1821 tollitur
1045 1792 1148 1820 omnis
1159 1809 1168 1823 ‚
1191 1788 1212 1818 si

256 1841 363 1871 habere
382 1841 470 1870 stium
489 1842 598 1879 cuique
616 1837 770 1866 nonlicet.
797 1835 826 1864 id
837 1844 919 1864 enim
932 1833 974 1863 est
984 1834 1139 1872 proprium
1160 1830 1212 1870 (ut

258 1882 342 1922 supra
359 1882 445 1920 dixi)
463 1882 614 1912 civitatis,
638 1887 724 1919 atque
743 1877 843 1910 urbis,
863 1885 896 1905 ut
913 1874 946 1904 sit
964 1876 1055 1904 libera
1067 1893 1074 1907 ,
1094 1873 1126 1903 ὃ(
1147 1882 1210 1902 non

250 1925 383 1955 sollicita
402 1924 457 1953 suae
474 1924 514 1952 rei
534 1921 675 1961 cujusque
692 1919 838 1949 custodia.
861 1921 957 1957 Atque
976 1918 1008 1946 in
1020 1918 1071 1946 hac
1081 1917 1212 1954 pernicie

254 1969 326 2006 reip.
340 1975 377 1996 ne
387 1967 469 1995 illam
480 1964 604 2005 quidem
615 1963 852 2001 consequuntur,
862 1969 951 1999 quam
961 1959 1211 1998 putant,gratiam.

255 2017 325 2038 nam
334 2017 398 2037 cni
411 2017 469 2036 nes
481 2014 576 2046 erepta
585 2004 638 2037 est,
650 2003 692 2033 est
702 2005 845 2032 inimicus
857 2012 863 2030 :
875 2011 922 2031 cui
934 2000 997 2030 data
1009 2019 1017 2033 ‚
1030 2001 1118 2029 etiam
1131 1997 1211 2027 diffi-

260 2050 357 2079 mulat
377 2049 405 2078 se
415 2050 546 2087 accipere
555 2044 683 2076 voluiffe
696 2056 701 2074 ;
714 2045 745 2074 &
759 2044 896 2073 maxime
907 2045 939 2071 in
950 2043 1085 2082 pecuniis
1093 2040 1213 2070 creditis

261 2091 391 2121 occultat
401 2091 485 2120 suum
496 2089 639 2130 gaudium
653 2107 661 2121 ,
687 2097 725 2116 ne
736 2086 868 2115 videatur
880 2094 944 2114 non
953 2081 1042 2112 fuiss'e
1056 2081 1210 2112 solvendo.

260 2137 300 2163 At
311 2135 384 2161 vero
395 2132 445 2161 ille
457 2151 464 2164 ‚
484 2133 536 2171 qui
547 2133 653 2169 accipit
663 2129 805 2165 injuriam
818 2147 826 2159 ,
847 2127 880 2156 &
895 2127 1038 2155 meminit
1048 2144 1056 2157 ‚
1075 2124 1107 2153 &
1117 2133 1174 2163 prae
1185 2123 1212 2153 se

257 2174 314 2205 fert
324 2173 461 2203 dolorem
473 2173 559 2202 suum
575 2181 646 2201 :nec
656 2190 664 2204 ‚
677 2169 696 2199 fi
709 2172 809 2209 plures
821 2169 939 2200 suarii,
952 2167 1062 2207 quibus
1073 2165 1210 2204 improbe

255 2216 358 2246 datum
370 2214 411 2245 est
423 2235 431 2248 ‚
443 2214 544 2254 quam,
556 2213 614 2246 illi,
624 2212 735 2253 quibus
746 2209 856 2249 injuste
867 2210 1021 2239 ademtum
1033 2206 1085 2240 est,
1097 2207 1209 2237 idcirco

253 2260 322 2297 plus
333 2259 420 2286 etiam
432 2256 539 2286 valent.
564 2257 637 2284 Non
647 2255 732 2283 enim
743 2262 870 2282 numero
881 2250 1120 2289 haecjudicantur
1131 2269 1139 2281 ,
1160 2248 1209 2278 sed

253 2298 397 2338 pondere.
421 2300 524 2339 QAM
537 2305 657 2326 Ani-EM
669 2296 754 2325 habet
764 2296 932 2334 aequitatem
945 2312 953 2325 ,
973 2300 1006 2321 ut
1016 2300 1120 2331 agrum
1134 2290 1212 2319 mul-

257 2342 294 2370 iis
313 2342 400 2370 annis
412 2359 419 2373 ‚
440 2348 491 2369 aut
509 2340 598 2368 etiam
619 2338 730 2368 saeculis
747 2339 816 2365 ante
825 2332 986 2375 poffess'um
999 2352 1007 2366 ,
1027 2332 1212 2373 quinullum

195 2398 236 2431 23
257 2382 379 2414 habuit,
401 2381 522 2410 habeat:
541 2381 593 2420 qui
611 2388 711 2408 autem
734 2377 856 2410 habuit,
877 2379 1000 2406 amittat.
1034 2378 1076 2403 Ac
1095 2382 1214 2412 propter

256 2425 315 2454 hoc
342 2424 459 2460 injuriae
486 2431 581 2462 genus
599 2420 824 2451 Lacedaemonii
847 2417 1032 2457 Lysandrum
1058 2416 1212 2454 Ephorum

255 2465 453 2505 expulerunt:
478 2465 555 2503 Agin
574 2472 672 2502 regem
695 2465 728 2499 (ς
744 2460 825 2501 quod
846 2467 1012 2498 numquam
1033 2466 1117 2487 antea
1136 2455 1212 2494 apud

256 2516 310 2536 eos
320 2505 482 2545 acciderat)
502 2514 566 2533 neca
573 2511 689 2533 uerunt:
702 2512 739 2533 ex
749 2511 846 2543 eoque
855 2510 992 2540 tempore
1003 2508 1091 2529 tanta:
1101 2497 1211 2528 discor-

300 2644 324 2661 i.
343 2636 443 2660 Tantum
452 2639 478 2660 in
488 2645 517 2660 ,εν
523 2638 602 2660 arium
609 2637 712 2668 pecum'ae
720 2635 841 2669 invexit]
857 2633 984 2659 Palatina:
995 2631 1155 2659 membranae
1165 2639 1222 2658 tan-

265 2677 315 2696 um
323 2673 457 2703 pecuniam.
476 2671 565 2697 malim
573 2691 579 2696 .

299 2715 327 2731 2.
347 2708 513 2732 Ndilldomum
526 2708 597 2739 suam
615 2707 726 2740 intulit]
748 2707 790 2732 Sic
810 2705 929 2742 plerique
941 2703 1034 2730 Aldini
1054 2706 1081 2730 8<
1097 2704 1153 2730 Pal.
1173 2703 1224 2731 sec.

272 2741 307 2766 D.
318 2749 396 2776 :itque
408 2743 438 2768 F.
449 2744 528 2769 etiam
541 2743 598 2768 Pal.
611 2752 651 2777 pr.
662 2743 750 2778 quint.
762 2749 848 2768 tannen
862 2741 938 2767 habet
950 2760 958 2772 ,
976 2741 1041 2766 nihil
1054 2741 1142 2766 domum
1153 2741 1225 2774 sicam

261 2784 347 2809 preter
354 2781 484 2803 memoriam
493 2781 590 2803 nominis
593 2780 762 2811 sempiternam
771 2779 863 2803 detulit.

266 2847 273 2851 -
304 2819 330 2845 3.
349 2815 377 2836 In
387 2815 653 2846 prmsipthuss&remp.
668 2812 882 2847 gubernantibus]
904 2811 1008 2848 Copula
1027 2821 1076 2837 non
1090 2818 1224 2847 comparet
1248 2820 1249 2830 ¹

266 2856 293 2873 m
307 2846 412 2885 Pal4pr3
424 2850 449 2873 S<
463 2851 525 2874 vero
539 2857 641 2876 tantum
653 2850 721 2876 abest
741 2859 795 2876 eam
807 2848 950 2874 deriderem
964 2867 971 2880 ‚
992 2855 1021 2874 ut
1032 2847 1111 2874 facil-2:
1121 2855 1225 2883 paterer
1247 2840 1250 2884 i

264 2881 352 2909 adhuc
361 2884 459 2909 aui'erri
470 2884 604 2919 sequentia
615 2887 892 2918 remp.gubernanribm.

304 2925 332 2949 4.
346 2921 501 2949 Sesopularcs
512 2921 621 2954 volum]
638 2921 681 2947 Sic
693 2921 757 2947 Pali.
772 2922 801 2948 F.
817 2922 851 2947 D.
862 2918 1043 2955 editionesque
1055 2917 1224 2955 priniae,imt*>

268 2953 297 2978 &
309 2952 456 2979 Victorius.
476 2955 532 2980 aliae
540 2958 662 2988 populares
672 2957 713 2989 effe
724 2959 819 2982 volunt.

309 2997 332 3020 5.
353 2989 420 3021 §god
428 2999 547 3028 moi-aquam
560 2998 631 3019 antea
650 2994 714 3023 apud
723 3003 757 3018 cos
776 2992 923 3025 acciderat]
946 2992 1074 3017 Poterant
1083 2989 1167 3016 abesse
1180 2998 1229 3016 vo-

268 3033 309 3051 ces
321 3031 376 3051 tres
388 3025 554 3059 posteriores.
575 3027 652 3051 Sic&
676 3036 737 3054 mox
752 3027 833 3053 rideri
854 3035 953 3063 queant
972 3026 1126 3062 interpretis
1138 3026 1226 3062 potius

268 3062 349 3096 quam
362 3059 434 3085 Tulli
447 3059 504 3089 illa,
515 3070 564 3091 qux
574 3060 588 3085 ti
600 3063 776 3088 Lanrdaemmiis
788 3064 901 3093 moset‘h,
912 3069 1044 3088 manarunt
1052 3065 1138 3088 latim.

306 3097 335 3121 6.
353 3097 421 3136 Qud
428 3099 493 3121 tanti
512 3097 588 3136 effers]
613 3097 696 3136 l’alat.
706 3101 792 3130 quami
801 3100 879 3129 effint.
899 3099 969 3132 quod
991 3097 1055 3124 milii
1068 3103 1126 3123 'non
1139 3097 1176 3123 ita
1189 3096 1229 3122 vi-
1250 3087 1252 3128 l
1276 3098 1325 3122 hoc.
1341 3095 1394 3121 Pal.
1406 3092 1539 3130 pi·.'qu1bm
1550 3092 1624 3125 restiti·
1637 3109 1645 3122 ,
1665 3097 1693 3116 ut
1701 3086 1750 3115 ium
1759 3091 1799 3116 hoc
1808 3091 1905 3115 malum.
1925 3087 1975 3115 sec.
1989 3089 2121 3124 qulbmjta
2129 3087 2192 3120 resti.
2204 3091 2233 3111 ut

270 3131 351 3161 detur
361 3140 491 3168 ineptum.
513 3140 577 3167 quui
590 3131 667 3159 facile
679 3141 856 3168 praeponercm
868 3134 977 3169 vulgato
989 3153 997 3166 ‚
1015 3133 1034 3161 fi
1050 3132 1171 3161 haberem
1182 3132 1230 3160 acl-
1250 3135 1254 3170 !
1278 3134 1316 3158 hoc
1330 3138 1418 3163 totum,
1430 3129 1481 3160 (3⁹⁶-
1537 3130 1542 3134 ’
2194 3122 2199 3126 ⁶

1247 86 1786 133 Cicnnont‘s

1236 169 1292 201 diae
1304 169 1408 199 secutae
1418 168 1486 198 sunt
1495 187 1504 201 ‚
1514 176 1547 197 ut
1558 167 1590 197 Sc
1600 167 1907 207 tyranniexfisterent‚
1919 169 1952 201 ὃς
1964 170 2122 210 optimates
2132 177 2188 199 ex·-

1236 213 1481 241 terminatentur:
1503 210 1535 239 δε
1552 208 1766 248 praeclariffime
1786 210 2026 252 constitutaresp.
2039 211 2184 242 dilabere-

1236 262 1293 283 tur.
1312 262 1367 281 nec
1376 260 1448 280 vero
1461 250 1557 280 solum
1570 250 1629 289 ipsa
1639 250 1747 280 cecidit
1758 270 1766 283 ,
1787 251 1834 280 sed
1844 254 1932 282 etiam
1944 254 2087 294 reliquam
2101 254 2188 282 Grae·

1237 297 1312 324 ciam
1331 295 1438 323 evertit
1460 292 1691 331 contagionibus
1704 292 1853 321 malorum
1867 313 1876 326 ‚
1896 303 1961 333 quae
1971 294 1985 323 a
1995 295 2189 324 Laccdaemo-

1242 337 1299 365 niis
1311 333 1454 374 profc&ae
1470 342 1645 367 ,manarunt
1656 332 1754 362 latius.
1777 333 1878 373 Qiid?
1900 333 2015 364 nostros
2026 336 2188 367 Gracchos.

1241 379 1291 408 Ti.
1306 377 1451 408 Gracchi,
1465 375 1577 404 summi
1588 376 1644 403 viri
1658 395 1665 407 ,
1677 373 1775 407 filios,
1789 374 1920 404 Africani
1933 385 2056 414 nepotes
2066 396 2074 410 ,
2087 385 2192 406 nonne

1241 420 1357 460 agrariae
1376 418 1587 447 contentiones
1602 415 1816 455 perdiderunt?
1839 419 1879 445 At
1896 415 1967 446 vero
1979 420 2080 447 Aratus
2089 420 2192 458 Sicyo-

1246 462 1315 489 nius
1335 461 1395 496 jure
1418 457 1567 491 laudatur,
1588 457 1719 497 quicum
1732 458 1795 496 ejus
1804 459 1907 486 civitas
1918 459 2130 498 quinquaginta
2139 469 2192 490 an-

1244 512 1300 531 nos
1310 502 1325 530 a
1335 502 1468 541 tyrannis
1480 508 1626 528 teneretur
1637 519 1646 531 ‚
1664 497 1815 538 profeEms
1826 502 1911 538 Argis
1920 501 2080 538 Sicyonem
2094 519 2102 532 ,
2111 500 2194 530 clan-

1245 542 1363 573 destino
1384 543 1507 570 introitu
1531 541 1602 570 urbe
1621 540 1663 570 est
1674 542 1796 579 potitus.
1820 541 1958 580 cumque
1968 550 2125 579 tyrannum
2135 543 2194 572 Ni-

1245 585 1359 615 coclem
1374 581 1541 622 improviso
1551 580 1747 622 oppressisset,
1762 582 1916 611 sexcentos
1926 583 2042 612 exsules
2051 602 2059 615 ,
2070 584 2121 623 qui
2131 583 2196 612 fue-

1249 635 1312 655 rant
1322 627 1386 664 ejus
1400 625 1530 654 civitatis
1540 622 1921 662 locupleuirium-restituit,
1932 633 2055 664 remque
2064 624 2135 663 pub.
2145 624 2196 653 ad-

1249 676 1340 697 ventu
1360 667 1413 696 suo
1434 666 1580 695 liberavit.
1603 665 1658 695 Sed
1675 664 1746 694 cum
1761 675 1897 705 magnam
1909 665 2198 696 animadverteretin

1250 710 1338 739 bonis
1349 729 1357 741 ,
1377 708 1409 737 &
1419 705 1649 747 poffeffionibus
1659 705 1863 736 difficultatem
1878 726 1885 739 ,
1895 706 1978 746 quod
1989 707 2020 737 &
2031 717 2083 736 eos
2094 726 2102 740 ‚
2120 717 2198 748 quos

1251 751 1311 790 ipse
1330 748 1492 780 restituerat
1503 768 1510 781 ‚
1531 758 1661 788 quorum
1673 749 1752 777 bona
1760 749 1810 777 alii
1821 746 2006 787 poffederant
2017 768 2025 780 ,
2046 759 2128 790 egere
2139 749 2201 778 ini-

1250 790 1426 834 quiffimum
1446 790 1640 820 arbitrabatur
1659 810 1667 823 ,
1699 790 1732 819 &
1753 798 2027 829 QHNQAGINTA
2048 799 2199 820 annorum

1251 832 1441 874 poffeffiones
1450 842 1572 862 movere
1595 842 1656 862 non
1667 833 1762 861 nimis
1772 841 1892 871 aequum
1903 831 2022 871 putabat
2031 851 2038 864 ,
2047 841 2200 872 propterea

1249 874 1332 918 quod
1342 884 1402 904 tam
1415 874 1506 915 longo
1517 874 1608 914 spatio
1621 874 1714 903 multa
1723 873 2045 906 hereditatibus‚multa
2053 875 2198 904 emtioni-

1253 918 1308 947 bus
1324 937 1332 949 ‚
1347 917 1440 946 multa
1450 915 1573 946 dotibus
1584 913 1829 945 tenebantursirie
1839 915 2116 954 injuriazjudicavit
2126 935 2134 948 ‚
2146 925 2201 945 ne-

1252 968 1310 1000 que
1320 959 1381 987 illis
1391 958 1485 987 adimi
1501 977 1509 991 ,
1530 967 1626 997 neque
1637 958 1682 986 his
1695 966 1756 985 non
1769 955 1900 986 satisfieri
1914 976 1921 990 ,
1934 966 2063 997 quorum
2075 957 2125 986 illa
2134 956 2201 986 fue-

1252 1009 1326 1033 rant,
1338 1009 1485 1039 oportere.
1510 998 1588 1028 Gum
1600 1001 1688 1038 igitur
1699 997 1851 1031 statuiffet,
1863 1008 1938 1038 opus
1949 996 2006 1028 effe
2015 999 2049 1028 ad
2061 1008 2125 1028 eam
2136 1007 2200 1028 rem

1251 1040 1492 1072 constituendam
1512 1041 1636 1079 pecunia
1653 1059 1662 1072 ‚
1684 1039 1896 1069 Alexandriam
1914 1040 1942 1069 se
1960 1038 2106 1078 proficisci
2125 1040 2203 1069 velle

1253 1084 1332 1113 dixit
1342 1103 1349 1116 ‚
1370 1092 1493 1123 remque
1507 1084 1650 1123 integram
1661 1081 1696 1111 ad
1710 1081 1838 1110 reditum
1851 1081 1936 1110 suum
1946 1079 2089 1120 Juffiteffe
2102 1092 2107 1110 z
2120 1082 2203 1121 isque

1251 1125 1385 1155 celeriter
1394 1124 1429 1153 ad
1443 1123 1640 1154 Ptolemaeum
1651 1142 1660 1156 ‚
1686 1123 1772 1152 suum
1787 1123 1934 1162 hospitem
1946 1124 2030 1152 venit
2041 1143 2049 1156 ,
2073 1125 2201 1164 quitum

1254 1166 1390 1207 regnabat
1404 1166 1475 1195 alter
1490 1164 1556 1205 post
1566 1164 1779 1195 Alexandriam
1791 1165 1944 1194 conditam
1955 1166 2097 1194 :cuicum
2107 1173 2204 1203 expo-

1253 1207 1353 1238 suiffet
1365 1228 1373 1241 ,
1394 1209 1517 1246 patriam
1539 1207 1568 1236 se
1580 1206 1700 1236 liberare
1711 1206 1789 1235 velle
1800 1226 1809 1239 ,
1827 1206 2000 1246 causamque
2014 1203 2158 1236 docuiffet
2171 1206 2203 1235 πὶ

1254 1261 1319 1291 rege
1342 1250 1489 1289 opulento
1511 1250 1556 1279 vir
1574 1248 1711 1278 summus
1730 1247 1816 1277 facile
1834 1249 2004 1287 impetravit
2021 1267 2029 1281 ‚
2051 1256 2084 1277 ut
2100 1246 2204 1288 grandi

1252 1294 1377 1331 pecunia
1387 1291 1580 1330 adjuvaretur.
1605 1292 1704 1331 Qam
1714 1289 1784 1320 cum
1796 1291 1956 1329 Sicyonem
1971 1287 2111 1319 attuliffet
2121 1308 2130 1322 ‚
2153 1288 2206 1319 ad-

1254 1334 1350 1363 hibuit
1364 1331 1416 1362 fibi
1429 1336 1461 1362 iri
1472 1332 1630 1362 confilium
1645 1331 1818 1372 quindecim
1830 1333 1975 1371 principes
1987 1351 1995 1364 ‚
2015 1339 2084 1361 curn
2096 1330 2206 1371 quibus

1252 1376 1347 1405 causas
1357 1376 1499 1416 cognovit
1509 1375 1541 1404 &
1551 1383 1655 1403 eorum
1670 1393 1678 1406 ,
1698 1375 1749 1413 qui
1760 1373 1855 1403 aliena
1864 1373 2002 1402 tenebant
2013 1393 2021 1405 ‚
2042 1372 2075 1402 δε
2084 1381 2201 1405 eorum,

1253 1419 1304 1458 qui
1323 1418 1371 1447 sua
1381 1417 1557 1446 amiserant:
1576 1414 1759 1455 perfecitque
1770 1413 1953 1444 aestimandis
1961 1412 2203 1455 pofl'effionibus‚

1256 1468 1288 1488 ut
1297 1458 1481 1498 persuaderet
1492 1458 1557 1487 aliis
1570 1477 1578 1489 ‚
1592 1458 1789 1496 utpecuni'am
1800 1457 1929 1494 accipere
1940 1456 2081 1489 mallent,
2093 1452 2205 1495 posses-

1255 1500 1386 1530 sionibus
1396 1499 1552 1529 cederent:
1575 1499 1641 1528 aliis
1654 1517 1662 1530 ‚
1673 1507 1704 1527 ut
1713 1497 1906 1527 commodius
1917 1506 2055 1537 putarent
2065 1517 2073 1530 ‚
2095 1505 2205 1526 nume-

1255 1544 1308 1571 rari
1320 1540 1372 1570 sibi
1382 1539 1398 1559 ⁶
1408 1540 1489 1580 quod
1504 1542 1577 1570 tanti
1586 1537 1668 1572 esset,
1679 1540 1771 1578 quam
1783 1539 1868 1568 suum
1883 1548 2059 1578 recuperare.
2084 1541 2126 1568 Ita
2136 1545 2204 1576 per-

1253 1582 1367 1612 fefi‘mm
1380 1581 1422 1612 est
1436 1601 1443 1615 ‚
1463 1591 1495 1611 ut
1508 1590 1614 1611 omnes
1625 1580 1783 1610 concordia
1794 1579 2013 1621 constitutafine
2022 1585 2132 1620 querela
2141 1578 2204 1608 dis-

1254 1625 1401 1655 cederent.
1426 1627 1452 1653 O
1472 1626 1571 1652 virum
1591 1630 1733 1662 magnum
1746 1641 1754 1655 ‚
1779 1621 1965 1661 dignumque
1981 1631 2034 1661 qui
2052 1622 2085 1650 in
2106 1619 2204 1650 nostra

1257 1666 1359 1705 repub.
1375 1674 1457 1694 natus
1467 1663 1556 1694 effer!
1578 1666 1625 1694 Sic
1639 1673 1687 1702 par
1696 1661 1738 1692 est
1748 1672 1829 1703 agere
1838 1672 1906 1692 cum
1919 1663 2036 1692 civibus
2046 1681 2055 1695 ‚
2074 1671 2136 1692 non
2149 1661 2159 1699 (
2170 1669 2207 1691 ut

1255 1707 1299 1736 bis
1319 1709 1377 1745 jam
1391 1706 1545 1745 vidimus)
1565 1703 1676 1734 hastam
1688 1706 1719 1732 in
1730 1703 1796 1733 foro
1807 1713 1918 1742 ponere
1931 1723 1940 1737 ‚
1960 1704 1992 1733 &
2003 1703 2204 1733 bonacivium

1255 1750 1322 1777 voci
1348 1747 1492 1786 subjicere
1505 1748 1663 1786 praeconis-
1688 1749 1727 1774 At
1738 1745 1790 1774 ille
1801 1747 1922 1774 Graecus
1940 1745 1993 1783 (id
2004 1745 2083 1784 quod
2094 1743 2207 1774 fuitsa—
2251 1762 2254 1765 ·

1255 1791 1364 1830 pientis
1375 1808 1382 1821 ‚
1408 1789 1441 1818 &
1461 1787 1623 1828 praestantis
1634 1788 1712 1827 viri)
1733 1796 1884 1816 orminos
1897 1795 2137 1816 corisuLiinnuM
2149 1795 2205 1825 pu-

1256 1833 1329 1861 tavi-t
1343 1842 1348 1859 :
1370 1840 1461 1870 eaque
1483 1829 1526 1859 est
1549 1834 1563 1857 7
1588 1829 1705 1859 summa
1721 1830 1795 1858 ratio
1808 1848 1816 1861 ,
1838 1828 1870 1858 δε
1881 1828 2021 1867 sapientia
2033 1828 2107 1857 boni
2117 1829 2206 1861 civis,

1255 1872 1417 1903 commoda
1436 1868 1575 1902 8civium
1587 1881 1650 1900 non
1661 1870 1803 1900 divellere
1813 1890 1822 1903 ‚
1845 1879 1933 1910 atque
1944 1871 2064 1899 omneis
2074 1871 2208 1910 aequitatc

1255 1915 1359 1944 eadem
1368 1915 1531 1944 continere.
1544 1917 1559 1939 9
1571 1913 1713 1942 Habitant
1721 1913 1808 1952 gratis
1819 1913 1851 1940 in
1860 1912 1970 1942 alieno.
1993 1911 2073 1952 Qid
2083 1914 2121 1941 ita
2133 1912 2143 1939 ?
2153 1912 2206 1943 Ut,

1254 1955 1325 1986 curn
1340 1966 1396 1998 ego
1408 1957 1535 1984 emerim
1551 1974 1558 1988 ‚
1571 1952 1744 1984 aedificarim
1755 1973 1763 1987 ‚
1776 1963 1854 1983 tuear
1865 1973 1873 1985 ‚
1891 1953 2066 1993 impendam
2081 1973 2090 1986 ‚
2102 1961 2143 1985 tu,
2159 1961 2210 1980 me

1255 2000 1352 2027 invito
1365 2018 1372 2030 ,
1385 1996 1479 2027 fruare
1491 1999 1581 2026 meo?
1603 1995 1685 2037 Qid
1696 1994 1738 2024 est
1746 1995 1838 2028 aliud,
1854 1995 1919 2024 aliis
1930 1996 1978 2025 sua
1988 1996 2099 2034 eripere
2111 2014 2121 2027 ‚
2143 1993 2209 2023 aliis

1254 2040 1321 2070 dare
1343 2040 1461 2069 aliena?
1482 2038 1606 2068 Tabulae
1625 2035 1697 2067 vero
1718 2047 1793 2066 nova
1811 2036 1884 2077 quid
1903 2037 2014 2066 habent
2031 2036 2210 2077 argumenti,

1255 2080 1310 2111 nisi
1333 2090 1366 2110 ut
1387 2090 1468 2110 emas
1495 2089 1561 2110 mea
1579 2081 1704 2119 pecunia
1716 2078 1848 2108 fundum
1861 2089 1867 2107 z
1882 2088 1952 2108 eum
1964 2087 1993 2107 tu
2005 2078 2110 2108 habeas
2126 2087 2131 2106 :
2155 2085 2210 2117 ego

1256 2133 1319 2152 non
1340 2123 1463 2152 habeam
1483 2123 1668 2161 pecuniam?
1691 2120 1897 2162 Qamobrem
1922 2130 1960 2150 ne
1971 2119 2004 2149 sit
2015 2130 2052 2149 aes
2063 2120 2209 2151 alienum,
2229 2125 2275 2156 24

1254 2164 1335 2206 quod
1347 2163 1461 2203 reipub.
1473 2171 1589 2195 noceat,
1601 2162 1824 2202 providendum
1838 2161 1880 2191 est
1895 2161 1994 2202 :quod
2007 2161 2111 2190 multis
2123 2161 2213 2190 ratio-

1256 2207 1347 2237 nibus
1364 2208 1459 2235 caveri
1472 2204 1567 2244 potest
1580 2216 1585 2233 :
1596 2214 1658 2233 non
1670 2202 1690 2232 fi
1701 2202 1791 2233 fuerit
1803 2223 1811 2236 ‚
1835 2213 1866 2233 ut
1876 2203 2039 2243 locupletes
2050 2203 2134 2233 suum
2146 2211 2214 2241 pei·-

1256 2250 1347 2280 dant‚
1366 2247 1516 2277 debitores
1537 2247 1690 2276 lucrentur
1710 2246 1854 2275 alienum.
1891 2255 1956 2274 NEC
1978 2254 2068 2274 EN1M
2090 2243 2149 2273 ulla
2166 2252 2213 2273 res

1255 2288 1471 2320 vehementius
1495 2298 1591 2327 remp.
1605 2289 1740 2317 continet
1753 2307 1760 2320 ‚
1781 2288 1870 2327 quam
1883 2285 1956 2316 fides
1972 2296 2051 2326 :quae
2061 2283 2117 2315 effe
2130 2284 2213 2314 nulla

1256 2330 1361 2371 poiest,
1375 2329 1429 2360 nisi
1442 2331 1498 2360 erit
1508 2328 1664 2360 necessaria
1677 2329 1787 2358 solutio
1798 2338 1898 2359 rei-um
1909 2327 2098 2358 creditarum.
2112 2328 2214 2356 Num-

1256 2383 1344 2413 quam
1357 2371 1572 2402 vehementius
1583 2370 1682 2400 alitum
1696 2370 1738 2412 est
1748 2390 1756 2402 ,
1769 2370 1858 2410 quarn
1871 2379 1920 2399 me
1931 2369 2054 2399 consule
2069 2388 2078 2402 ,
2101 2377 2139 2397 ne
2153 2367 2213 2397 sol-

1258 2424 1385 2444 veretur.
1405 2415 1498 2443 armis
1511 2432 1519 2446 ,
1540 2411 1681 2442 &castris
1698 2421 1807 2441 tentata
1828 2421 1872 2441 res
1890 2410 1933 2440 est
1955 2411 1991 2440 ab
2005 2412 2090 2440 omni
2103 2418 2212 2450 genere

1259 2457 1423 2485 hominum
1441 2474 1448 2487 ,
1470 2455 1502 2483 &
1520 2454 1645 2483 ordine:
1665 2452 1813 2494 ¹0quibus
1823 2451 1860 2482 sic
1870 2452 1972 2485 restiti,
1988 2453 2214 2483 uthoctantum

1259 2498 1375 2528 malum
1387 2496 1423 2526 de
1434 2495 1539 2537 repub.
1556 2495 1719 2526 tolleretur.
1743 2504 1908 2536 numquam
1920 2504 1974 2524 nec
1987 2495 2082 2534 majus
2094 2503 2135 2526 aes
2145 2493 2218 2522 alie-

2142 2542 2217 2564 num

2306 0 2375 169 J

1248 2639 1250 2648 ¹
1267 2630 1448 2666 stipulatorem
1469 2628 1554 2655 adhue
1571 2629 1653 2655 alium
1671 2628 1808 2664 aliumque
1835 2626 1954 2653 codicem
1972 2625 2108 2653 vetustatis
2125 2622 2222 2650 edecu-

1271 2674 1357 2693 maine.

1305 2710 1332 2736 7.
1352 2705 1446 2727 Summa
1464 2703 1525 2726 ratio
1542 2701 1572 2731 ἐν·
1583 2701 1733 2734 sapientia]
1755 2699 1824 2726 Illud
1835 2699 1990 2731 &sapientia
2002 2716 2010 2729 ,
2028 2705 2079 2722 non
2092 2692 2219 2719 visitur-in

1269 2738 1390 2764 Palatino
1401 2738 1480 2772 prim.
1501 2745 1584 2772 neque
1596 2737 1752 2771 requiritur.
1773 2736 1818 2770 qui
1830 2735 1886 2760 fere
1904 2735 2050 2766 etiamquae
2059 2727 2220 2765 praecedunt,

1268 2774 1295 2800 ld
1302 2775 1362 2808 quod
1368 2774 1415 2804 sm?
1420 2773 1537 2805 sapientis
1547 2773 1576 2803 t)
1581 2775 1712 2806 praestanris
1721 2774 1786 2804 viri,
1796 2770 1929 2798 habuerim
1940 2768 2027 2795 onmia
2036 2775 2084 2802 pro
2093 2763 2222 2800 glossatu-

1272 2810 1306 2836 ris
1318 2808 1597 2844 interpr-oratiuncula.

1307 2845 1333 2871 8.
1353 2848 1448 2871 Civium
1458 2855 1502 2870 non
1512 2844 1644 2877 divellere]
1667 2843 1741 2874 Editi
1752 2842 1815 2868 olim
1827 2843 1914 2866 civium
1924 2838 2042 2871 defendere
2051 2845 2095 2862 non
2105 2837 2225 2868 divellere,

1271 2880 1314 2907 sed
1324 2889 1417 2907 contra
1427 2880 1580 2916 scripturam
1591 2879 1772 2906 l'alatiiiorum
1784 2877 1901 2904 codicum
1910 2893 1918 2906 ,
1932 2875 1997 2900 item
2010 2874 2040 2899 F.
2051 2881 2083 2899 ne
2094 2871 2180 2898 dicam
2195 2871 2225 2896 δε
2364 2902 2367 2906 ᾗ

1273 2917 1483 2952 Langianorum.
2363 2912 2371 2950 32

1332 2974 1337 2978 .
1358 2954 1472 2978 Habitent
1486 2952 1564 2984 gratis
1581 2954 1607 2977 In
1626 2949 1725 2982 alinum]
1748 2945 1903 2972 Leftionem
1927 2944 2000 2970 istam
2021 2944 2122 2980 primus
2133 2943 2203 2969 eruit
2212 2945 2227 2968 ὲ
2369 2943 2371 2949 “

1275 2988 1332 3015 inis.
1344 2987 1393 3014 suis
1405 2987 1547 3014 Turnebus
1559 3006 1566 3017 ‚
1586 2985 1735 3021 reperitque
1745 2983 1771 3008 in
1786 2983 1816 3008 F.
1830 2980 1991 3007 Gulielmius
2003 2991 2009 3007 :
2030 2980 2114 3007 exstat
2125 2987 2229 3015 quoque

1275 3026 1303 3052 iii
1316 3024 1382 3050 l'all.
1396 3033 1459 3050 non.
1469 3024 1673 3053 Habitanrprius.

1316 3069 1359 3086 io.
1378 3060 1507 3092 Qihmfic
1524 3058 1598 3088 restiti
1611 3056 1685 3080 urhoc
1694 3060 1788 3078 tantum
1806 3052 1919 3086 malum]
1939 3051 2106 3078 ViEtoi-iied.
2124 3057 2152 3076 ua·
2160 3056 2232 3075 torum

2112 3196 2115 3199 ἢ
2151 3165 2174 3185 1.
2186 3149 2236 3183 3³01-
