2337 3400
201 132 323 166 1012
597 106 664 155 M.
748 102 1110 150 Τυιιιι

197 198 328 226 omnino
341 195 473 234 ignorare
483 188 574 220 dicit,
585 193 676 226 quam
689 202 697 217 ,
712 191 761 214 aut
771 182 890 223 qualem
901 180 958 210 effe
970 179 1066 210 velint
1076 199 1085 213 ,
1102 179 1154 220 qui

197 235 348 267 honestate
372 233 524 262 summum
544 229 659 257 bonum
681 225 854 254 metiantur.
878 221 899 253 si
918 221 1048 252 enimad
1060 222 1158 251 hone-

198 278 301 309 statem
322 275 426 304 omnia
444 269 625 300 referantur,
646 276 742 306 neque
761 267 795 295 in
815 275 847 296 ea
861 264 1043 304 voluptatem
1058 263 1158 293 dicant

202 316 304 349 incsslu
315 318 353 345 ait
365 324 417 343 cos
430 311 508 340 inani
518 309 686 347 vocefhnarc
702 309 761 345 (his
770 309 854 337 enim
864 305 930 346 ipsis
942 305 1039 335 veihis
1051 304 1157 344 utitur)

200 367 297 398 neque
309 355 471 395 intelligere
485 372 492 385 ‚
514 361 611 392 neque
621 349 723 380 videre
736 368 744 382 ‚
763 348 816 379 sub
832 349 886 378 haic
902 357 976 378 voce
995 345 1157 376 honestatis

201 409 264 440 qua:
278 397 308 427 sit
319 394 500 433 subjicienda
509 394 663 423 sententia.
677 399 708 420 ut
718 392 802 420 enim
814 388 999 420 consuetudo
1011 389 1155 429 loquitur,

201 441 231 471 id
247 441 343 469 solum
356 437 464 467 dicitur
482 433 618 470 honestum
630 453 639 466 ,
661 432 743 473 quod
755 431 796 462 est
810 432 939 473 populari
952 431 1038 470 fama
1051 429 1158 471 glorio-

195 483 270 523 fiam.
295 479 375 522 quod
390 499 398 512 ,
419 479 534 517 inquit,
557 483 740 516 quamquam
759 472 964 513 voluptatibus
976 471 1155 513 quibusdam

201 522 243 553 est
255 519 498 561 saepejucundius
509 537 517 551 ‚
540 526 639 548 tamen
654 517 803 555 expetitur
819 524 942 554 propter
959 514 1153 553 voluptatem.

202 564 334 594 Videsne
343 561 432 602 quam
444 558 476 589 sit
488 569 591 600 magna
601 556 764 588 diss‘ensio?
781 557 977 597 philosophus
991 556 1104 585 nobilis
1116 574 1124 587 ‚
1141 554 1156 583 ii

201 615 262 646 quo
274 614 337 634 non
349 604 444 634 solum
457 603 570 630 Graecia
584 620 591 632 ‚
612 600 644 629 δε
655 599 738 629 Italia
752 619 767 643 ,ἱ
780 599 827 628 sed
841 607 930 628 etiam
942 606 1045 642 omnis
1054 596 1156 625 barba·
1175 604 1176 611 ¹

202 649 244 678 ria
253 654 407 677 commota
418 642 460 673 est
472 663 480 676 ,
494 641 654 672 honesturn
665 640 739 681 quid
751 643 782 670 lit
792 661 801 673 ,
827 639 846 669 si
857 639 887 669 id
901 649 963 669 non
974 638 1016 668 est
1026 648 1058 668 in
1071 638 1157 667 volu·
1175 667 1176 671 ,

203 697 298 729 ptrue,
322 695 405 727 negat
418 685 445 715 se
457 684 640 725 intelligere:
659 680 713 712 nifi
724 681 802 712 foi-te
814 681 890 711 illud
904 688 917 714 >'
932 681 1012 721 quod
1024 681 1159 708 mttz'tittc—
1175 680 1176 687 ¹

203 731 278 759 dnn:
288 737 394 757 rumore
404 726 540 756 laudetur.
565 728 628 766 Ego
638 733 737 754 autem
749 725 806 754 iioc
820 726 908 753 etiam
920 732 1003 762 turpe
1015 721 1075 766 esse
1084 722 1157 760 saepe

199 772 306 812 judico
323 781 327 798 :
347 770 379 800 &
391 789 399 802 ,
420 767 439 797 si
451 767 572 809 quando
583 776 668 806 turpe
679 775 741 796 non
754 764 785 795 sit
794 785 802 798 ,
819 768 829 784 ¹
843 774 942 794 tamen
954 774 1017 793 non
1028 762 1086 792 elic
1097 772 1160 791 non

207 822 291 852 turpe
303 831 311 845 ,
332 810 403 841 cum
418 809 448 839 id
462 812 478 839 εἰ
490 807 685 839 multitudine
695 806 838 837 laudetur.
864 809 876 825 ²
888 804 1003 846 quodsi
1019 803 1050 834 sit
1063 804 1158 843 ipsum
1177 831 1178 834 ,

203 864 256 894 per
267 854 294 883 se
305 852 421 882 rectum
434 871 443 884 ‚
455 860 540 891 atque
550 849 697 879 laudabile
708 869 716 881 ,
733 858 796 878 non
806 848 845 878 ob
857 857 921 878 eam
933 847 1048 877 causum
1061 855 1161 876 tamen

205 894 281 925 illud
293 895 352 924 dici
365 892 525 923 honestum
538 890 595 921 else
607 911 615 923 ‚
630 893 698 931 quia
709 890 844 919 laudetur
855 890 871 919 ὲ
888 889 992 918 multis
1004 908 1012 921 ‚
1034 887 1080 917 sed
1093 889 1161 926 quia

205 938 261 967 tale
272 934 304 966 fit
314 956 322 969 ,
335 945 365 966 nt
375 934 441 975 (vel
450 934 478 975 fi
488 935 644 974 ignorarent
654 932 684 960 id
694 932 814 960 homines
823 950 831 964 ‚
852 930 933 971 vcifi
943 926 1160 967 obmutuissem)

205 978 257 1009 fua
268 986 368 1008 tamen
379 975 601 1016 pulchritudine
612 971 682 1003 ess‘et
691 992 699 1006 ,
717 973 871 1012 specieque
882 971 1037 1002 laudabile.
1062 974 1162 1010 Itaque

207 1020 291 1050 idem
303 1025 409 1048 natura
428 1016 524 1046 viam
533 1036 542 1050 ‚
562 1017 609 1046 cui
621 1013 720 1045 obsisti
732 1024 794 1044 non
805 1013 901 1054 potest
913 1034 922 1047 ,
941 1013 1015 1043 dicit
1024 1012 1083 1042 alio
1095 1013 1162 1041 loco

207 1062 239 1092 id
251 1081 259 1095 ,
269 1061 349 1102 quod
360 1061 375 1090 {1
385 1069 412 1090 te
421 1061 513 1088 etiam
522 1057 624 1097 paullo
634 1057 700 1086 ante
711 1055 827 1085 dietum
840 1054 882 1085 est
891 1075 899 1089 ‚
911 1065 962 1084 non
970 1052 1165 1095 poffbjucumie

203 1104 288 1136 vivi,
302 1101 356 1142 mfi
363 1102 450 1130 etiam
460 1097 573 1135 honeste.
590 1098 671 1140 Qid
682 1107 773 1131 nunc,
784 1106 932 1127 nousssrr:
942 1117 950 1130 ‚
963 1099 1035 1126 dieit
1047 1095 1164 1125 ?idem-

204 1155 244 1175 ne
257 1165 266 1178 ‚
285 1142 527 1184 quodjucunde?
543 1150 613 1181 ergo
623 1143 663 1170 ita
674 1159 683 1173 ,
701 1149 764 1169 non
775 1137 856 1177 poffe
867 1137 989 1168 honeste
1001 1139 1064 1167 Vivi
1078 1156 1086 1170 ‚
1108 1134 1162 1165 nisi

209 1185 336 1217 honeste
353 1187 491 1217 vivatur,
513 1191 550 1212 an
562 1179 616 1211 nisi
628 1181 762 1222 populari
772 1180 871 1210 fania?
891 1178 951 1209 sine
969 1189 1000 1209 ea
1011 1180 1101 1218 igitur
1115 1178 1163 1215 ju—

205 1227 304 1259 cunde
316 1223 490 1268 negatposs'e
499 1226 600 1253 vivere
613 1226 623 1252 ?
647 1232 728 1262 Qin
748 1231 886 1252 'ruamus
897 1241 905 1255 ,
924 1222 1013 1261 quam
1025 1221 1164 1258 sapientis

204 1272 298 1300 vitam
320 1278 358 1298 cx
378 1266 584 1307 infipientium
597 1265 737 1295 sermone
756 1263 905 1303 pendere?
923 1261 1002 1303 quidv
1015 1270 1086 1301 ergo
1104 1261 1163 1289 hoc

1190 89 1736 150 Cic'nnorxts

1192 180 1276 210 enim
1288 178 1365 209 levia
1374 198 1382 213 ‚
1401 179 1614 220 &perinfirma
1624 201 1633 216 ,
1650 192 1715 224 quae
1725 181 1924 215 dicebantura
1936 188 1963 214 te
1975 201 1984 218 ‚
1996 180 2069 215 αῦτη
2079 182 2148 214 ani-

1193 223 1236 251 mi
1255 221 1438 252 conscientia
1456 222 1612 261 improbos
1624 226 1785 255 excruciari
1795 245 1804 259 ,
1826 235 1891 256 tum
1901 226 1990 256 etiam
2002 234 2097 265 poenae
2107 233 2148 255 u-

1195 273 1298 296 more;
1314 266 1400 303 qua⁴5
1410 272 1458 293 aut
1467 262 1639 294 afficiuntur
1648 284 1657 298 ‚
1676 275 1724 295 aut
1733 266 1847 306 semper
1857 267 1968 298 suntin
1981 275 2062 297 metu
2075 286 2095 299 ‚.
2106 276 2144 296 ne

1194 303 1362 334 afficiantur
1371 305 1540 345 aliquando.
1563 308 1637 335 Non
1647 315 1763 345 oportet
1773 308 1914 338 timidum
1926 328 1935 342 ,
1950 318 1999 339 aut
2009 307 2155 338 imbecil'a

1194 347 1225 376 lo
1239 347 1344 376 animo
1359 345 1452 387 fingr,
1470 356 1533 376 non
1545 347 1759 377 bonumillum
1770 350 1867 379 virum
1883 370 1891 383 ‚
1911 352 1981 391 qui,
2000 348 2154 390 quidquid»

1194 388 1314 420 fecerit,
1336 387 1396 427 ipse
1416 388 1444 418 se
1462 390 1590 422 cruciet,
1612 391 1774 429 omniaque
1791 389 1953 422 formidet:
1975 392 2024 422 sed
2043 393 2153 422 omnia.

1194 429 1302 459 callide
1315 429 1492 460 referentem
1503 430 1538 460 ad
1552 431 1711 460 utilitatem
1722 449 1731 464 ,
1749 439 1886 466 acutum,
1907 433 2057 463 versutum
2069 452 2078 466 ,
2097 442 2151 462 ve-

1194 479 1354 501 temtorcm
1366 491 1375 504 ‚
1395 470 1482 501 facile
1503 481 1534 501 ut
1553 474 1704 513 excogitet
1716 491 1725 506 ‚
1746 481 1807 512 quo
1827 473 1921 503 modo
1940 475 2077 508 occulte,
2092 474 2155 514 fine

1196 512 1277 549 reste,
1294 512 1354 552 fine
1366 514 1420 542 ullo
1434 512 1535 552 conscia
1544 514 1642 552 fallar.
1667 516 1714 543 An
1733 523 1762 544 tu
1777 523 1825 543 me
1841 513 1877 544 de
1888 516 1924 544 L.
1934 516 2057 545 Tubulo
2066 524 2152 555 putas

1197 555 1316 583 dicere?
1335 555 1386 593 qni
1398 574 1406 587 ‚
1426 554 1498 584 cum
1516 564 1622 594 piaetor
1639 554 1836 595 quaestionem
1850 557 1928 585 inter
1940 554 2055 587 ficarios
2065 567 2151 587 exer-

1195 594 1299 626 cuiss'et
1311 615 1318 628 ‚
1331 598 1368 626 ita
1379 597 1475 636 aperti.⁸
1485 598 1552 636 cepit
1562 598 1693 639 pecunias
1704 595 1736 625 ob
1745 607 1801 625 rem
1804 596 1988 635 judicandam
1997 616 2006 630 ,
2027 607 2060 628 ut
2068 607 2150 628 anno

1197 639 1341 676 proximo
1360 640 1532 668 P-Scaevola
1552 659 1561 671 ,
1586 638 1724 668 tribunus
1745 639 1824 678 pleb.
1843 638 1932 668 ferret
1953 639 1988 668 ad
2009 639 2150 677 plebem,

1194 678 1208 699 ⁶
1226 688 1426 710 VELLENTNE
1439 689 1481 708 DE
1495 689 1538 710 EA
1555 689 1597 709 RE
1612 689 1748 719 QiAERi.
1771 689 1831 720 quo
1847 679 2028 719 plebisscium
2039 680 2154 711 decreta

1199 722 1215 751 a
1234 721 1335 750 senatu
1356 720 1398 751 est
1415 722 1532 751 consuli
1551 720 1685 762 quaestio‚
1698 723 1935 761 7Cn.Caepioni.
1958 720 2108 761 profec‘tus
2118 723 2152 752 in

1198 762 1336 793 exsilium
1347 763 1487 792 Tubulus
1499 763 1595 793 statim
1609 783 1617 796 ,
1630 760 1684 792 nec
1694 763 1869 802 respondere
1879 763 1975 793 ausus.
1998 764 2152 793 eratenim

1198 814 1243 834 res
1255 813 1360 844 aperta.
1406 807 1480 834 Non
1494 806 1582 844 igitur
1595 805 1632 834 de
1642 805 1784 844 improbo
1796 825 1805 838 ‚
1832 800 1846 824 ³
1857 805 1904 835 sed
1923 805 2018 834 :auido
2033 804 2153 846 improbo

1200 849 1380 887 quaerimus:
1393 847 1487 886 qualis
1498 848 1725 887 Q.Pompejus
1736 848 1767 876 in
1776 846 1890 876 foedere
1901 849 2094 876 Numantino
2105 849 2155 877 in-

1202 887 1326 918 1111311Δο
1337 887 1402 918 fuit
1427 898 1483 918 nec
1494 888 1565 918 vero
1578 889 1682 917 omnia
1692 890 1849 918 timentem
1864 888 2016 928 :primum
2027 890 2080 928 qui
2089 889 2156 918 ani-

1201 932 1244 959 mi
1256 929 1471 960 conscientiam
1483 939 1546 959 non
1557 939 1654 964 curet3
1676 939 1764 970 quarn
1777 930 1887 959 seilicet
1897 932 2096 969 comprimere
2107 931 2157 959 ni-

1202 971 1243 1000 hil
1255 970 1296 1000 est
1306 973 1434 1011 negotii.
1455 981 1466 1000 1
1479 981 1492 1001 s
1514 981 1532 1000 ε
1541 981 1562 1000 N
1575 981 1586 1000 1
1600 981 1627 1000 Μ
1637 991 1645 1004 ,
1660 973 1712 1011 qui
1723 972 1858 1001 occultus
1867 991 1875 1005 ‚
1886 971 1918 1001 ὃς
1927 971 2023 1001 teEius
2033 971 2155 1005 dicitur,

1202 1022 1317 1042 tantum
1329 1012 1409 1042 abest
1420 1033 1428 1046 ,
1449 1022 1480 1042 ut
1490 1012 1518 1042 se
1533 1013 1647 1042 indicet
1658 1032 1667 1046 ,
1687 1011 1818 1052 perficiet
1829 1015 1918 1043 etiarn
1931 1033 1939 1046 ‚
1959 1023 1992 1044 ut
2001 1013 2102 1043 dolere
2112 1013 2159 1042 al-

1204 1055 1294 1083 terius
1310 1054 1447 1093 'improbe
1462 1053 1542 1083 fafito
1556 1054 1710 1084 videatur:
1726 1054 1799 1094 quid
1819 1054 1860 1084 cst
1878 1057 1961 1084 enim
1979 1054 2058 1085 aliud
2069 1074 2078 1088 ‚
2099 1052 2157 1084 effe

1202 1095 1372 1135 versutum?
1395 1097 1528 1125 Memini
1543 1105 1591 1124 me
1601 1093 1696 1124 adefl‘e
1715 1099 1731 1121 9
1743 1098 1773 1125 Ρ.
1785 1096 1911 1126 Sextilio
1920 1095 2004 1126 Rufo
2017 1115 2026 1130 ‚
2044 1095 2116 1126 cum
2131 1098 2159 1125 is

1202 1137 1238 1166 ad
1257 1138 1374 1166 amicos
1382 1146 1444 1166 rem
1457 1139 1495 1166 ita
1513 1135 1640 1166 deferret
1652 1157 1662 1169 ⁷
1684 1137 1711 1166 se
1727 1135 1783 1166 ess‘e
1802 1138 1941 1167 heredem
1956 1136 2154 1179 ¹0Q.-Fadio

1205 1178 1311 1208 Gallo:
1332 1179 1415 1214 cujus
1434 1179 1466 1207 in
1481 1177 1658 1208 testamento
1673 1178 1812 1217 scriptum
1827 1177 1898 1208 esset
1908 1198 1916 1212 ‚
1937 1179 1965 1209 se
1975 1179 2010 1208 ab
2020 1189 2057 1208 eo
2070 1188 2157 1219 roga-

1205 1229 1268 1249 tum
1282 1239 1289 1252 ,
1312 1229 1344 1248 ut
1353 1223 1456 1249 omnis
1467 1220 1612 1258 hereditas
1625 1219 1660 1249 ad
1671 1218 1764 1248 filiam
1775 1222 1952 1259 perveniret.
1976 1220 2005 1250 id
2014 1220 2159 1250 SExtilius

1180 1279 1181 1301 1
1202 1261 1315 1291 faCtum
1336 1261 1467 1302 negabat.
1483 1260 1602 1300 'poterat
1614 1270 1712 1290 autem
1727 1271 1862 1301 impune.
1886 1263 1952 1301 quis
1965 1263 2049 1291 enim
2062 1261 2161 1291 redar-

153 1596 195 1631 16
214 1602 261 1632 fua
273 1601 374 1640 sponte
386 1619 393 1632 ‚
407 1599 455 1628 sua
465 1607 567 1628 natura
576 1597 733 1626 laudabile.

206 1306 703 1350 Iocointelligithonestum?certe
714 1306 802 1338 nihil,
814 1303 868 1334 nisi
879 1304 959 1345 quod
970 1301 1055 1343 poffit
1067 1302 1162 1342 ipsum
1180 1305 1182 1343 ξ
1201 1305 1321 1342 gueret?
1344 1306 1369 1322 ¹¹
1382 1313 1475 1332 nemo
1493 1301 1628 1332 nostrum
1647 1302 1769 1343 negabat
1784 1314 1789 1331 :
1809 1313 1928 1344 eratque
1945 1301 2161 1337 verisimilius,

205 1361 325 1394 propter
336 1351 438 1390 sejure
448 1349 569 1380 laudari.
593 1357 663 1377 narn
676 1346 694 1376 si
705 1356 823 1387 propter
831 1347 1017 1385 voluptatem
1031 1355 1036 1373 2
1049 1354 1107 1385 quae
1119 1341 1163 1372 eff
1180 1344 1182 1384 1
1204 1346 1284 1374 hunc
1304 1347 1445 1378 mentiri,
1467 1345 1544 1383 cujm
1562 1343 1697 1381 intertffet
1709 1365 1717 1377 ,
1732 1345 1822 1385 quam
1836 1342 1924 1374 illum
1937 1364 1944 1377 ‚
1960 1347 2012 1385 qui
2026 1344 2057 1374 id
2070 1344 2098 1374 se
2108 1354 2161 1374 10-

209 1393 262 1430 :sta
275 1395 357 1427 iaus,
367 1403 426 1434 qua
436 1390 516 1432 poffit
527 1389 658 1420 &macello
669 1390 752 1430 peti?
778 1389 888 1418 Nonis
898 1390 945 1417 vii·
955 1386 996 1417 est
1006 1407 1015 1420 ‚
1029 1396 1061 1416 ut
1071 1405 1080 1420 ,
1091 1384 1161 1429 cim]
1180 1389 1182 1395 '
1202 1385 1278 1428 gass'e
1293 1385 1443 1426 scripsiss'et
1455 1407 1463 1421 ,
1483 1386 1564 1427 quod
1575 1384 1721 1416 debuisset
1731 1396 1840 1426 rogare.
1864 1386 1986 1417 addebat
1997 1388 2088 1417 etiam
2100 1406 2113 1419 ‚
2129 1386 2160 1416 se

209 1434 394 1465 honestatem
405 1443 442 1464 eo
452 1435 520 1463 loco
533 1432 653 1464 habeat,
673 1439 704 1461 ut
723 1429 782 1460 sine
799 1439 832 1460 ea
844 1429 979 1468 jucunde
989 1437 1076 1469 neget
1086 1425 1166 1467 pofle
1203 1438 1234 1458 in
1246 1429 1343 1468 legem
1355 1429 1524 1458 Voconiam
1538 1429 1669 1467 juratum
1684 1436 1787 1457 contra
1796 1437 1863 1458 eam
1882 1427 1976 1458 facere
1992 1438 2057 1457 non
2070 1427 2161 1458 aude-

207 1480 293 1511 vivi,
310 1476 384 1506 illud
397 1474 557 1505 honestum
572 1495 580 1507 ‚
597 1472 680 1513 quod
689 1473 831 1512 populare
840 1470 874 1500 sit
885 1491 896 1504 2
917 1472 1040 1503 sentiat,
1060 1470 1092 1498 &
1102 1467 1164 1497 sine
1181 1458 1183 1511 1
1203 1480 1233 1499 re
1242 1490 1251 1502 ‚
1262 1468 1316 1499 iiifi
1326 1470 1410 1499 aliter
1419 1472 1523 1499 amicis
1533 1469 1693 1499 videretur.
1710 1469 1873 1499 Aderamus
1884 1480 1941 1499 nos
1951 1469 2076 1510 quidem
2086 1469 2159 1499 ado-

209 1529 246 1548 eo
258 1517 386 1553 iucunde
397 1526 482 1556 neget
491 1517 555 1546 vivi
566 1513 646 1554 poffe
658 1525 663 1542 2
673 1523 722 1544 aut
731 1513 896 1555 quidquam
907 1512 987 1542 aliud
1001 1509 1164 1541 honestum
1181 1514 1184 1549 1
1203 1512 1346 1541 lescentes
1357 1530 1365 1544 ‚
1376 1511 1425 1540 sed
1435 1512 1466 1540 &
1476 1512 1563 1540 multi
1574 1509 1747 1550 ampliffim'i
1759 1513 1815 1540 viri
1826 1521 1831 1540 :
1844 1521 1973 1551 quorum
1987 1521 2079 1540 nemo
2088 1520 2161 1541 cen-

210 1559 357 1600 intelligat
367 1578 375 1590 ,
397 1561 410 1585 3
421 1555 477 1587 nisi
486 1557 567 1597 quod
579 1554 612 1585 fit
621 1555 738 1585 reEtum
751 1575 760 1588 ‚
771 1555 928 1594 ipsumque
939 1563 989 1593 per.
999 1553 1027 1582 se
1040 1571 1049 1586 ,
1063 1552 1112 1582 sua
1123 1554 1164 1584 vi,
1181 1550 1183 1568 1
1204 1552 1262 1582 suit
1272 1552 1337 1591 plus
1350 1551 1445 1582 Fadia:
1455 1553 1587 1582 dandum
1601 1572 1609 1585 ‚
1627 1552 1716 1591 quam
1729 1550 1822 1591 poffet
1829 1556 1864 1582 ad
1874 1562 1940 1583 earn
1953 1553 2015 1594 lege
2026 1554 2163 1583 Voconia

778 1599 880 1635 Itaque
891 1615 898 1628 ‚
910 1598 1061 1634 Torquate
1071 1613 1079 1626 ‚
1091 1592 1163 1621 cum
1182 1580 1184 1620 1
1203 1595 1369 1634 pervenire.
1393 1597 1506 1623 Tenuit
1517 1603 1710 1634 permagnam
1721 1595 1864 1624 Sextilius
1876 1594 2077 1624 hereditatem.
2102 1603 2161 1623 un-

211 1643 323 1673 diceres
334 1661 342 1674 ,
355 1642 480 1670 clamare
492 1641 654 1678 Epicurum
667 1658 675 1671 ‚
688 1648 738 1666 non
750 1635 949 1678 poffijucunde'
962 1636 1027 1663 vivi
1039 1655 1047 1668 ‚
1060 1634 1167 1675 mfiho-
1182 1635 1184 1666 1
1206 1636 1241 1665 de
1254 1655 1262 1668 ‚
1282 1633 1301 1664 si
1314 1636 1428 1665 secutus
1438 1634 1508 1664 efl'et
1518 1645 1624 1665 eorum
1637 1635 1815 1665 sententiam
1828 1656 1837 1669 ,
1856 1637 1906 1676 qui
1917 1634 2023 1671 honesta
2036 1636 2070 1668 &-
2085 1634 2161 1664 resta

210 1682 297 1720 mesta,
318 1683 352 1715 ὼ·
360 1682 498 1723 fhpientcr
508 1701 516 1714 ‚
533 1681 567 1712 ὼ
576 1678 649 1718 juste
660 1679 805 1708 viveretur
817 1698 825 1711 ‚
847 1677 949 1717 tuipse
960 1678 1035 1706 mihi
1045 1677 1167 1717 gloriari
1207 1677 1392 1705 emolumentis
1408 1675 1534 1705 omnibus
1545 1696 1552 1710 ‚
1571 1677 1606 1709 (φ
1619 1677 1766 1705 commodis
1780 1685 1970 1717 anteponerent
1981 1698 1990 1710 ‚
2012 1687 2050 1707 ne
2066 1687 2161 1708 nurn-

210 1725 359 1765 videbaqe.
383 1732 462 1753 tanta
472 1725 518 1752 vis
530 1725 624 1752 inerat
634 1723 666 1750 in
677 1721 792 1753 verbis,
811 1729 931 1760 propter
940 1728 1041 1748 earum
1054 1727 1165 1750 rerum,
1209 1727 1294 1747 mum
1315 1718 1441 1757 quidem
1463 1728 1558 1747 unum
1574 1717 1721 1757 attigiffet.
1746 1721 1832 1747 Num
1849 1721 1937 1759 igitur
1950 1718 2050 1758 postea
2061 1719 2164 1749 censes

211 1777 277 1808 qua:
288 1763 526 1807 significabantur
536 1765 582 1792 his
594 1763 691 1793 verbis
703 1782 711 1795 ‚
722 1762 895 1801 dignitatem
910 1780 917 1792 ,
931 1770 963 1789 ut
971 1761 1059 1789 altior
1069 1757 1165 1791 fieres,
1183 1764 1185 1792 ζ
1207 1761 1416 1789 anxio·animo
1425 1779 1432 1792 ‚
1444 1768 1493 1788 aut
1504 1759 1633 1788 sollicito
1644 1757 1729 1788 fuifl'e
1741 1762 1750 1788 ?
1762 1760 1839 1789 nihil
1850 1760 1954 1789 minsis
1965 1780 1974 1793 ‚
1986 1769 2162 1800 contraque,

210 1819 242 1839 ut
258 1807 409 1838 interdum
427 1804 571 1836 insisteres
582 1824 589 1838 ,
609 1814 641 1834 ut
652 1813 708 1833 mos
719 1805 840 1832 intuens
852 1822 859 1835 ,
879 1799 957 1841 qnasi
968 1800 1165 1832 testificarere,
1183 1801 1186 1817 1
1206 1801 1257 1830 illa
1274 1800 1436 1830 hereditate
1453 1801 1557 1834 dives3
1577 1801 1618 1829 ob
1630 1810 1754 1841 eamque
1769 1811 1831 1831 rem
1847 1801 1939 1831 laetus.
1963 1804 2064 1842 magni
2079 1803 2164 1831 enim

210 1850 323 1881 laudii-i
343 1847 528 1878 honestatem
542 1866 550 1879 ‚
573 1847 606 1876 &
623 1844 766 1884 iustitiam
785 1843 947 1883 aliquando
969 1843 1004 1872 ab
1025 1844 1166 1881 Epicuro·
1184 1842 1185 1847 ¹
1209 1841 1541 1882 aestimabatpecuniam
1554 1861 1562 1875 ‚
1581 1852 1642 1871 non
1653 1841 1748 1872 modo
1758 1852 1821 1872 non
1832 1852 1936 1872 contra
1946 1843 2042 1884 leges,
2060 1843 2108 1873 sed
2119 1852 2166 1872 et-

211 1892 311 1933 Qam
331 1900 358 1920 te
374 1889 493 1920 decebat
514 1890 550 1917 iis
569 1887 666 1916 verbis
688 1887 729 1916 uti
741 1905 749 1918 ‚
769 1886 880 1926 quibus
895 1883 913 1913 si
929 1884 1091 1924 philisophi
1105 1892 1168 1912 non
1207 1886 1267 1913 iam
1280 1884 1393 1923 legibus
1403 1893 1526 1923 partam.
1543 1894 1608 1924 quae
1618 1884 1740 1924 quidem
1752 1885 1879 1914 velcum
1890 1886 2023 1924 periculo
2032 1884 2074 1914 est
2083 1894 2166 1925 qua:-

210 1942 365 1963 mcrentur
377 1952 386 1965 ,
405 1930 574 1972 philofhphia
591 1929 699 1958 omnino
710 1938 760 1956 non
771 1930 928 1967 egeremus?
948 1925 1072 1955 'istorum
1084 1926 1168 1954 enim
1184 1917 1187 1967 1
1210 1925 1303 1956 renda
1319 1926 1416 1955 vobis.
1440 1925 1482 1956 est
1492 1928 1575 1955 enim
1585 1925 1725 1956 este&1·ix
1736 1926 1899 1956 multarum
1911 1946 1920 1960 ‚
1941 1927 1974 1956 &
1985 1935 2163 1967 magnarum

211 1975 375 2006 verborum
387 1982 489 2002 amore
499 1992 507 2005 ,
525 1968 716 2012 quaeperraro
726 1970 909 2009 appellantur
917 1968 952 1997 ab
961 1970 1092 2006 Epicuro
1103 1986 1111 1999 ‚
1125 1967 1170 1996 sa-
1185 1970 1187 2007 1
1210 1968 1410 2006 voluptatum.
1434 1971 1476 1997 Ut
1486 1970 1576 2008 igitur
1584 1968 1658 2001 illis,
1669 1969 1733 2007 qui,
1744 1967 1822 1997 recta
1832 1968 1864 1997 δε
1874 1967 1997 2000 honesta
2008 1978 2072 2009 quae
2083 1968 2163 2001 sunt,

213 2019 337 2058 pientia:
348 2035 356 2049 ‚
368 2014 555 2044 fortitudims
566 2033 575 2046 2
585 2011 702 2051 justitiae
716 2031 725 2044 2
737 2012 940 2050 temperantiae
951 2029 958 2043 ²
971 2006 1169 2049 praestantiffi·
1186 2010 1187 2018 ¹
1208 2019 1242 2039 ea
1253 2008 1382 2039 statuunt
1396 2019 1448 2048 per
1461 2010 1488 2039 se
1502 2009 1669 2049 expetenda
1679 2029 1687 2042 ‚
1702 2009 1873 2040 ¹²adeunda
1882 2010 1949 2040 sunt
1959 2012 2073 2051 quaevis
2088 2011 2169 2050 peri-

216 2061 276 2089 mis
288 2059 417 2098 ingeniis
431 2057 572 2085 homines
591 2054 617 2084 se
627 2054 662 2083 ad
677 2053 874 2092 philosophiae
886 2051 1016 2081 studium
1029 2051 1169 2080 contule-
1186 2048 1187 2085 1
1212 2051 1275 2080 cula
1287 2071 1296 2084 ,
1316 2050 1453 2090 decoris,
1469 2050 1688 2091 honestatisque
1696 2051 1798 2081 causa:
1816 2050 1854 2082 fic
1864 2051 1966 2082 vestris
1977 2072 1986 2085 2
2007 2053 2058 2092 qui
2069 2051 2164 2082 omnia

214 2109 293 2131 runt.
317 2099 468 2128 Oculorum
481 2117 489 2130 ,
509 2097 610 2137 inquit
619 2096 701 2126 Plato
713 2114 721 2128 ,
734 2094 777 2124 ef}
787 2105 813 2123 in
825 2093 895 2123 nobis
902 2092 996 2133 sensus
1007 2093 1170 2121 acerrimm:
1186 2091 1187 2125 ζ
1209 2093 1357 2133 voluptate
1367 2093 1542 2126 metiuntur,
1553 2093 1681 2132 pericula
1688 2092 1822 2123 adeunda
1831 2093 1899 2124 sunt
1909 2114 1917 2128 ‚
1928 2103 1961 2123 ut
1970 2094 2168 2134 adipiscantur

213 2140 318 2184 quibus
332 2140 503 2182 sapientiam
520 2149 570 2168 non
589 2138 732 2167 cernimus.
757 2132 845 2178 quhm
858 2137 908 2165 alla
923 2136 1056 2164 ardentm
1067 2144 1171 2163 amores
1186 2131 1188 2156 ἶ
1209 2144 1328 2176 magnas
1338 2136 1515 2174 voluptates.
1539 2133 1558 2164 fi
1574 2144 1732 2176 magnares
1744 2155 1754 2168 ‚
1774 2145 1880 2176 magna
1894 2135 2038 2166 hereditas
2053 2143 2168 2176 agetur,

218 2181 616 2222 excitaretsm'‚fivideretur.
628 2179 831 2210 curtandem?
852 2182 915 2208 431:
925 2177 1006 2217 quod
1018 2180 1056 2206 ita
1066 2176 1172 2205 callida
1209 2177 1284 2206 cum
1309 2179 1436 2216 pecunia
1463 2177 1630 2216 voluptates
1665 2178 1815 2216 pariantur
1833 2179 1983 2217 plurimae.
2023 2176 2166 2215 idemque

215 2224 258 2255 est
272 2245 280 2258 ,
302 2234 333 2254 ut
352 2224 468 2264 optime
487 2222 574 2262 poffit
591 2220 774 2252 architectari
790 2221 979 2259 voluptates?
997 2217 1172 2258 curjustitia
1186 2215 1188 2227 ¹
1211 2221 1267 2248 erit
1278 2220 1408 2258 Epicuro
1416 2218 1515 2248 vestro
1526 2218 1712 2252 faciendum,
1724 2217 1742 2247 si
1755 2219 1840 2248 suum
1854 2218 1947 2249 finem
1957 2219 2110 2248 bonorum
2121 2218 2167 2247 se-

212 2266 413 2297 laudatur?aut
422 2264 502 2294 unde
513 2263 555 2294 est
566 2264 622 2293 hoc
630 2264 796 2292 contritum
807 2261 950 2292 vetustate
958 2260 1169 2301 proverbium?
1209 2261 1261 2301 qui
1273 2260 1372 2294 volet,
1395 2261 1475 2300 quod
1487 2262 1641 2301 Scipioni,
1657 2261 1862 2301 magnagi‘oria
1868 2259 2004 2302 proposita
2014 2279 2022 2293 ‚
2037 2258 2058 2288 si
2067 2260 2168 2288 Anni-

217 2317 353 2347 QicuM
371 2316 406 2336 lN
421 2315 596 2336 TENEBRIS-
621 2307 689 2334 Hoc
703 2301 820 2333 dietum
839 2306 871 2333 in
891 2312 948 2332 una
964 2313 993 2332 re
1005 2322 1013 2335 ‚
1034 2300 1170 2331 latissime
1210 2302 1308 2331 halem
1321 2304 1352 2331 111
1363 2302 1495 2332 Africam
1506 2299 1678 2332 retraxiffiet.
1702 2306 1799 2342 itaque
1808 2311 1954 2342 quantum
1965 2301 2037 2331 adiit
2047 2303 2167 2341 pericu—

215 2358 307 2391 patet:
331 2351 405 2379 utin
414 2348 560 2379 omnibus
568 2346 654 2377 faCtis
664 2365 673 2380 ‚
695 2355 722 2374 re
732 2365 742 2380 ‚
763 2356 815 2375 non
828 2343 889 2381 teste
903 2354 1074 2373 moveamur.
1098 2345 1174 2373 Sunt
1188 2371 1191 2377 ⁴
1207 2344 1293 2373 lum?
1305 2343 1341 2374 ad
1352 2343 1540 2375 honestatem
1551 2346 1636 2374 enim
1649 2344 1779 2374 ι311111111
1790 2353 1916 2374 omnem
1927 2345 2068 2374 conatum
2079 2341 2175 2413 suufm'

2093 2393 2124 2414 re
2139 2392 2174 2413 e-

258 2497 282 2514 1.
301 2488 387 2514 Tamen
405 2497 449 2514 mm
459 2488 500 2521 effe
509 2497 553 2512 non
564 2486 657 2520 turpe]
681 2485 736 2511 Pal.
748 2494 788 2521 pr.
808 2492 858 2510 tum
876 2486 917 2519 effe
935 2494 979 2510 non
996 2492 1074 2517 turpe.
1094 2483 1180 2510 ceteri
1199 2488 1201 2501 ¹

217 2531 268 2551 zum
279 2534 324 2550 non
334 2524 373 2557 effe
382 2534 427 2550 non
440 2531 518 2556 impe,
529 2531 624 2559 preeter
634 2529 770 2558 quartum⁴
1198 2515 1201 2560 1
1215 2519 1269 2546 6113.
1295 2520 1410 2546 formula
1421 2520 1490 2545 cuitu
1503 2527 1571 2551 erat,
1580 2520 1782 2554 mlitisjubeank,
1793 2530 1844 2550 ωε
1865 2520 2037 2546 Gulielmius.

256 2569 284 2586 2.
306 2561 375 2591 ‘de
387 2560 604 2594 fiJItIpJumperfi‘
615 2560 702 2583 reflum
712 2567 740 2583 ac
748 2557 897 2590 laudabile]
920 2555 1027 2582 Paullus
1038 2556 1176 2582 Manutius
1198 2561 1201 2585 1
1251 2564 1279 2589 7.
1299 2558 1345 2581 Cn.
1358 2556 1480 2588 Cepioni]
1505 2555 1548 2582 Sic
1558 2555 1616 2582 Pal.
1634 2565 1676 2592 pr.
1687 2556 1714 2581 ὃ(
1726 2556 1825 2591 Scalig.
1847 2564 1921 2583 vetus
1935 2565 1987 2582 non
2005 2557 2122 2589 sapiant,-
2140 2560 2174 2582 ut

218 2595 285 2622 hanc
303 2595 445 2622 lectionem
466 2595 583 2631 primum
604 2594 733 2630 produxit
751 2602 784 2619 ex
809 2592 876 2618 libro
890 2592 1010 2627 antiquo.
1043 2592 1105 2618 Eam
1125 2601 1176 2627 ego
1198 2591 1273 2623 13111,
1285 2590 1341 2617 fere
1354 2592 1456 2617 &oiim
1468 2591 1530 2617 culi.

220 2629 665 2667 0111101111ῃο1’;11.ρι·11110’30101·ῑ.
685 2630 751 2656 item
763 2628 942 2664 Scaligeraiio.
963 2628 1082 2663 vulgati:
1103 2629 1178 2661 ipsum
1199 2624 1200 2667 1
1252 2628 1279 2654 8.
1297 2628 1342 2652 δελ
1350 2628 1430 2652 callido
1439 2627 1564 2662 improbo]
1584 2627 1631 2654 Sic
1640 2626 1708 2654 Pali.
1727 2636 1830 2654 omncs.
1849 2626 2023 2654 Vitiiorius&
2035 2625 2171 2653 Manutius

218 2668 345 2700 perfeflum
355 2676 383 2693 tic
391 2667 460 2693 laud.
1216 2664 1320 2699 Nepos,
1332 2664 1423 2689 callide.

261 2710 286 2736 3.
306 2703 422 2737 Nisiqnod
431 2704 464 2736 fit
481 2705 568 2728 reflum
581 2721 589 2734 ,
607 2701 723 2736 ipfhmqne
737 2708 779 2735 per
790 2701 817 2734 fi
829 2720 837 2733 ‚
855 2700 923 2734 ὡς]
946 2699 1014 2726 Esta'i
1027 2699 1082 2725 Pal.
1096 2708 1137 2735 pr.
1149 2699 1177 2724 ὃ(
1197 2686 1200 2746 1
1251 2708 1279 2734 9.
1299 2702 1330 2724 P.
1342 2700 1436 2724 Sextilio
1445 2698 1530 2733 Rufo]
1552 2698 1675 2726 Eximius
1694 2699 1741 2725 ille
1752 2699 1889 2726 Palatinus
1907 2707 1949 2735 pr.
1968 2696 2041 2724 aliud
2051 2697 2112 2723 huic
2123 2697 2173 2725 ho-

225 2743 288 2763 tert.
299 2738 363 2764 editi
375 2749 381 2764 :
404 2741 490 2763 redum
500 2739 572 2771 ipfiam
582 2738 644 2772 quod
657 2745 701 2770 per
712 2739 749 2770 sc.
770 2737 892 2773 proxime
905 2735 935 2762 ad
948 2736 1014 2761 hanc
1023 2735 1177 2771 scripturam
1216 2735 1281 2762 mini
1296 2734 1400 2760 versuto
1410 2734 1454 2761 dat
1465 2744 1625 2770 cognomen,
1636 2735 1726 2761 scribit
1735 2735 1805 2761 enim
1817 2736 1883 2768 Fufii.

222 2774 343 2808 pervenit
352 2774 504 2808 conjectura
514 2773 556 2799 sua
567 2773 674 2800 Paullus
686 2774 834 2799 Manutius.
858 2781 920 2798 mox
941 2781 1046 2807 quoque
1057 2771 1177 2806 expunxi
1197 2800 1198 2805 1
1255 2780 1297 2797 10.
1315 2772 1402 2803 Qimo
1421 2772 1493 2796 Fadio
1512 2772 1603 2805 Gallo]
1625 2770 1686 2797 Mss‘.
1708 2771 1787 2797 nostri
1808 2771 1865 2796 heic
1875 2777 1966 2796 omnes
1978 2767 2081 2794 servant
2091 2770 2175 2801 Fabia,

223 2808 342 2848 voculam
356 2812 406 2842 fir,
427 2809 588 2846 transpositis
606 2808 707 2836 duabus
725 2809 784 2836 aliis
805 2807 967 2835 dic'lionibus
981 2827 989 2840 ,
1010 2807 1082 2834 suasu
1102 2807 1177 2834 l’ala-
1196 2838 1198 2860 ς
1215 2806 1257 2833 sed
1269 2807 1339 2868 ¹¹¹¹?ssss
1358 2815 1444 2833 tamen
1455 2807 1576 2842 plerique
1585 2806 1668 2833 filiani
1683 2814 1774 2833 vocant
1785 2806 1902 2832 Fadiam:
1923 2813 2007 2839 neque
2017 2804 2096 2832 aliter
2113 2803 2173 2832 edi-

224 2850 275 2870 uni
314 2845 383 2870 rimi.
1197 2866 1198 2870 ,
1215 2844 1254 2870 tio
1268 2845 1315 2869 Vin
1330 2843 1391 2868 orii.

260 2853 359 2911 epponi
369 2882 429 2913 quod
444 2884 480 2906 ita
497 2882 582 2906 callida
591 2882 651 2915 effi]
672 2882 694 2906 V
698 2881 781 2916 ulgati
795 2882 836 2906 ala
848 2900 856 2912 ,
877 2890 927 2907 non
942 2882 997 2911 irat,
1019 2878 1063 2905 std·
1081 2886 1177 2915 praeter
1196 2881 1198 2919 1
1255 2888 1294 2906 ix.
1315 2883 1393 2914 Qm
1402 2880 1502 2911 nostrum
1512 2879 1638 2918 negabam]
1659 2879 1752 2913 Inepta
1763 2875 1845 2902 ieetio
1857 2895 1865 2916 ‘.
1875 2885 1952 2916 quam
1964 2876 2051 2911 arguit
2063 2876 2120 2902 Pal.
2129 2885 2172 2913 pr.

1251 2485 1279 2510 6.
1299 2485 1412 2515 Vellentnq
1422 2484 1448 2508 de
1457 2492 1485 2508 ea
1495 2493 1520 2508 re
1529 2484 1625 2518 qim-L]
1647 2483 1791 2510 Lambinus
1801 2483 1904 2510 divinat
1915 2503 1923 2515 ‚
1934 2485 2030 2511 peucine
2041 2495 2047 2510 :
2065 2493 2116 2511 non
2127 2492 2171 2510 re-

223 2912 377 2949 scripturum
399 2917 465 2942 l’all.
485 2918 548 2942 item
569 2917 665 2944 Tusani
685 2917 782 2943 codicis
796 2936 804 2948 ,
831 2916 1109 2951 deniquecditionem
1131 2916 1177 2941 vi-

224 2949 305 2976 &oi-'ii
319 2969 326 2980 ,
346 2960 423 2985 quani
437 2952 510 2985 unice
522 2953 604 2978 niiror
614 2961 652 2979 ita
662 2953 748 2979 statim
759 2952 887 2979 desertam
899 2952 953 2988 post
964 2959 1067 2978 cnutum
1080 2953 1177 2977 Came-

225 2986 338 3017 riannin,
348 2986 446 3025 curunl'it
458 2988 562 3020 optima:
573 2990 709 3022 proxima:
731 2998 815 3015 certe.
835 2988 884 3014 Sed
896 2987 958 3023 quid
971 2987 1062 3014 saeculo
1073 2988 1179 3023 'integro
1199 2992 1200 3010 1

224 3022 377 3083 (3111111011)
397 3030 472 3057 eique
489 3024 642 3056 pizetcrito3
664 3025 708 3060 qui
721 3035 753 3051 ne
773 3023 880 3060 quidem
891 3024 976 3052 aetatis
999 3024 1074 3058 liujus
1094 3022 1178 3050 studia

223 3066 244 3089 a,
259 3065 334 3093 eptus
367 3066 420 3082 uni.

261 3102 288 3128 5.-
307 3096 358 3119 ΛΜ
367 3094 521 3132 ‘fflfflffl'm‘y
541 3099 583 3117 ‘¹¹¹‘
595 3094 687 3126 smper
699 3095 758 3129 fiant
772 3098 798 3122 in
808 3095 896 3131 metm]
916 3095 1011 3125 Malim
1023 3093 1095 3132 quod
1106 3094 1180 3125 estin

224 3128 283 3159 Pal.
292 3137 335 3166 pr.
347 3130 495 3163 afficiantur,
507 3135 571 3156 itcni
577 3131 638 3163 fiat.

1214 2915 1241 2942 in
1253 2925 1318 2952 quo,
1328 2915 1444 2940 credebat.
1464 2915 1538 2946 cujus
1553 2921 1688 2940 veritatem
1701 2919 1810 2939 tuentur
1821 2912 1879 2937 stitis
1891 2911 2065 2948 insequentia.
2086 2921 2175 2949 neque

1198 2954 1199 2960 ¹
1215 2952 1294 2978 aliter
1305 2958 1409 2977 eruerat
1421 2959 1454 2976 ex
1466 2949 1626 2975 membranis
1639 2946 1809 2981 vetustisJos.
1824 2947 1952 2982 Scaliger.

1256 2996 1298 3013 11..
1314 2985 1490 3018 Adeundafimt
1500 2985 1725 3018 qunkpericula.j
1738 2984 1845 3018 l'ul.pr.
1857 2983 1962 3010 videtur
1972 2983 2050 3011 initio
2060 2982 2174 3011 habuisse

1219 3023 1435 3055 adenndaficmfiu
1443 3021 1562 3052 pericula,
1574 3019 1726 3054 factumque
1741 3018 1803 3045 inde
1817 3029 1855 3044 ceu
1866 3019 2077 3056 l'ubdufiiumque
2087 3020 2175 3048 lineo-

1200 3070 1202 3078 ·
1220 3059 1256 3091 la,
1268 3066 1391 3093 tanquam
1402 3055 1573 3090 lirperl‘luuni.

1202 3091 1203 3099 ¹
1260 3103 1301 3129 ¹3·
1312 3092 1379 3119 Illum
1387 3088 1471 3120 ommia
1479 3098 1586 3118 conatum
1588 3091 1686 3127 summ]
1698 3092 1709 3118 1
1713 3097 1739 3120 ta
1748 3099 1839 3119 omnes
1850 3091 1919 3121 Pali.
1928 3101 1973 3120 non
1981 3093 2029 3125 ille,
2039 3090 2174 3129 quomodo

1223 3129 1338 3168 vulgati.

2047 3172 2072 3194 t.
2081 3162 2178 3192 <Animi

2176 814 2216 849 ι7
