2337 3400
99 410 140 440 ¹5

112 1953 152 1986 16

171 63 189 70 s

151 157 245 221 678
558 149 1060 198 M.Tux„1.11

1138 145 1688 192 Crcssaonis

153 238 257 270 nostro
278 237 376 268 studio
389 236 496 276 :cupio
506 234 671 267 deterrere.
694 230 955 273 nepermaneasin
966 230 1087 269 incepto
1101 246 1110 262 ,
1131 233 1135 246 “
1155 229 1203 259 tiae
1222 237 1286 258 non
1307 236 1399 258 tacere
1416 231 1523 258 4tanto
1541 230 1573 259 in
1591 236 1644 259 tuo
1664 235 1794 259 moerore
1811 227 1944 259 tamdiu:
1964 226 2010 259 sed
2029 221 2112 260 adhi-

155 281 226 312 cum
235 280 300 310 duae
311 288 355 309 res
364 277 424 308 ista:
434 278 589 307 contrariae
601 285 651 306 me
662 274 860 306 conturbent:
873 282 910 302 ex
921 271 1030 312 quibus
1043 290 1051 304 ,
1063 279 1113 300 aut

157 325 188 352 in
207 322 294 351 altera
314 319 513 352 mihivelim‚
534 316 552 348 si
563 327 648 359 potes
663 337 672 350 ,
694 316 898 356 obtemperes:
920 314 1014 344 autin
1027 313 1114 343 altera

159 372 223 393 non
234 361 381 392 offendas.
404 360 489 390 Vale.

262 406 306 433 M.
331 404 541 435 CICERO,
566 403 601 432 L.
626 403 691 431 LU
704 400 871 432 CCE1*O‚
892 399 975 439 QF.
990 399 1019 428 S.

273 447 307 475 M
319 454 340 474 N
353 455 363 474 r
377 455 390 474 s
413 453 498 474 amor
516 453 583 474 tuus
602 453 639 473 ex
649 442 793 472 omnibus
802 441 934 482 partibus
946 439 973 469 se
983 436 1114 469 ostendit

264 489 296 516 in
307 487 353 516 his
364 487 480 519 litteris,
491 495 561 526 quas
569 485 584 515 a
595 495 622 515 te
631 484 772 525 proxime
782 485 881 523 accepi
895 493 900 511 :
912 491 976 511 non
987 480 1037 510 ille
1047 481 1116 520 qui-

162 528 231 559 dem
247 529 324 558 mihi
334 531 456 570 ignotus
467 548 475 561 ‚
487 527 534 557 sed
545 536 646 557 tamen
659 535 756 568 gratus
767 546 775 559 ,
789 525 821 556 &
831 533 955 566 optatus.
967 522 1110 554 dicerem,

157 570 309 610 jucundus
321 591 329 604 ‚
354 568 409 600 nisi
431 569 461 600 id
479 569 606 599 verbum
624 570 656 598 in
673 577 767 599 omne
780 577 897 607 ternpus
908 561 1112 606 perdidissem.

160 621 259 654 neque
269 612 309 642 ob
319 622 384 642 eam
397 621 488 642 unam
498 612 616 641 causam
629 631 638 644 ,
650 619 739 651 quam
751 619 782 640 tu
794 609 940 649 suspicaris
951 627 959 641 ‚
974 607 1049 636 &in
1059 614 1116 646 qua

160 664 212 684 me
231 652 387 684 lenissimis
410 654 443 683 &
458 651 666 684 amantissimis
687 652 788 682 verbis
805 661 891 681 utens
910 670 918 682 ,
939 659 969 679 re
990 649 1117 691 graviter

159 696 294 726 accusas:
315 696 363 726 sed
381 695 464 737 quod
481 715 490 728 ,
508 695 592 725 illius
610 696 685 725 tanti
695 694 830 724 vulneris
839 701 906 733 quae
916 689 1048 720 remedia
1058 686 1116 718 esse

161 737 310 768 debebant
322 759 330 771 ‚
341 748 375 767 ea
386 738 468 767 nulla
477 738 554 767 sunt.
577 735 660 776 Qid
672 737 779 766 enirn?
796 734 831 764 ad
842 733 996 763 amicosne
1009 729 1119 761 confu-

161 782 260 821 giam?
276 790 363 820 quam
375 779 562 810 multisunt?
573 779 732 809 habuimus
741 778 824 806 enim
835 775 895 805 fere
905 773 1098 804 communeis
1113 780 1120 800 :

161 831 293 862 quorum
312 822 363 850 alii
396 820 586 852 occiderunt:
609 820 662 850 alii
680 819 781 849 nescio
800 827 860 858 quo
872 815 957 856 pa&o
968 814 1119 844 obdurue—

161 871 240 892 runt.
266 867 275 882 ¹
289 866 407 893 Tecum
425 865 526 893 vivere
543 860 657 902 possem
669 881 677 894 ‚
699 859 840 900 equidem
865 859 896 888 &
909 856 1044 888 maxime
1055 855 1117 886 vel-

162 905 223 934 lem
242 915 247 934 :
269 904 397 935 vetustas
408 925 416 938 ,
440 914 526 935 amor
536 926 544 938 ‚
564 904 751 934 consuetudo
763 922 770 936 ‚
793 900 888 931 studia
895 901 973 941 paria
983 918 991 931 ,
1011 902 1026 917 2
1036 896 1118 938 quod

162 946 300 976 vinclum
314 967 323 979 ,
343 945 420 988 quasi
431 945 512 976 deest
524 945 630 975 nostrae
648 943 886 984 conjunElzionis.
923 938 1120 972 Possumusne

163 990 254 1029 igitur
268 987 327 1018 ess'e
345 991 425 1018 una?
445 998 500 1018 nec
518 986 690 1017 mehercule
703 986 858 1026 intelligo,
879 983 954 1025 quid
964 981 1117 1021 impediat.

165 1030 214 1060 sed
224 1030 301 1060 certe
313 1030 408 1060 adhuc
417 1039 480 1060 non
490 1028 618 1061 fuimus,
633 1027 705 1058 cum
715 1025 842 1057 effemus
852 1028 946 1056 vicini
957 1027 990 1054 in
1001 1023 1119 1054 Tuscu-

165 1072 254 1105 lano,
276 1073 307 1101 in
327 1072 503 1102 Puteolano.
528 1072 608 1100 Nam
631 1069 705 1111 quid
722 1069 820 1100 dicam
839 1070 871 1098 in
883 1067 976 1098 urbe?
993 1068 1025 1095 in
1035 1074 1093 1106 qua
1109 1083 1118 1097 ‚

164 1113 237 1144 cum
255 1113 357 1143 forum
385 1122 554 1143 commune
578 1110 610 1141 sit
623 1132 631 1145 ,
653 1114 791 1141 vicinitas
802 1120 864 1141 non
874 1109 1041 1150 requiritur.
1065 1106 1121 1136 Sed

165 1155 232 1186 casu
246 1155 345 1184 nesc:0
359 1164 420 1194 quo
431 1156 464 1184 in
475 1164 506 1184 ea
515 1163 650 1193 tempora
659 1152 758 1184 nostra
767 1163 833 1183 aetas
845 1152 953 1182 incidit
962 1170 970 1184 ‚
987 1158 1019 1179 ut
1030 1170 1037 1183 ‚
1049 1157 1119 1178 cum

166 1197 303 1226 maxime
324 1195 429 1227 florere
448 1205 505 1226 nos
514 1204 665 1236 oporteret
675 1215 683 1229 ‚
703 1204 767 1225 tum
779 1197 880 1226 vivere
890 1195 980 1223 etiarn
991 1191 1122 1231 puderet.

168 1238 258 1279 Qod
278 1240 362 1267 enim
383 1239 461 1267 mihi
482 1246 595 1277 poterat
606 1235 663 1267 effe
671 1236 842 1279 perfugium
855 1256 862 1270 ‚
885 1235 1010 1275 spoliato
1024 1232 1056 1262 δε
1067 1231 1123 1261 do—

165 1278 309 1312 mesticis,
322 1278 528 1310 &forensibus
538 1281 735 1312 ornamentis,
747 1289 833 1319 atque
849 1278 960 1308 solatiis
974 1279 984 1304 ἓ
1007 1275 1122 1306 litterae,

165 1320 255 1352 credo
269 1341 277 1354 ,
299 1321 408 1361 quibus
427 1330 496 1352 utor
512 1320 633 1351 affidue.
657 1321 738 1363 Qid
756 1323 842 1351 enirn
860 1316 1042 1349 aliudfacere
1053 1315 1124 1355 pos-

164 1363 231 1394 sum
248 1367 258 1389 ?
279 1363 326 1393 sed
338 1363 439 1393 nescio
447 1363 606 1404 quomodo
618 1363 686 1403 ipsae
697 1363 756 1392 111ae
767 1361 924 1392 excludere
934 1368 984 1389 me
993 1358 1103 1398 aportu
1117 1376 1126 1390 ,

168 1405 202 1435 δε
213 1403 348 1446 perfugio
358 1405 500 1435 videntur
513 1426 521 1438 ,
535 1405 567 1435 δε
577 1403 656 1446 quast
669 1404 844 1444 exprobrare
857 1423 865 1437 ,
887 1400 969 1444 quod
980 1403 1013 1430 in
1023 1409 1057 1430 ea
1065 1400 1127 1429 vita

167 1455 306 1477 maneam
320 1466 328 1479 .
350 1449 382 1476 in
399 1457 457 1487 qua
474 1448 553 1477 nihil
573 1445 641 1477 insit
652 1467 661 1478 ,
685 1449 698 1474 3
711 1444 764 1476 nisi
783 1447 954 1486 propagatio
963 1442 1128 1472 miserrimi

167 1490 326 1528 temporis.
348 1488 407 1519 Hic
417 1498 448 1519 tu
460 1499 492 1519 ea
503 1499 552 1518 me
561 1487 656 1519 abeffe
666 1487 737 1518 urbe
749 1490 867 1517 miraris
881 1507 889 1519 ,
909 1488 941 1515 in
951 1494 1008 1525 qua
1016 1483 1127 1513 domus

167 1531 247 1560 nihil
269 1529 415 1561 dele&are
433 1529 520 1571 poffit
538 1533 550 1559 ἓ
579 1530 734 1560 summum
752 1527 786 1559 sit
804 1528 912 1559 odium
931 1534 1103 1566 temporum
1116 1544 1124 1558 ‚

167 1573 333 1601 hominum
346 1591 355 1606 ‚
374 1571 432 1602 fori
445 1592 453 1605 ,
465 1574 554 1602 curiae
566 1580 576 1602 ,2
591 1574 692 1613 Itaque
704 1569 742 1601 fic
754 1571 860 1601 litteris
871 1579 940 1600 utor
949 1588 957 1603 ,
969 1571 1001 1598 in
1016 1567 1127 1608 quibus

167 1613 318 1644 consumo
337 1623 430 1643 omne
450 1622 568 1654 tempus
579 1633 588 1647 ‚
610 1623 673 1643 non
687 1612 764 1643 utab
775 1614 821 1642 his
831 1612 1015 1641 medicinam
1025 1618 1128 1649 perpe-

169 1664 250 1685 tuam
264 1675 272 1688 ³
285 1654 331 1685 sed
345 1665 376 1685 ut
386 1657 526 1697 exiguam
538 1656 652 1686 doloris
664 1655 855 1685 oblivionem
868 1663 979 1694 petam.
1003 1649 1095 1691 Qod
1107 1648 1127 1679 si

169 1697 202 1726 id
212 1695 371 1738 egiss'emus
383 1717 392 1730 ,
414 1707 470 1738 ego
481 1717 489 1731 ‚
503 1706 589 1738 atque
603 1707 634 1727 tu
646 1717 655 1731 ‚
666 1696 747 1738 quod
761 1706 797 1726 ne
812 1698 845 1726 in
855 1703 990 1725 mentem
1001 1692 1127 1734 quidem

169 1738 260 1768 nobis
273 1738 412 1769 veniebat
424 1759 431 1772 ‚
441 1748 561 1779 propter
570 1739 763 1780 quotidianos
775 1747 873 1768 metus
884 1757 892 1771 ,
904 1745 998 1766 omne
1009 1743 1128 1774 tempus

171 1780 231 1811 una
241 1778 399 1810 fuissemus
413 1791 417 1809 z
444 1791 542 1821 neque
556 1791 605 1810 me
613 1780 750 1810 valitudo
760 1789 808 1810 tua
820 1778 986 1810 offenderet
999 1796 1008 1811 ,
1032 1786 1130 1817 neque

171 1830 199 1852 te
220 1831 332 1851 moeror
341 1831 444 1852 meus:
466 1822 547 1862 quod
560 1842 568 1856 ‚
587 1832 732 1863 quantum
744 1820 808 1851 fieri
818 1823 944 1861 poterit,
966 1819 1131 1858 consequa-

169 1873 250 1894 mur.
273 1864 354 1902 Qud
363 1874 446 1894 enirn
457 1863 500 1894 est
510 1865 663 1905 utriusque
673 1861 812 1894 nostrum
824 1863 939 1903 aptius?
950 1860 1129 1901 Propediem

172 1913 200 1935 te
208 1908 299 1946 igitur
310 1906 431 1936 videbo.

359 1950 452 1978 MT.
476 1950 630 1978 CICER
644 1950 670 1977 O
691 1949 771 1977 S.D.
795 1947 956 1976 TITIO.

261 1992 290 2021 T
303 2001 315 2020 s
328 2000 340 2020 1
358 2000 396 2020 ex
415 1990 561 2020 omnibus
582 1991 713 2019 minime
733 1989 801 2019 sum
819 1989 855 2019 ad
875 1998 902 2018 te
913 1985 1131 2017 consolandum

253 2031 498 2063 accommodatus
511 2052 519 2065 ‚
538 2030 620 2073 quod
641 2040 756 2061 tantum
774 2040 812 2060 ex
834 2031 892 2060 tuis
911 2027 1059 2059 molestiis
1069 2029 1135 2068 cepi
1153 2028 1154 2034 ¹

169 2072 285 2103 doloris
297 2094 305 2108 ,
320 2074 568 2104 utconsolatione
580 2074 640 2113 ipse
651 2083 768 2114 egerem
782 2084 787 2101 z
799 2081 897 2103 tamen
909 2091 917 2105 ,
931 2070 1002 2101 cum
1014 2070 1136 2111 longius

172 2114 189 2144 a
209 2115 320 2145 summi
331 2115 429 2146 ludius
441 2115 597 2145 acerbitate
607 2125 692 2144 meus
705 2113 814 2145 abess'et
825 2114 914 2145 dolor
924 2133 933 2146 ‚
946 2113 1113 2153 quamtuus
1125 2131 1134 2144 ‚

170 2154 260 2187 >statui
281 2156 389 2189 nostrae
399 2156 622 2188 neceffitudinis
631 2155 689 2186 effe
699 2177 708 2191 ‚
732 2166 866 2197 meaeque
875 2157 908 2185 in
918 2164 946 2185 te
957 2155 1137 2185 benivolen-

1158 271 1226 301 bere
1243 269 1376 311 aliquam
1396 268 1548 300 modicam
1567 271 1807 301 consolationem
1825 281 1890 312 quae
1910 271 2006 300 levare
2024 270 2114 301 dolo-

1158 321 1222 342 rem
1244 320 1331 342 tuum
1349 308 1461 351 poffet,
1481 308 1501 340 fi
1521 310 1626 341 minus
1643 312 1741 344 sanare
1756 311 1906 353 potuiss'et.
1943 311 1993 343 Est
2010 320 2112 343 autem

1157 354 1324 384 consolatio
1341 352 1512 393 pervulgata
1527 353 1651 393 quidem
1669 354 1720 384 illa
1738 355 1873 384 maxime
1891 374 1900 388 ,
1924 364 2014 395 quam
2034 354 2114 384 sem-

1158 406 1209 437 per
1224 398 1256 425 in
1272 404 1324 425 ore
1342 402 1428 435 atque
1442 396 1474 424 in
1487 396 1592 424 animo
1605 394 1711 425 habere
1723 395 1867 427 debemus
1883 416 1891 431 ,
1916 405 1999 426 stom
2013 406 2023 426 1
2035 405 2056 425 Ν
2068 405 2088 425 E
2099 405 2114 426 s

1160 447 1211 467 Νο
1223 447 1236 466 s
1267 447 1319 467 υτ
1342 445 1441 466 essa
1470 437 1702 466 meminerimus
1722 457 1730 470 ,
1761 447 1796 468 ea
1813 439 1876 480 lege
1895 447 1979 469 natos
1997 458 2005 472 ‚
2030 446 2062 468 ut
2079 446 2114 467 0-

1161 479 1283 510 mnibus
1297 477 1364 508 telis
1379 477 1509 508 fortunae
1524 475 1672 518 proposita
1688 476 1721 508 fit
1733 481 1793 509 vita
1809 479 1926 511 nostra:
1945 489 2041 521 neque
2055 477 2114 510 effi:

1161 520 1354 551 recusandum
1369 540 1378 555 ,
1402 518 1568 561 quominus
1586 529 1618 550 ea
1635 539 1643 554 ,
1667 518 1726 561 qui
1741 523 1802 551 nati
1821 521 1922 552 sumus
1934 542 1942 556 ,
1962 521 2114 552 conditio-

1160 573 1197 594 ne
1211 565 1365 593 vivamus:
1383 570 1459 592 neve
1476 569 1536 591 tam
1552 563 1679 603 graviter
1697 571 1748 592 eos
1765 563 1846 593 casus
1863 563 1993 593 feramus
2005 584 2013 598 ,
2037 571 2114 604 quos

1160 605 1247 635 nullo
1265 603 1392 635 consilio
1411 606 1503 633 vitare
1519 601 1673 644 poffimus.
1703 604 1875 644 eventisque
1895 606 2024 635 aliorum
2048 614 2116 634 rne-

1161 648 1256 677 moria
1274 645 1442 686 repetendis
1464 665 1472 678 ,
1495 645 1574 675 nihil
1592 643 1726 675 accidisse
1745 646 1834 675 nobis
1847 650 1920 676 novi
1933 649 2114 687 cogitemus.

1162 691 1270 729 Neque
1290 689 1334 718 ha:
1346 708 1354 722 ‚
1379 697 1478 728 neque
1495 695 1597 717 ceterae
1613 686 1836 717 consolationes
1848 707 1855 720 ‚
1873 697 1939 728 quae
1954 688 2022 718 sunt
2037 688 2053 718 a
2071 688 2116 719 sa-

1159 727 1350 771 pientissimis
1367 732 1440 759 viris
1458 728 1618 769 usurpatae,
1647 732 1660 757 5
1671 731 1885 770 memoriaeque
1896 730 2003 759 litteris
2015 729 2119 769 prodi-

1161 782 1207 806 tae,
1219 781 1334 802 tantum
1353 771 1493 802 videntur
1505 769 1647 811 proficere
1663 770 1780 804 debere,
1794 780 1941 812 quantum
1956 770 2117 811 statusipse

1162 813 1268 844 nostrae
1284 815 1412 844 civitatis
1423 833 1431 846 ‚
1449 811 1465 832 ⁶
1478 813 1510 842 &
1521 814 1582 842 haec
1590 812 1773 853 perturbatio
1792 821 1964 853 temporum
1983 813 2119 853 perdito-

1161 865 1246 887 rum:
1268 855 1341 886 cum
1362 852 1520 885 beatiffimi
1538 853 1612 887 sint,
1637 856 1689 894 qui
1708 854 1818 884 liberos
1837 864 1901 884 non
1919 854 2117 895 susceperunt:

1162 896 1267 928 minus
1279 906 1378 927 autem
1394 896 1505 930 miseri,
1517 898 1569 937 qui
1581 897 1626 926 his
1640 895 1825 936 temporibus
1838 897 2012 931 amiserunt,
2026 897 2117 937 quam

1163 939 1183 969 si
1194 940 1316 970 eosdem
1327 938 1416 972 bona,
1427 946 1475 969 aut
1486 938 1617 979 denique
1629 938 1727 978 aliqua
1736 947 1795 978 rep.
1807 936 2013 977 perdidiss‘ent.
2026 937 2119 979 Qibd

1166 981 1187 1012 si
1206 991 1293 1011 tuum
1306 990 1332 1011 te
1340 979 1519 1011 desiderium
1531 990 1636 1010 movet
1647 999 1655 1012 ,
1676 988 1725 1009 aut
1736 978 1755 1009 fi
1767 988 1883 1010 tuarum
1896 989 1996 1010 rerum
2007 982 2121 1021 cogita·

1163 1026 1247 1054 tione
1259 1032 1366 1053 moeres
1377 1033 1383 1053 t
1394 1032 1457 1052 non
1465 1021 1554 1053 facile
1564 1022 1714 1052 exhauriri
1725 1021 1779 1051 tibi
1789 1020 1879 1051 istum
1890 1021 2028 1051 dolorem
2039 1020 2122 1062 posit·

1165 1065 1341 1096 universum
1357 1072 1441 1104 puto.
1461 1063 1503 1093 fin
1518 1063 1570 1093 illa
1580 1072 1607 1093 te
1618 1072 1662 1093 res
1676 1065 1804 1097 cruciat,
1824 1073 1889 1104 quae
1900 1066 1995 1103 magis
2006 1066 2119 1094 amoris

1165 1105 1218 1139 est.
1231 1114 1264 1136 ut
1274 1115 1380 1135 eorum
1397 1125 1405 1138 ,
1424 1104 1659 1146 quiocciderunt
1670 1124 1678 1138 ‚
1700 1105 1831 1134 miserias
1841 1105 1937 1146 lugeas
1955 1114 2045 1136 ·utea
2055 1115 2120 1136 non

1167 1148 1264 1177 dicam
1278 1167 1287 1181 ‚
1310 1156 1376 1187 quae
1387 1145 1541 1186 saepiffime
1554 1146 1586 1175 δε
1601 1147 1659 1187 legi
1674 1165 1683 1178 ,
1702 1146 1735 1176 &
1745 1146 1847 1176 audivi
1861 1167 1869 1179 ,
1890 1148 1969 1177 nihil
1979 1148 2051 1177 mali
2062 1145 2122 1177 ess'e

1165 1191 1198 1219 in
1209 1198 1320 1221 morte,
1331 1190 1364 1218 in
1376 1197 1432 1228 qua
1442 1186 1463 1217 si
1473 1186 1593 1217 refideat
1602 1187 1713 1220 sensus,
1728 1188 1938 1218 immortalitas
1946 1189 1998 1218 illa
2006 1187 2121 1229 potius,

1164 1230 1257 1272 quam
1269 1240 1352 1260 mors
1362 1229 1497 1259 ducenda
1507 1227 1539 1259 fit
1552 1239 1557 1258 1
1578 1227 1620 1258 sin
1634 1227 1667 1259 fit
1674 1227 1793 1258 amiffus
1808 1249 1816 1261 ,
1833 1229 1916 1259 nulla
1924 1230 2019 1260 videri
2033 1231 2125 1261 mise-

1165 1276 1207 1303 ria
1225 1272 1345 1305 debeat²
1364 1281 1430 1312 quae
1454 1281 1517 1301 non
1536 1270 1695 1300 sentiatur:
1714 1271 1773 1300 hoc
1790 1278 1891 1300 tamen
1910 1281 1974 1301 non
1984 1271 2123 1302 dubitans

1166 1313 1347 1346 confirmare
1364 1311 1483 1353 poss'um
1494 1333 1502 1347 ‚
1519 1322 1552 1343 ea
1569 1313 1706 1345 misceri,
1725 1315 1836 1352 parari,
1854 1313 2029 1353 impendere
2047 1316 2122 1354 reip.

1168 1368 1235 1399 quae
1258 1358 1310 1397 qui
1331 1356 1508 1396 reliquerit,
1529 1354 1616 1384 nullo
1635 1354 1730 1384 modo
1740 1355 1816 1384 mihi
1825 1355 2123 1396 quidem7deceptus

1170 1398 1229 1430 effe
1247 1398 1396 1428 videatur.
1419 1396 1501 1439 Qid
1514 1395 1557 1426 est
1566 1397 1718 1435 enimJ'am
1728 1405 1792 1425 non
1803 1396 1897 1426 modo
1905 1397 2014 1436 pudori
2024 1417 2033 1431 ‚
2055 1407 2127 1437 pro-

1168 1441 1253 1472 bitati
1264 1460 1273 1474 ‚
1293 1440 1416 1472 virtuti,
1436 1437 1524 1469 reffis
1536 1437 1642 1468 studiis
1661 1457 1669 1471 ,
1683 1437 1772 1467 bonis
1782 1437 1911 1472 artibus,
1933 1439 1982 1468 sed
1993 1441 2126 1469 omnino

1169 1483 1309 1515 libertati,
1322 1491 1354 1512 ac
1365 1481 1451 1511 saluti
1459 1481 1532 1511 loci?
1542 1489 1615 1512 non,
1629 1479 1810 1513 mehercule,
1822 1489 2007 1520 quemquam
2022 1480 2126 1511 audivi

1170 1526 1229 1555 hoc
1236 1521 1408 1566 gravissimo
1417 1542 1426 1557 ‚
1438 1520 1679 1562 pestilentissimo
1688 1525 1769 1551 anno
1779 1541 1787 1554 ,
1797 1521 2067 1556 adolescentulum,
2078 1530 2127 1552 aut

1171 1575 1297 1607 puerum
1318 1573 1495 1597 mortuum,
1518 1565 1572 1605 qui
1588 1564 1667 1593 mihi
1684 1572 1750 1593 non
1769 1558 1783 1582 8
1802 1563 1817 1593 ‘a
1835 1562 2130 1594 diisimmortalibus

1172 1616 1315 1648 exceptus
1337 1617 1376 1637 ex
1387 1607 1434 1636 his
1443 1606 1572 1636 miseriis
1583 1625 1592 1638 ,
1611 1614 1698 1646 atque
1706 1614 1745 1634 ex
1755 1603 1942 1645 iniquissima
1951 1605 2130 1636 conditione

1171 1653 1240 1681 vitae
1251 1670 1260 1684 ,
1283 1648 1442 1680 videretur.
1467 1650 1564 1689 Qare
1577 1667 1586 1680 ‚
1602 1645 1622 1676 si
1641 1646 1696 1677 tibi
1707 1655 1805 1676 unum
1814 1648 1872 1676 hoc
1882 1647 1995 1678 detrahi
2009 1646 2126 1688 potest,

1172 1691 1285 1733 nequid
1306 1693 1362 1724 im,
1381 1699 1458 1731 quos
1477 1688 1598 1722 amasti,
1621 1689 1693 1719 mali
1703 1697 1788 1728 putes
1801 1687 1974 1730 contigisse:
1994 1689 2130 1730 permul-

1172 1734 1240 1764 tum
1262 1735 1317 1763 erit
1334 1742 1373 1762 ex
1392 1741 1523 1762 moerore
1546 1730 1810 1761 tuodirninutum.
1833 1732 2130 1771 Relinqueturenim

1172 1775 1300 1815 fimplex
1318 1774 1371 1803 illa
1386 1774 1450 1813 jam
1459 1782 1528 1803 cura
1538 1771 1651 1803 doloris
1663 1774 1705 1802 tui
1719 1791 1727 1805 ‚
1745 1782 1810 1812 quae
1820 1781 1884 1802 non
1894 1773 2036 1802 cumillis
2044 1782 2133 1803 corn-

1173 1816 1395 1848 municabitur‚
1413 1815 1463 1845 sed
1482 1814 1518 1845 ad
1537 1823 1564 1844 te
1584 1814 1684 1854 ipsum
1705 1813 1827 1854 proprie
1850 1812 2008 1844 referetur:
2028 1816 2061 1844 in
2072 1822 2131 1855 qua

1175 1869 1239 1889 non
1258 1857 1301 1888 est
1319 1858 1379 1898 jam
1405 1857 1554 1898 gravitatis
1571 1866 1603 1886 ac
1614 1856 1763 1895 sapientiae
1773 1864 1830 1886 tuae
1841 1875 1850 1889 ‚
1869 1865 1961 1896 quam
1973 1855 2133 1896 tuapuero

1174 1899 1334 1941 praestitisti
1353 1918 1362 1933 ‚
1395 1901 1469 1929 terre
1491 1896 1723 1928 immoderatius
1743 1897 1843 1928 casum
1859 1898 2134 1929 incommodorum

1176 1952 1298 1973 tuorum
1310 1962 1318 1975 ,
1338 1939 1433 1982 quifit
1441 1941 1479 1971 ab
1487 1949 1611 1973 eorum,
1630 1949 1707 1980 quos
1717 1939 1858 1970 dilexeris
1873 1959 1882 1973 ‚
1907 1940 2027 1970 miseria
2036 1940 2136 1970 malo-

1176 1995 1234 2027 que
1244 1983 1405 2021 sejunCAEus.
1427 1985 1551 2014 Etenim
1562 1991 1633 2012 eum
1643 1981 1758 2021 semper
1767 1990 1806 2016 te,
1819 1981 1852 2012 δε
1860 1983 1983 2022 privatis
1992 1984 2024 2012 in
2034 1981 2134 2015 rebus,

1183 2028 1215 2057 &
1237 2026 1367 2067 publicis
1379 2024 1539 2066 praestitisti
1554 2044 1563 2057 ,
1583 2023 1693 2054 tuenda
1703 2023 1758 2054 tibi
1768 2022 1844 2054 utfit
1852 2025 1998 2066 gravitas,
2017 2023 2136 2054 &con-

1177 2068 1291 2099 stantiae
1310 2067 1512 2098 serviendum.
1535 2068 1618 2096 Nam
1633 2085 1642 2099 ‚
1660 2065 1744 2106 quod
1762 2065 1883 2096 allatura
1895 2064 1938 2096 est
1950 2066 2011 2106 ipsa
2019 2065 2136 2095 diutur-

1178 2113 1254 2141 nitas
1266 2130 1274 2144 ‚
1293 2120 1359 2151 quae
1378 2111 1532 2140 maximos
1549 2107 1648 2138 luctus
1657 2107 1800 2138 vetustate
1812 2108 1911 2140 tollit,
1930 2111 1946 2134 9
1957 2107 1987 2137 id
1997 2117 2054 2137 nos
2062 2116 2139 2147 prat-

1178 2154 1278 2194 cipere
1298 2150 1427 2183 confilio
1445 2150 1665 2191 prudentiaque
1684 2149 1841 2180 debemus.
1872 2151 1997 2180 Etenim
2015 2147 2035 2178 fi
2055 2148 2138 2179 nulla

1993 2199 2140 2230 umquam

214 2295 238 2312 ι.
257 2286 337 2311 'recum
346 2289 429 2311 vivere
435 2286 515 2319 poff'em
529 2304 536 2317 ‚
556 2286 659 2320 equidem
668 2286 697 2316 &¹
707 2289 808 2311 maxirne
824 2286 905 2311 vellem
911 2284 931 2318 .]
955 2284 1036 2309 Hunc
1046 2283 1134 2309 locum

173 2326 246 2358 paene
258 2321 327 2348 solus
339 2321 476 2348 intellexit
486 2321 621 2348 Vlclorius
635 2342 642 2352 ,
661 2328 691 2348 nt
702 2321 822 2357 exipsius
833 2320 1004 2347 distinstffine
1014 2327 1134 2355 apparet,

173 2360 255 2394 quani
268 2358 295 2383 &
305 2367 351 2384 nos
362 2357 545 2393 expressimus.
566 2358 643 2383 Deeit
653 2357 724 2383 enim
735 2357 865 2397 particula
877 2357 901 2389 fi
909 2355 950 2381 vel
961 2359 1054 2381 utinam
1064 2355 1090 2380 δι
1104 2355 1137 2381 fic

174 2395 210 2421 est
222 2394 246 2421 in
260 2393 326 2419 Pall.
340 2393 418 2429 prim.
440 2394 468 2419 &
480 2394 571 2419 tertio.
592 2402 650 2418 nam
664 2393 720 2419 Pal.
732 2395 782 2419 lec.
801 2400 875 2418 rccnm
884 2391 985 2424 equidem
995 2391 1138 2423 vivenepos-

168 2432 218 2464 fini
230 2450 237 2461 ,
256 2431 285 2459 c}-
294 2439 360 2455 max.
371 2431 425 2455 vell.
446 2429 593 2455 Lambinus
615 2428 657 2454 has
670 2428 809 2464 scripturas
823 2447 831 2459 ,
850 2426 912 2463 quia
929 2426 955 2451 in
967 2426 1044 2461 ipsius
1055 2426 1139 2461 capite

177 2475 228 2493 nou
240 2465 395 2492 oriebantur
406 2484 414 2496 ‚
436 2464 540 2491 vitiosas
552 2464 699 2501 proclamat
711 2484 718 2496 ,
740 2464 894 2499 mavultque
905 2470 937 2488 ex
959 2461 1003 2487 suo
1014 2461 1135 2496 ingenio,

177 2504 257 2528 ficum
275 2505 358 2528 vivere
373 2502 431 2534 poffe
448 2502 550 2535 equidem
561 2504 663 2526 maxime
671 2502 770 2533 «κώμη,-
789 2501 816 2527 in
835 2507 913 2535 quem
926 2503 1012 2523 tamen
1025 2506 1139 2533 propen-

179 2538 224 2564 det
237 2538 280 2564 l’al
287 2558 293 2564 .
303 2545 392 2573 quart.
403 2537 469 2563 liber
479 2536 564 2563 dubia:
574 2535 636 2562 fidei
647 2546 655 2568 ;
674 2541 755 2562 ‘Tecum
763 2539 850 2562 vivere
858 2535 947 2568 poffkm,
959 2534 1062 2567 equidem
1071 2534 1140 2558 velle.

179 2576 310 2600 Canterus
322 2582 408 2599 tamen
419 2573 571 2600 correctum
583 2572 647 2603 ibat,
657 2574 737 2598 'retum
746 2576 831 2599 vivere
838 2571 916 2604 poffim
930 2589 937 2600 ‚
947 2570 1050 2603 equidem
1060 2572 1140 2594 maxi-

182 2612 314 2636 mezcllcm.
336 2610 393 2636 Pal.
412 2610 499 2645 quint.
519 2614 600 2635 ‘recum
609 2612 694 2634 vivere
709 2610 789 2641 pofflm
801 2628 809 2640 ,
828 2607 966 2638 &maxime
984 2605 1076 2639 quidem
1086 2607 1138 2630 vel-

183 2647 235 2671 .·'em.
255 2645 396 2672 Catullus:
419 2650 499 2671 Tecum
515 2645 594 2670 ludere
604 2647 639 2680 stc
656 2652 683 2671 ut
699 2645 751 2678 ipsa
763 2646 856 2679 pqffim.
876 2651 936 2670 nam
956 2642 984 2668 8<
1002 2641 1038 2668 ibi
1057 2641 1140 2674 deest,

182 2682 320 2714 Ab'xmdv.

219 2734 248 2752 2.
266 2727 332 2759 §.god
339 2729 446 2753 vinclum
455 2728 522 2761 quasi
539 2727 602 2752 deef?
617 2728 696 2759 nostr:
705 2725 894 2760 conjunflionis]
919 2725 961 2751 Sic
971 2725 1006 2751 etl:
1017 2724 1043 2751 in
1056 2724 1139 2751 Palat.

184 2771 224 2797 pr.
236 2772 264 2788 ac
276 2763 358 2789 ratic.
369 2763 483 2798 denique
494 2763 610 2789 editione
621 2763 735 2790 vietor-ii
748 2773 754 2789 z
777 2760 823 2788 nisi
835 2760 905 2797 quod
917 2761 964 2787 ille
981 2762 1143 2795 conjunffloni.

187 2798 295 2833 Vulgati
307 2799 380 2830 libri,
390 2800 449 2833 quod
457 2801 581 2824 vinculum
591 2807 639 2833 1711ae
649 2809 685 2825 res
695 2799 765 2824 Aeefr.
787 2797 830 2824 sed
840 2797 898 2824 Pal.
909 2797 958 2823 sec.
971 2798 1052 2823 Grut.
1063 2798 1142 2823 [Aen.

185 2842 218 2859 ex
232 2842 342 2869 utraque
363 2843 435 2871 pirte
455 2835 581 2861 inendoli.
602 2835 691 2871 paullo
708 2835 763 2870 post
775 2833 840 2859 Pali.
861 2842 901 2869 pr.
913 2832 961 2860 sec.
974 2839 1037 2859 tert.
1058 2841 1086 2858 ne
1095 2841 1144 2857 me-

184 2870 286 2895 hercule.
305 2879 391 2905 quart.
412 2880 474 2896 num
484 2872 610 2896 mehercule
620 2891 628 2903 ,
647 2881 701 2897 non
712 2879 753 2896 nce
771 2871 870 2895 mcherc.
889 2869 917 2895 ὅτ
928 2867 996 2896 Pall.
1017 2868 1066 2895 see.
1078 2875 1143 2894 tert.

187 2907 273 2931 Stew.
285 2907 415 2937 impeditas.
427 2907 542 2941 legerem
553 2916 627 2942 ergo:
641 2910 675 2933 Νε
685 2907 810 2932 malm-cule
818 2906 925 2938 intelligo,
936 2906 996 2939 quid
1002 2905 1125 2937 impeditas
1136 2909 1145 2930 .¹

187 2940 309 2967 miratum
322 2942 391 2967 enim
404 2943 428 2968 in
441 2952 468 2968 re
478 2942 657 2969 confirmanda
667 2942 797 2969 severiore
810 2961 817 2973 ,
827 2942 963 2977 geminare
974 2940 1143 2967 asseveratio—

185 2977 380 3003 nein.Omnino
392 2978 572 3005 antecedentia
580 2988 610 3005 ac
620 2978 756 3014 sequentia·
764 2978 828 3004 lianc
839 2976 1144 3004 leffionemdeflderant.

226 3020 252 3048 3.
269 3014 321 3046 Ntfi
334 3016 470 3046 propagatio
488 3015 750 3049 mfirrimiremporit]
772 3015 836 3040 Non
856 3013 980 3049 intelligo
990 3013 1144 3049 scripturam

187 3048 272 3074 Palat.
284 3048 332 3074 sec.
341 3052 484 3081 properatio:
497 3051 583 3084 quarti
595 3051 658 3077 item
666 3053 830 3084 propugnatio.
851 3049 906 3076 Alii
917 3049 1008 3077 dicant
1017 3048 1144 3076 curiolio-

183 3091 237 3115 κε,
249 3083 349 3120 semper
361 3093 456 3110 novare
468 3086 550 3120 parati
563 3096 568 3111 :
592 3086 686 3121 quibus
697 3085 833 3113 adnotavi.

218 3128 246 3152 4.
257 3122 364 3146 Tauroin
373 3128 411 3146 ruo
420 3130 512 3145 maroa-e
520 3121 638 3156 tamdiu]
660 3123 725 3148 Haec
733 3123 823 3149 omnia
834 3121 911 3148 habet
920 3130 969 3158 pro
978 3120 1062 3157 glossa
1071 3121 1145 3147 Gru-

178 3161 259 3183 terus
271 3157 358 3183 noster
368 3156 433 3183 ficut
444 3156 548 3182 &illud
560 3157 648 3192 paullo
659 3158 725 3190 post,
732 3159 839 3191 pomiffir
848 3159 911 3184 item
923 3159 1034 3183 modicam
1045 3158 1146 3191 consola-

180 3195 274 3226 tionem,
286 3193 433 3229 malletque
446 3191 531 3220 solum
543 3192 594 3228 legi
609 3212 617 3225 ,
628 3203 662 3220 me
672 3201 760 3221 tacere.
771 3195 814 3228 sed
822 3193 932 3221 adhibere
941 3195 1026 3229 aliqua
1037 3212 1046 3226 ,
1056 3202 1105 3229 qua
1113 3195 1148 3219 le-

1180 2290 1243 2308 vare
1255 2281 1349 2307 dolorem
1357 2288 1425 2306 mum
1430 2281 1557 2314 poſjbnt,fi
1563 2280 1747 2312 minus-sanare.
1758 2287 1816 2314 quae
1825 2285 1911 2305 tamen
1923 2276 2069 2313 praeferunt
2080 2275 2137 2304 mss'.

1181 2326 1274 2344 omnes

1220 2362 1246 2386 5.
1270 2356 1432 2386 Memoriaequc
1440 2352 1526 2377 litteris
1537 2351 1660 2384 prodita]
1681 2350 1753 2376 Male
1765 2349 1846 2384 vulgo
1856 2349 1883 2374 δί
1895 2348 2014 2375 inserunt
2027 2357 2088 2375 :inte
2097 2350 2142 2375 Iit-

1180 2390 1237 2414 teris
1247 2399 1254 2413 .·
1264 2397 1323 2414 nam
1336 2388 1432 2413 litteris
1444 2396 1485 2412 res
1495 2387 1630 2413 memor-ise
1647 2384 1939 2421 produntur,beneficio
1950 2385 2099 2412 litterarum
2111 2385 2141 2411 δε

1182 2424 1291 2450 scientia
1301 2430 1346 2450 aut
1357 2432 1417 2459 ope.
1436 2421 1469 2448 fic
1479 2430 1567 2449 autem
1579 2422 1673 2457 legunt
1690 2431 1717 2448 o.
1729 2421 1797 2447 Pall.
1809 2422 1890 2448 Grut.
1903 2421 2036 2448 Stexvech.
2045 2420 2141 2448 νίξὶο-

1185 2460 1216 2486 rii
1228 2459 1323 2485 editio.

1221 2496 1249 2521 6.
1271 2498 1304 2521 Et
1312 2495 1512 2528 haecperturbario
1537 2501 1662 2526 temporum
1684 2493 1855 2527 perditarum]
1878 2493 1945 2520 Pall.
1962 2502 2002 2530 pr.
2014 2492 2063 2520 sec.
2076 2495 2141 2520 tert.

1186 2531 1273 2567 quint.
1284 2530 1393 2567 superne
1403 2532 1506 2564 probatio
1515 2529 1602 2565 squod
1613 2530 1678 2556 &in
1690 2530 1855 2556 Gruteriano
1865 2529 1978 2562 crat,sed
1989 2529 2140 2556 corrthum

1209 2568 1298 2603 postea
1318 2569 1461 2600 exprobatio.

1222 2612 1249 2638 7.
1268 2607 1382 2636 Deceptus
1399 2603 1441 2636 effe
1453 2602 1593 2636 videatur]
1614 2601 1691 2628 Nihil
1714 2601 1871 2629 mutandum
1883 2613 1889 2629 :
1912 2611 1972 2630 nani
1992 2601 2017 2628 in
2037 2608 2144 2637 permu-

1185 2640 1287 2667 tatione
1303 2639 1403 2666 dicitnr
1413 2638 1500 2675 decipi
1511 2659 1519 2671 ‚
1538 2640 1601 2664 cum
1612 2637 1728 2665 deterius
1747 2639 1879 2675 acceperit
1889 2659 1896 2671 ,
1920 2638 2031 2664 meliore
2042 2636 2143 2663 amisso.

1188 2676 1308 2703 videatur
1330 2675 1417 2702 Plauti
1437 2677 1595 2701 Trinumus.
1615 2675 1658 2700 Sic
1680 2675 1775 2701 habent
1794 2683 1886 2701 omnes
1906 2674 1975 2700 Pan.
1994 2674 2076 2699 Grut.
2097 2672 2144 2698 nist

1186 2712 1255 2750 quod
1275 2713 1302 2739 in
1313 2712 1363 2738 sec.
1373 2713 1471 2745 Accepto.
1494 2710 1623 2738 frivolum
1634 2720 1698 2747 ergo
1708 2711 1822 2737 aliorum
1833 2711 1938 2743 direptus
1947 2716 1992 2736 aut
2002 2715 2105 2741 ereptm.
2126 2707 2128 2709 ’

1224 2750 1250 2775 8.
1269 2751 1293 2776 A
1303 2749 1347 2774 diis
1356 2749 1527 2774 inominalibus
1535 2754 1645 2780 exceptus
1653 2757 1682 2773 ex
1699 2748 1735 2774 his·
1752 2747 1875 2781 miseriis]
1897 2743 2095 2780 Elegantiffima
2106 2743 2143 2771 est

1187 2784 1241 2811 hrec
1252 2784 1367 2811 Vie‘torii
1378 2784 1460 2810 leffio
1472 2801 1480 2815 ‚
1499 2792 1577 2818 quein
1587 2784 1615 2809 δε
1626 2783 1670 2809 hic
1682 2784 1757 2813 (utin
1779 2782 1912 2813 omnibus)
1933 2780 2034 2816 sequuti
2046 2779 2145 2806 sumus.

1188 2821 1280 2848 Nostri
1292 2821 1349 2848 fere
1359 2829 1451 2846 omnes
1460 2826 1554 2851 ereptus·
1565 2838 1572 2849 ,
1583 2818 1655 2854 quod
1665 2819 1775 2854 glossam
1786 2818 1883 2853 resipit.
1904 2823 1970 2842 tert.
1989 2823 2097 2849 eruptus.
2117 2816 2146 2841 Sc

1189 2857 1294 2885 videtur
1306 2857 1362 2884 Pal.
1382 2856 1467 2892 quint.
1479 2855 1592 2880 habuisse
1603 2854 1667 2890 quid
1687 2854 1770 2881 simile
1782 2872 1790 2884 ‚
1811 2862 1872 2879 nam
1893 2851 2007 2878 rasuram
2028 2852 2144 2888 excepit.

1189 2894 1283 2921 Paullo
1295 2893 1350 2929 post
1359 2901 1408 2928 pro
1410 2892 1543 2925 sejunflm,
1554 2890 1611 2916 Pal.
1621 2890 1709 2926 quint.
1720 2890 1815 2923 miseria
1823 2891 1926 2923 maloque
1935 2889 2068 2923 dqjunfius.
2081 2894 2148 2924 puto

1190 2928 1371 2966 reponendum
1382 2928 1501 2963 dffunffur
1510 2934 1540 2952 ut
1551 2926 1624 2961 stipi-a
1634 2925 1787 2960 aliquoties.

1224 2975 1252 3002 9.
1272 2967 1302 2993 Id
1308 2966 1477 2998 nospraecipere
1486 2963 1598 2995 confiHo.]
1619 2962 1661 2987 Sic
1671 2961 1706 2988 est
1716 2962 1742 2988 in
1754 2960 1872 2987 editione
1882 2960 1979 2997 prima,
1994 2958 2149 2986 admonuit-

1189 3011 1241 3038 que
1252 3001 1407 3028 Viostori'us:
1426 2998 1570 3033 iuvenique
1588 2998 1638 3023 hoc
1649 2997 1719 3023 verbi
1740 2998 1765 3023 in
1788 2997 1855 3023 Pall.
1867 3006 1907 3033 pr.
1947 2997 2014 3023 uint.
2054 3004 2148 3021 uorum

1190 3038 1233 3065 hic
1242 3037 1351 3074 glossam
1363 3035 1440 3062 habet
1449 3033 1480 3060 ad
1499 3033 1656 3060 interiorem
1667 3043 1740 3060 orani
1762 3036 1905 3066 anticipare.
1957 3042 1989 3059 oc
2001 3006 2109 3058 vei-ioum
2121 3031 2151 3056 Sc

1189 3074 1248 3100 aliis
1267 3071 1435 3108 scriptoribus
1455 3070 1617 3096 restituimus
1631 3070 1657 3096 in
1678 3068 1884 3105 crepundiorum
1903 3069 2051 3095 nostrorum
2074 3067 2151 3093 vesti-

1191 3109 1264 3136 bulo.
1286 3109 1407 3135 ceterum
1417 3106 1505 3133 statim
1515 3114 1575 3133 ante
1586 3105 1643 3132 l’al.
1654 3105 1703 3132 sec.
1716 3106 1783 3141 legit
1796 3125 1803 3137 ‚
1813 3115 1862 3139 quae
1872 3108 1985 3132 maximos
1995 3106 2073 3129 turim
2083 3105 2152 3133 rodit,

1190 3149 1284 3177 omiss‘o
1301 3144 1347 3185 τῷ
1358 3149 1477 3178 vetustate
1488 3166 1495 3179 ‚
1506 3145 1577 3183 quod
1589 3155 1618 3173 ut
1627 3145 1738 3183 glossam
1750 3146 1823 3174 reeh
1833 3145 1913 3174 ctiam
1923 3143 2040 3172 advertit
2052 3143 2154 3170 Henri·

1191 3199 1236 3218 cus
1247 3189 1394 3226 Stephanus
1405 3185 1453 3215 lib.
1468 3196 1508 3215 n.
1520 3187 1756 3216 Schedialinatum.
2104 3220 2127 3252 ff
2141 3221 2145 3225 .

2043 3229 2065 3247 ι.
2085 3224 2101 3247 0
2118 3228 2156 3245 »210
