2379 3400
291 116 424 166 ‘1062
698 108 770 156 M.
839 105 1214 153 'TULLlr

292 209 356 231 non
372 217 382 231 ,
401 192 533 226 exercitu
550 189 658 222 amisso
676 209 686 224 ‚
707 188 807 220 nudus
827 189 861 218 in
878 188 1032 219 servorum
1053 186 1166 218 ferrum
1178 205 1187 221 ,
1215 184 1250 216 &

295 247 401 271 manus
418 233 567 267 incidiss'et
580 244 584 262 :
611 241 676 262 non
697 231 785 261 liberi
806 229 909 261 defleti
922 241 928 259 :
949 239 1014 260 non
1029 229 1160 259 fortunae
1178 237 1252 258 om·

295 290 348 312 nes
379 280 395 309 a
419 275 585 307 vi&oribus
609 271 834 313 poffiderentur.
869 273 923 314 qui
941 291 951 306 ,
978 270 1001 301 si
1031 280 1162 301 mortem
1182 279 1249 300 tum

293 319 402 352 obill'et
422 339 430 353 ‚
457 321 487 348 in
505 313 696 356 ampliffimis
717 314 849 345 fortunis
868 311 1034 344 occidiss'et.
1067 315 1093 343 is
1110 321 1251 353 propaga·

293 365 379 395 tione
409 363 477 391 vitae
505 366 580 399 quot
601 377 609 391 ‚
639 366 762 398 quantas
781 375 790 391 ,
819 355 910 397 quam
937 355 1142 387 incredibileis
1161 351 1254 385 hausit

296 404 477 436 calamitates
501 403 512 429 ?
545 401 575 430 H
586 409 616 429 Ε
629 409 648 428 c
670 408 769 429 morte
790 397 976 439 effugiuntur
997 417 1006 432 ‚
1035 399 1126 428 etiam
1149 395 1169 426 fi
1188 406 1252 426 non

295 446 471 477 evenerint,
491 451 596 472 tamen
613 442 684 482 quia
705 438 826 481 poss'unt
836 442 966 470 evenire.
990 439 1039 470 sed
1061 440 1203 470 homines
1220 448 1253 469 ea

297 486 350 518 sibi
361 486 491 517 accidere
510 482 591 523 poffe
614 493 677 513 non
697 484 842 522 cogitant.
867 482 986 512 Metelli
1003 482 1096 522 sperat
1109 480 1254 522 fibiquis-

295 539 354 570 que
365 528 518 558 fortunam
530 536 535 554 :
557 525 669 565 proinde
677 524 759 566 quast
765 524 1068 565 aurpluresforrunari
1074 522 1134 565 ssnt
1144 543 1152 557 ,
1166 519 1255 564 qua‘tm

295 570 430 610 infelices,
441 576 494 597 aut
503 577 538 596 cei
547 574 570 595 rt
582 567 742 609 quidquam
744 567 785 608 fit
795 567 825 595 in
835 565 913 595 rebus
921 566 1050 595 humanis
1061 585 1069 599 ,
1084 573 1139 594 aut
1150 565 1256 604 sperare

290 612 331 655 fir
338 612 512 655 prudentius,
524 619 612 651 quam
622 616 728 638 tzmere.
751 608 808 640 Sed
818 609 878 639 hoc
888 610 896 638 i
900 608 986 648 psum
997 607 1187 641 concedatur,
1200 607 1255 636 bo-

296 656 345 685 nis
358 655 444 684 rebus
455 654 597 682 homines
609 660 706 681 morte
724 652 833 691 privari
846 660 851 680 :
875 659 945 691 ergo
954 652 1045 680 etiam
1058 659 1153 680 carere
1173 658 1257 678 mor-

297 706 367 728 tuos
379 700 448 725 vitae
457 693 632 725 commodis
641 713 649 727 ‚
670 693 760 735 idque
771 690 829 723 effe
840 693 995 722 miserum.
1018 691 1096 722 certe
1108 694 1148 722 ita
1157 691 1258 721 dicant

299 736 414 769 neceffe
429 736 480 767 est.
495 739 504 754 ¹
518 739 567 765 An
577 734 675 776 potest
684 737 720 769 is,
730 736 859 777 quinon
868 733 920 768 est,
934 743 965 764 re
977 734 1038 765 ulla
1045 743 1142 764 carere
1153 739 1163 765 ?
1176 731 1257 763 triste

299 782 384 811 enim
394 778 438 810 est
453 788 570 808 nomen
580 777 680 818 ipsum
697 777 836 811 carendi,
859 779 930 818 quia
947 776 1101 816 subjicitur
1122 777 1183 806 haec
1194 777 1256 805 vis:

298 822 415 855 habuit,
427 830 491 851 non
502 820 590 851 habet
600 830 606 849 :
618 818 771 853 desiderat,
781 820 917 860 requirit,
928 817 1052 860 indiget.
1063 819 1184 858 opinor,
1197 818 1258 847 haec

297 862 500 894 incommoda
508 862 577 893 sunt
585 862 722 892 carentis.
744 870 821 892 caret
830 861 927 891 oculis
937 880 945 894 ‚
959 860 1063 890 odiosa
1071 862 1196 891 caecitas.
1221 859 1258 888 li-

298 907 378 938 beris
389 925 398 939 ,
418 905 540 937 orbitas.
562 904 641 935 valet
650 905 751 935 hocin
761 904 856 934 vivis:
883 911 1074 933 mortuorum
1086 910 1186 933 autem
1197 911 1260 931 non

300 947 399 979 modo
410 949 478 978 vitae
486 945 660 977 commodis
673 965 682 979 ‚
704 944 753 976 sed
771 955 809 975 ne
822 946 884 975 vita
894 943 1019 985 quidem
1030 944 1090 985 ipsa
1101 944 1259 985 quisquam

296 999 383 1022 caret.
407 989 444 1020 de
454 991 582 1019 mortuis
591 987 786 1029 loquor‚qui
800 987 879 1017 nulli
889 986 969 1017 sunt.
992 996 1048 1017 nos
1061 988 1133 1027 ,qui
1145 985 1260 1019 sumus,

299 1042 376 1063 num
387 1040 437 1062 aut
447 1029 466 1062 fi
477 1030 620 1062 cornibus
630 1038 777 1064 caremus,
790 1038 839 1059 aut
847 1030 968 1069 pennis,
981 1027 1014 1059 sit
1023 1031 1076 1070 qui
1087 1027 1117 1059 id
1128 1028 1237 1058 dixerit
1250 1031 1260 1056 ?

298 1074 380 1106 certe
405 1083 507 1103 nemo.
529 1071 604 1112 quid
614 1073 675 1102 ita?
697 1081 768 1112 quia
780 1069 845 1100 ciam
866 1070 898 1100 id
911 1081 963 1100 non
972 1070 1072 1100 habeas
1082 1090 1091 1105 ,
1112 1069 1188 1112 quod
1205 1067 1260 1097 tibi

299 1127 349 1146 mc
360 1116 414 1156 usu
425 1136 432 1149 ‚
445 1125 490 1144 nec
501 1121 607 1143 natura
611 1113 651 1155 fit
663 1121 764 1156 aptum
773 1133 782 1148 ,
801 1123 853 1143 non
863 1123 955 1142 careas
965 1132 973 1147 ,
993 1113 1082 1142 etiam
1085 1112 1114 1153 [ι’
1115 1112 1222 1151 sentias
1234 1118 1260 1139 re

301 1169 354 1188 non
367 1156 473 1187 hahere.
498 1158 568 1187 Hoc
585 1155 788 1196 premendum
801 1157 892 1186 etiam
911 1163 999 1195 atque
1018 1156 1108 1185 etiarn
1122 1153 1165 1184 est
1175 1162 1260 1193 argu-

299 1209 440 1231 mentum
450 1219 459 1234 ,
474 1197 657 1230 confirmato
666 1197 721 1229 illo
737 1217 745 1232 ,
755 1197 792 1228 de
802 1207 864 1239 quo
875 1217 884 1231 ,
894 1195 915 1226 sl
926 1197 1067 1226 mortales
1075 1197 1171 1226 animi
1182 1195 1260 1228 sunt,

299 1242 436 1274 dubitare
448 1251 512 1271 non
522 1238 679 1281 possumus
689 1260 697 1274 ‚
717 1242 793 1281 quin
803 1247 902 1270 tantus
910 1240 1048 1269 interitus
1058 1239 1090 1268 in
1106 1245 1203 1268 morte
1215 1235 1257 1270 sit,

299 1294 334 1315 ut
343 1293 381 1314 ne
393 1285 523 1314 minima
530 1282 655 1323 quidem
666 1282 795 1323 suspicio
806 1281 906 1312 sensus
916 1281 1113 1321 relinquatur.
1136 1281 1195 1310 hoc
1205 1280 1260 1321 igi-

299 1335 346 1357 tur
356 1325 450 1367 probe
462 1324 606 1358 stabilito,
617 1324 650 1355 δε
661 1322 725 1355 fixo
735 1343 744 1358 ,
758 1322 834 1354 illud
843 1323 1061 1353 excutiendum
1072 1321 1115 1353 est
1125 1341 1133 1356 ,
1147 1330 1179 1352 ut
1187 1322 1260 1352 scia—

301 1377 359 1402 tur,
370 1366 486 1409 quidsit
498 1377 594 1397 carere
602 1387 611 1401 ‚
624 1376 662 1397 ne
672 1366 858 1408 relinquatur
867 1364 980 1406 aliquid
991 1366 1100 1395 erroris
1110 1366 1144 1394 in
1154 1363 1256 1394 verbo.

303 1419 441 1440 CARERE
458 1411 548 1451 igitur
557 1410 616 1440 hoc
625 1405 768 1450 significat
778 1428 787 1442 ,
799 1417 883 1449 egere
893 1417 930 1437 eo
940 1427 948 1441 ‚
960 1406 1044 1448 quod
1054 1406 1161 1437 habere
1172 1406 1258 1436 velis.

301 1450 381 1482 inest
389 1453 474 1482 enim
489 1451 566 1482 velle
575 1453 608 1481 in
617 1450 746 1482 carendo
757 1470 767 1484 ,
788 1448 844 1480 nisi
855 1448 928 1480 cum
939 1447 978 1479 fic
987 1469 996 1484 ,
1012 1457 1150 1490 tanquam
1162 1449 1196 1478 in
1212 1447 1260 1477 fe-

299 1494 368 1527 bri,
380 1493 487 1523 dicitur
496 1512 504 1527 ,
516 1493 573 1523 alia
580 1492 709 1534 quadam
721 1492 851 1523 notione
859 1491 953 1522 verbi.
975 1491 1086 1521 dicitur
1105 1492 1189 1520 enim
1200 1490 1260 1520 alio

302 1535 400 1566 modo
411 1536 502 1565 etiam
513 1544 608 1564 carere
620 1555 627 1568 ,
648 1533 722 1564 curn
740 1532 856 1574 aliquid
870 1542 934 1563 non
944 1533 1049 1564 habeas
1059 1552 1069 1567 ,
1089 1532 1122 1563 ὃς
1133 1541 1197 1562 non
1206 1532 1258 1571 ha-

303 1577 373 1608 bere
383 1585 410 1606 te
422 1576 545 1609 sentias,
565 1577 657 1606 etiam
668 1574 688 1604 si
699 1574 729 1605 id
739 1574 828 1605 facile
845 1576 962 1614 patiare.
986 1578 1001 1594 ²
1013 1583 1109 1605 carere
1126 1575 1211 1604 enim
1226 1575 1260 1603 in

302 1627 406 1649 morte
419 1627 482 1648 non
492 1616 610 1648 dicitur.
621 1627 676 1647 nec
687 1618 772 1646 enim
782 1614 853 1646 esset
863 1615 1040 1646 dolendum.
1062 1615 1169 1645 dicitur
1178 1613 1258 1648 illud,

304 1658 371 1690 bono
389 1670 496 1693 carere,
521 1658 595 1701 quod
613 1657 658 1688 eff
676 1657 794 1687 malum.
819 1657 868 1689 sed
887 1667 925 1688 ne
934 1659 1023 1689 vivus
1039 1656 1165 1698 quidem
1176 1657 1260 1686 bono

302 1710 392 1735 caret,
407 1699 427 1730 fi
438 1711 474 1731 eo
484 1710 548 1731 non
557 1701 672 1742 indiget
683 1711 689 1729 2
714 1699 761 1731 sed
773 1702 804 1730 in
814 1701 888 1730 vivo
899 1700 1029 1741 intelligi
1039 1708 1141 1729 tamen
1149 1697 1259 1739 potest,

302 1753 336 1775 re
357 1753 397 1773 no
405 1752 519 1773 carere:
544 1742 603 1778 dici
615 1752 714 1772 autem
726 1742 784 1772 ho:
798 1743 831 1772 in
839 1751 867 1772 te
879 1742 945 1771 satis
964 1741 1112 1771 subtiliter
1130 1749 1194 1770 non
1204 1749 1260 1780 po-

304 1752 373 1816 test:
397 1783 490 1824 poss'et
500 1785 532 1813 in
543 1785 711 1825 Tarquinio
722 1804 731 1817 ‚
741 1782 815 1814 cum
829 1793 858 1813 re
882 1792 923 1812 no
936 1781 1008 1815 effer
1016 1782 1164 1822 expulsus.
1190 1782 1260 1811 atin

303 1835 428 1858 mortuo
448 1836 486 1856 ne
498 1826 626 1867 intelligi
643 1825 769 1866 quidem
785 1833 854 1866 pote
887 1846 892 1852 .
911 1834 1002 1854 carere
1019 1825 1104 1854 enim
1119 1823 1262 1862 sentientes

304 1868 366 1899 est:
397 1878 446 1898 nec
461 1867 554 1907 [ἐνιβις
576 1868 607 1896 in
622 1873 731 1897 mortuo
743 1877 756 1894 .·
789 1877 846 1896 nec
863 1876 960 1897 carere
975 1866 1101 1907 quidem
1120 1867 1211 1907 igitur
1228 1867 1260 1895 in

302 1918 429 1941 mortuo
438 1910 491 1940 est.
513 1919 697 1950 quamquam
707 1908 781 1950 quid
792 1917 868 1948 opus
877 1907 919 1938 est
929 1910 961 1938 in
972 1909 1029 1938 hoc
1042 1908 1260 1948 philosophari,

303 1952 377 1984 cum
396 1962 461 1982 rem
480 1961 542 1982 non
562 1960 745 1992 magnopere
770 1950 963 1991 philosophia
979 1960 1065 1991 egere
1083 1949 1262 1980 videamus?

302 1996 429 2036 Qoties
445 2003 509 2024 non
529 1992 623 2024 modo
643 1992 783 2024 duc‘ltores
802 1991 895 2022 nostri
916 2013 924 2026 ,
955 1992 1005 2023 sed
1024 1990 1153 2023 universi
1171 1993 1261 2022 etiam

302 2038 454 2068 exercitus
461 2035 497 2066 ad
507 2045 572 2065 non
582 2035 704 2065 dubiam
717 2043 848 2065 mortem
859 2036 1098 2064 concurrerunt?
1117 2044 1182 2075 quae
1193 2036 1260 2074 qui—

303 2079 376 2110 dem
386 2076 406 2108 fi
415 2080 572 2108 timeretur
581 2096 589 2110 ,
611 2086 676 2107 non
690 2079 724 2107 L.
736 2078 841 2107 Brutus
851 2086 952 2106 arcens
972 2086 1044 2106 eum
1055 2075 1152 2106 reditu
1162 2084 1261 2116 tyran-

304 2130 382 2152 num
392 2139 400 2154 ,
421 2129 511 2161 quem
532 2120 593 2159 ipse
612 2119 781 2159 expulerat,
802 2119 834 2148 in
853 2118 963 2158 proelio
980 2116 1172 2148 concidiss‘et:
1196 2127 1260 2148 non

301 2172 374 2194 cum
385 2163 503 2192 Latinis
519 2161 672 2191 decertans
691 2162 894 2200 paterDecius
906 2180 914 2194 ,
934 2169 1004 2190 cum
1018 2160 1147 2191 Etruscis
1166 2157 1260 2194 filius,

307 2208 322 2233 3
333 2214 402 2236 cum
412 2204 525 2244 Pyrrho
535 2213 639 2243 nepos,
651 2203 677 2233 se
692 2201 825 2233 hostiurn
837 2202 904 2233 telis
914 2201 1089 2243 objecissent
1100 2213 1106 2232 z
1122 2211 1185 2232 non
1198 2212 1261 2232 uno

302 2246 386 2278 bello
405 2255 459 2286 pro
489 2247 579 2285 patria
594 2245 744 2275 cadenteis
770 2246 927 2285 Scipiones
956 2244 1100 2284 Hispania
1131 2243 1262 2278 vidifl‘e’t,

303 2292 323 2316 4-
332 2288 471 2319 Paullum
481 2288 514 2318 &
524 2289 692 2317 Geminum
704 2290 813 2318 Cannae
823 2307 831 2320 ‚
852 2285 980 2317 Venusia
988 2286 1167 2317 Marcellum
1179 2306 1187 2321 ,
1203 2288 1262 2316 La-

307 2332 366 2362 tini
376 2330 525 2360 Albinum
536 2349 545 2363 ,
557 2330 671 2360 Lucani
683 2329 862 2359 Gracchum.
886 2339 962 2359 num
973 2330 1040 2370 quis
1050 2329 1160 2359 horum
1171 2329 1262 2358 miser

305 2371 422 2403 hodie?
455 2381 499 2401 NE
516 2380 591 2401 TUM
608 2370 733 2412 quidem
751 2369 817 2410 post
835 2371 973 2410 spiritum
992 2380 1178 2401 eXtremurn:
1207 2380 1262 2400 nec

306 2416 394 2445 enim
413 2412 508 2454 potest
527 2412 585 2443 effe
603 2413 695 2442 miser
711 2412 869 2453 quisquam
891 2412 974 2442 sensu
995 2422 1139 2452 peremto.
1173 2416 1212 2442 At
1231 2412 1262 2442 id

306 2456 406 2496 ipsum
418 2455 559 2486 odiosum
570 2453 623 2488 est,
637 2453 697 2485 sine
707 2454 791 2485 sensu
801 2452 869 2484 effe.
894 2454 1054 2488 Odiosum,
1066 2452 1126 2484 siid
1136 2452 1262 2484 essetca-

306 2508 380 2529 rere.
404 2496 475 2528 cum
488 2496 560 2527 vero
574 2497 761 2537 perspicuum
774 2494 807 2526 sit
817 2515 826 2530 ‚
847 2496 924 2525 nihil
936 2494 1017 2536 posse
1029 2498 1060 2525 in
1072 2505 1108 2525 eo
1120 2494 1177 2525 esse
1190 2516 1199 2529 ,
1211 2498 1263 2536 qui

306 2540 370 2581 ipse
384 2549 448 2570 non
460 2539 507 2570 sit:
532 2539 606 2580 quid
615 2537 711 2578 potest
719 2536 776 2568 effe
792 2539 824 2568 in
837 2548 873 2568 eo
883 2537 1025 2568 odiosum
1043 2558 1050 2571 ,
1067 2539 1142 2578 5qui
1154 2547 1207 2568 nec
1216 2548 1263 2567 ca-

307 2589 380 2615 reat,
392 2591 445 2612 nec
457 2582 582 2612 sentiat?
604 2590 785 2622 quamquam
797 2581 853 2610 hoc
864 2579 987 2620 quidem
1002 2581 1095 2610 nimis
1105 2580 1191 2619 saepe.
1216 2579 1264 2610 sed

307 2622 357 2656 eb,
370 2622 445 2664 quiid
456 2624 484 2652 in
496 2624 543 2652 hoc
553 2622 626 2652 ineft'
635 2625 719 2652 omnis
727 2622 818 2651 animi
827 2620 978 2651 coiirrasbr'o
991 2641 998 2655 ‚
1023 2631 1058 2650 ex
1071 2628 1149 2650 metu
1158 2628 1263 2651 mortu.

305 2668 359 2706 qui
370 2668 454 2696 enim
466 2666 533 2697 satis
545 2664 655 2696 viderit
663 2685 672 2700 ,
684 2664 714 2696 id
729 2663 811 2707 quod
826 2663 868 2695 est
879 2665 945 2694 luce
953 2664 1060 2695 clarius
1069 2684 1079 2699 ‚
1095 2666 1201 2695 animo
1211 2683 1221 2698 ,
1233 2664 1265 2695 δε

350 2808 373 2825 ι.
389 2803 431 2839 ιΛη
438 2804 513 2834 potes?
521 2802 540 2828 ἐς
553 2821 560 2833 ,
579 2806 620 2836 qm·
630 2812 674 2828 non
684 2804 718 2827 et?
729 2821 736 2834 ,
757 2812 780 2827 rt·
790 2801 838 2828 ulla*
848 2802 953 2837 carew]
974 2803 1076 2838 Lepide
1087 2804 1108 2829 F
1110 2802 1166 2830 abr.
1176 2806 1218 2838 qui
1226 2813 1271 2830 non

310 2837 414 2874 ef'r‘fjun.
434 2838 475 2863 cui
494 2838 594 2865 accedit
613 2838 740 2865 secundus
757 2841 783 2864 in
801 2837 957 2875 supponens.
976 2840 1046 2866 Mihi
1067 2838 1203 2866 videretur
1222 2849 1270 2876 pro

308 2880 364 2904 ques
375 2871 514 2905 legendum
528 2876 594 2908 quid.
614 2874 664 2901 Sed
677 2874 742 2901 nihil
757 2874 854 2901 refert.

348 2914 376 2931 2.
395 2910 481 2932 Carere
492 2913 551 2935 enim
568 2913 594 2936 in
603 2919 672 2936 morte
689 2921 734 2937 non
745 2911 857 2946 dicium]
880 2911 1011 2949 Qinque
1021 2911 1089 2938 Pan.
1101 2912 1188 2939 Vatic.
1204 2912 1268 2939 Fab.

310 2938 459 3002 Pitlidlnitpc
469 2943 609 2973 lectionem
622 2946 752 2983 praestant.
762 2946 846 2973 editio
857 2947 983 2981 Victorii,
992 2950 1081 2975 Carere
1088 2951 1149 2976 enim
1157 2951 1218 2975 malo
1229 2968 1236 2982 ,
1247 2950 1274 2975 id

311 2986 359 3003 'on
385 2987 415 3003 [sl
436 2987 466 3004 17-

350 3021 363 3048 3
371 3032 377 3039 .
396 3016 454 3039 Cum
462 3017 548 3049 ‘Pyrrho
558 3019 651 3052 nepos]
672 3019 767 3047 Delevi
779 3019 936 3056 particulam
947 3023 1019 3047 etiam
1029 3028 1089 3048 ante
1099 3030 1161 3054 eum,
1172 3021 1267 3058 sequu-
1285 3023 1287 3026 ⁴

311 3053 356 3076 tus
369 3049 488 3085 quinque
500 3050 569 3076 Pull.

344 3091 373 3118 4-
391 3086 693 3122 Paqu&Geminum.]
716 3092 756 3117 Ita
766 3091 912 3119 Victorius.
936 3093 1053 3129 quinque
1066 3093 1135 3119 Pan.
1154 3094 1206 3120 unzi
1222 3093 1268 3120 lit·

307 3126 369 3162 tem.
376 3121 500 3157 amplius,
511 3123 649 3149 Geminium.
661 3133 688 3150 ae
698 3125 786 3161 inepte
799 3128 880 3165 vulgo
888 3132 998 3156 Paullum
1007 3132 1157 3158 tAEme'lieem.
1168 3138 1228 3159 nam
1240 3130 1268 3158 8(

312 3157 466 3192 Vaticanus,
476 3159 586 3186 Paulam
596 3161 716 3187 Geminum
726 3164 821 3190 Cannae.
1148 3171 1154 3176 ·

1295 104 1838 159 Crcnnonxs

1289 186 1584 226 corpore-consumto
1595 206 1605 221 ,
1623 194 1748 229 totoque
1756 191 1908 223 animante
1918 190 2020 224 deleto
2029 211 2039 227 ,
2062 190 2095 224 δε
2102 189 2184 224 saeco
2195 192 2250 224 in-

1290 231 1379 259 teritu
1394 229 1539 259 universo
1549 248 1559 263 ,
1582 228 1665 258 illud*
1675 231 1786 262 animal
1796 252 1806 266 ,
1828 233 1911 274 quod
1926 233 2017 265 fuerit
2025 254 2034 269 ‚
2054 233 2170 265 faetum
2188 233 2251 265 ess‘e

1291 270 1381 303 nihil,
1393 271 1417 315 is
1427 270 1514 311 plane
1524 271 1691 311 perspiciet,
1700 272 1779 302 inter
1786 276 2083 315 Hippocentaurum,
2092 278 2145 318 qui
2155 285 2249 312 num-

1291 321 1384 353 quam
1395 315 1504 347 tuerit,
1527 313 1675 354 &regem
1691 315 1954 353 Agamemnonem
1965 337 1976 352 ‚
1994 320 2073 350 nihil
2093 316 2250 350 interesse:

1293 363 1349 385 nec
1369 355 1463 394 pluris
1480 364 1562 385 nunc
1578 354 1673 386 facere
1691 357 1736 384 Μ.
1755 353 1921 388 Camillum
1938 360 1996 391 hoc
2011 361 2103 391 civile
2119 360 2252 394 benum,

1292 397 1384 437 quam
1395 406 1452 438 ego
1463 397 1518 427 illo
1527 398 1601 427 vivo
1619 395 1744 426 fecerim
1755 399 1890 428 Romam
1898 409 2022 440 captam.
2044 404 2108 434 Cur
2117 403 2206 443 igitur
2217 401 2253 433 δε

1294 439 1442 469 Camillus
1452 438 1566 469 doleret
1579 458 1588 473 ,
1609 436 1630 468 si
1643 439 1706 468 haec
1717 438 1792 479 post
1802 449 1948 471 trecentos
1959 461 1968 475 ‚
1986 442 2020 473 &
2038 446 2263 486 quinquaginta·

1294 480 1356 511 fere
1366 490 1462 511 annos
1479 489 1624 511 eventura
1641 489 1758 520 putaret
1767 502 1776 515 ‚
1797 482 1831 512 &
1841 491 1897 523 ego
1907 482 2026 514 doleam
2038 504 2047 518 ,
2065 484 2086 516 fi
2100 487 2136 517 ad
2146 486 2253 517 decem

1297 522 1395 552 millia
1404 532 1555 553 annorum
1569 530 1691 564 gentem
1709 523 1841 565 aliquam
1861 524 1968 555 urbem
1987 525 2118 558 nostram
2137 530 2254 568 potitu-

1297 573 1357 594 ram
1369 574 1474 604 putem
1484 569 1496 592 3
1516 566 1588 605 quia
1604 573 1721 594 TANTA
1742 575 1890 596 camus
1904 566 2004 608 patrie
2014 566 2068 601 eff,
2080 576 2115 598 ur
2124 579 2185 598 eam
2199 579 2252 598 non

1295 606 1374 646 sensu
1384 606 1467 643 nostro
1477 627 1485 641 ,
1501 606 1551 647 sed
1561 606 1658 647 fitlute
1676 606 1760 649 ipſsus
1770 608 1933 638 metiamur.
1957 610 2058 649 Itaque
2069 619 2119 639 non
2137 611 2253 641 deterret
2271 605 2309 647 38

1295 648 1450 691 firpientem
1459 659 1548 683 mors,
1567 656 1741 690 quapropter
1750 650 1865 680 incertos
1880 650 1958 690 casm
1968 651 2094 692 quotidie
2111 651 2252 686 imminet,

1298 698 1407 733 propter
1415 690 1586 722 brevitatem
1594 690 1660 720 vita
1669 701 1816 733 nunquam
1822 690 2001 734 longepoteff
2008 691 2094 731 abeffe
2102 712 2111 728 ,
2121 704 2183 735 quo
2193 696 2254 725 mi-

1301 734 1359 763 nus
1378 734 1411 764 in
1422 743 1516 764 omne
1528 741 1648 773 tempus
1659 735 1733 774 reip.
1753 734 1868 775 suisque
1879 735 2032 768 consulat,
2053 735 2086 765 &
2098 734 2255 775 posterita-

1301 784 1363 805 tem
1374 776 1478 816 ipsam,
1488 775 1575 816 cujus
1584 774 1705 806 sensum
1716 776 1872 806 habiturus
1883 786 1948 807 non
1958 775 2002 811 sit,
2013 776 2049 807 ad
2059 777 2086 807 se
2096 786 2179 818 putet
2187 787 2255 818 per-

1301 819 1404 849 tinere.
1427 821 1526 860 Qare
1534 818 1605 848 licet
1614 819 1704 848 etiam
1715 818 1863 848 mortalem
1872 817 2055 856 effieam'mum
2066 819 2254 858 judicantem.

1299 866 1397 889 aterna
1409 860 1521 894 moliri,
1541 869 1595 889 non
1606 859 1702 900 gloria
1710 860 1866 903 cupiditate
1876 879 1885 895 ,
1898 871 1988 902 quam
1997 861 2122 900 cenfhrus
2140 872 2193 891 non
2203 861 2258 902 fit.
2280 898 2285 899 ⁷

1295 901 1346 942 sed
1354 904 1486 937 virtutis,
1501 911 1591 943 quam
1601 900 1744 941 necefflzrib
1751 902 1864 943 gloria,
1885 903 1975 932 etiam
1984 903 2013 944 fi
2026 903 2099 932 mid
2114 914 2164 932 non
2174 913 2256 944 agas.

1301 945 1492 987 consequatur.
1517 952 1619 974 natura
1627 944 1699 974 vero
1709 943 1748 975 sic
1758 945 1786 975 se
1796 944 1894 978 habet,
1905 954 1948 980 ut,
1958 955 2019 986 quo
2031 945 2125 975 modo
2136 946 2256 974 mittum

1302 985 1373 1016 nebu
1382 997 1473 1016 rernm
1485 986 1611 1016 omnium
1627 992 1704 1016 ortus
1715 985 1798 1023 noster
1805 986 1928 1027 afferat,
1941 986 1983 1027 fic
1997 988 2108 1016 exitum
2116 997 2188 1016 mors
2199 998 2207 1021 ς
2221 993 2256 1016 ut

1302 1028 1376 1057 nibil
1387 1029 1528 1071 pertinuit
1536 1027 1575 1056 ad
1582 1038 1628 1056 nos
1636 1035 1702 1057 ante
1713 1037 1808 1057 ortum
1817 1048 1826 1062 ,
1841 1028 1882 1069 fic
1888 1029 1963 1058 nihil
1986 1028 2031 1059 oft*
2041 1037 2158 1059 mortem
2166 1028 2258 1071 perti-

1303 1069 1388 1100 nebit.
1412 1073 1444 1100 in
1456 1079 1518 1111 quo
1527 1069 1600 1110 quid
1611 1069 1708 1109 potest
1715 1069 1775 1100 esse
1785 1070 1868 1104 mali,
1879 1069 1951 1101 cum
1985 1081 2058 1101 mors
2071 1082 2117 1101 nec
2126 1072 2163 1100 ad
2173 1072 2256 1100 vivos

1296 1113 1448 1152 pertineat,
1464 1122 1512 1141 nec
1519 1111 1557 1140 ad
1567 1115 1711 1141 mortuos?
1734 1111 1818 1142 alteri
1828 1112 1906 1142 nulli
1916 1113 1985 1144 sunt
1994 1133 2003 1146 ‚
2014 1114 2122 1143 alteros
2133 1123 2196 1144 non
2212 1122 2259 1144 at·

1299 1162 1403 1196 tinget.
1426 1163 1516 1195 quam
1525 1153 1579 1194 qui
1588 1153 1737 1184 leviorem
1748 1152 1861 1184 faciunt
1871 1173 1879 1188 ,
1892 1154 1994 1185 somni
2005 1153 2192 1186 simillimam
2202 1164 2259 1185 vo-

1301 1196 1368 1227 lunt
1377 1194 1446 1226 effe.
1456 1192 1535 1236 quasi
1545 1194 1618 1225 vero
1630 1195 1789 1237 quisquam
1800 1198 1840 1227 ita
1849 1198 2013 1237 nonaginta
2020 1206 2115 1227 annos
2125 1197 2199 1227 velit
2208 1198 2257 1227 vi·

1303 1249 1381 1272 vere,
1395 1246 1440 1272 ut,
1451 1238 1522 1268 cum
1534 1237 1684 1279 sexaginta
1692 1237 1857 1269 confecerit
1869 1258 1879 1272 ,
1901 1239 2036 1279 reliquos
2053 1238 2193 1269 dormiat.
2216 1248 2256 1269 ne

1301 1281 1364 1311 sues
1375 1279 1499 1322 quidem
1510 1278 1541 1309 id
1550 1279 1656 1313 velint,
1667 1289 1732 1311 non
1743 1280 1838 1311 modo
1848 1280 1921 1321 ipse.
1944 1280 2122 1320 Endymion
2132 1278 2204 1311 veto
2214 1299 2224 1314 ,
2234 1278 2257 1310 fi

1298 1323 1412 1354 fabulas
1421 1321 1522 1353 audire
1540 1321 1685 1352 volumus
1699 1342 1707 1356 ,
1723 1322 1824 1353 nescio
1838 1322 1959 1364 quando
1979 1324 2013 1353 in
2024 1324 2136 1353 Latmo
2144 1321 2260 1353 obdor-

1299 1366 1400 1399 mivit,
1411 1368 1462 1406 qui
1471 1363 1514 1395 est
1525 1372 1616 1394 mons
1625 1365 1728 1395 Cariae.
1749 1364 1902 1399 nondum,
1912 1366 2041 1406 opinor,
2063 1364 2105 1395 est
2121 1373 2261 1404 experre-

1301 1407 1376 1438 Etus.
1400 1417 1476 1438 num
1497 1407 1587 1448 igitur
1597 1416 1669 1436 eum
1684 1415 1784 1437 curare
1797 1407 1914 1441 censes,
1936 1406 2008 1437 cum
2028 1408 2115 1437 Luna
2131 1406 2258 1441 laboret,

1300 1449 1382 1491 aqua
1393 1449 1569 1488 consopitus
1585 1456 1705 1488 putatur
1715 1468 1725 1484 ,
1745 1457 1778 1479 ut
1798 1459 1870 1479 eum
1890 1449 2097 1480 dormientem
2111 1448 2259 1479 osculare-

1303 1502 1348 1522 tur
1357 1493 1367 1518 ?
1377 1491 1450 1532 quid
1459 1498 1660 1524 curecauoem,
1671 1492 1773 1531 quine
1782 1491 1871 1521 sentit
1879 1490 2004 1531 quidem
2015 1500 2026 1522 ,2
2041 1489 2258 1529 habesfhmnum

1301 1534 1454 1573 imaginem
1463 1531 1557 1561 mortis
1567 1551 1575 1565 ‚
1587 1541 1703 1573 eamque
1711 1532 1838 1572 quotidie
1847 1532 1946 1561 induis.
1969 1534 2008 1562 Et
2025 1531 2141 1562 dubitas
2151 1551 2160 1566 ,
2179 1533 2255 1572 quin

1300 1575 1444 1606 sensusin
1456 1582 1555 1603 morte
1572 1573 1677 1603 nullus
1688 1571 1740 1606 sit,
1756 1572 1830 1605 cum
1844 1575 1877 1604 in
1895 1574 1961 1614 ejus
1978 1573 2136 1604 simulacro
2152 1574 2256 1604 videas

1302 1615 1358 1647 effe
1376 1615 1499 1646 nullum
1521 1614 1661 1646 sensum?
1684 1615 1835 1646 Pellantur
1857 1625 1927 1655 ergo
1953 1614 2014 1646 istae
2033 1617 2154 1656 inepti-ae
2171 1614 2257 1656 paene
2276 1611 2318 1645 39

1301 1658 1395 1690 aniles
1409 1678 1418 1692 ,
1439 1666 1507 1688 ante
1523 1666 1642 1697 tempus
1659 1658 1757 1690 mori,
1777 1657 1923 1688 miserum
1941 1656 2012 1688 effe.
2033 1657 2116 1699 quod
2135 1657 2258 1688 tandem

1303 1708 1421 1740 tempus
1433 1702 1444 1728 ?
1468 1708 1578 1729 natura:
1589 1709 1627 1728 ne
1638 1701 1648 1724 ἓ
1669 1701 1710 1728 At
1719 1708 1751 1727 ea
1760 1698 1874 1739 quidem
1884 1698 1960 1728 dedit
1968 1698 2083 1739 usuram
2092 1699 2158 1730 vira
2168 1719 2177 1733 ,
2193 1707 2260 1729 ran-

1301 1749 1391 1784 quam
1404 1740 1522 1782 pecunia
1532 1759 1540 1774 ,
1566 1740 1643 1769 nulla
1647 1738 1806 1781 praestituta
1820 1739 1874 1769 die.
1897 1741 1981 1782 Qid
1990 1740 2152 1781 estigitur,
2172 1740 2257 1783 quod

1301 1792 1433 1824 querare,
1445 1780 1465 1811 fi
1475 1782 1581 1822 repetit
1588 1781 1660 1812 curn
1670 1782 1755 1811 vult?
1772 1791 1806 1812 ea
1815 1782 1901 1812 enirn
1911 1781 2088 1813 conditione
2097 1792 2259 1823 acceperas.

1302 1825 1400 1855 Iidem
1412 1844 1421 1858 ,
1445 1822 1466 1853 fi
1475 1833 1550 1864 puer
1558 1832 1664 1864 parvus
1675 1823 1788 1854 occidit
1797 1843 1806 1857 ,
1819 1833 1907 1865 aequo
1917 1825 2023 1854 animo
2032 1823 2192 1855 ferendum
2202 1833 2261 1865 pu-

1303 1876 1383 1898 tant:
1407 1864 1428 1896 fi
1438 1864 1512 1896 verb
1526 1867 1559 1895 in
1575 1867 1662 1897 cunis
1674 1885 1683 1899 ,
1703 1875 1742 1895 ne
1752 1865 1940 1907 querendum
1953 1866 2091 1907 quidem.
2112 1869 2205 1908 Atqui
2220 1865 2260 1897 ab

1301 1910 1350 1939 hoc
1357 1906 1483 1938 acerbius
1492 1907 1587 1947 exegit
1594 1913 1700 1938 natura
1708 1927 1718 1942 ,
1736 1907 1812 1949 quod
1818 1907 1937 1938 dederat.
1961 1908 2112 1940 Nondum
2122 1907 2260 1948 gustave-

1304 1960 1346 1982 rat
1359 1971 1368 1985 ,
1387 1951 1532 1992 inquiunt
1541 1969 1550 1983 ‚
1569 1951 1639 1981 vitae
1653 1949 1828 1980 suavitatem
1840 1960 1846 1979 :
1870 1951 1919 1980 hic
1937 1959 2037 1981 autem
2052 1952 2115 1990 J'am
2130 1949 2260 1991 sperabat

1304 2003 1427 2035 magna:
1450 1992 1562 2033 quibus
1571 1991 1631 2022 frui
1640 2000 1777 2032 coeperat.
1800 1995 1840 2022 At
1853 1991 1883 2021 id
1890 1991 2005 2033 quidem
2016 1993 2107 2033 ipsum
2125 1992 2155 2022 in
2171 1993 2262 2022 ceteris

1303 2034 1381 2064 rebus
1390 2033 1489 2063 melius
1496 2041 1618 2074 putatur
1628 2054 1637 2067 ,
1655 2034 1786 2076 aliquam
1791 2041 1914 2075 partem,
1925 2030 2013 2075 qusszm
2020 2036 2126 2064 nudam
2139 2054 2147 2067 ‚
2167 2035 2265 2063 attin-

1298 2087 1363 2118 gere
1375 2097 1383 2110 ,
1407 2086 1460 2107 cur
1477 2078 1512 2105 in
1532 2078 1592 2106 vita
1609 2077 1715 2106 secus?
1736 2078 1930 2117 Qamquam
1944 2086 2010 2106 non
2027 2077 2107 2107 male
2118 2076 2262 2107 aitCalli-

1304 2120 1428 2149 machus
1447 2138 1456 2152 ,
1468 2117 1558 2147 multo
1569 2117 1669 2159 sepius
1677 2116 1838 2159 lacrymaffi
1847 2118 1996 2147 Priamum
2004 2138 2012 2152 ,
2023 2128 2112 2159 quam
2122 2119 2262 2148 Troilum.

1303 2170 1411 2192 eorum
1420 2169 1521 2191 autern
1533 2180 1542 2193 ‚
1558 2161 1610 2200 qui
1621 2159 1815 2190 exaaaaetate
1826 2160 2000 2191 moriuntur
2010 2181 2019 2194 ,
2031 2160 2264 2192 fortunalauda-

1303 2212 1360 2234 tur.
1383 2208 1455 2233 cur?
1477 2207 1492 2231 7
1503 2212 1584 2236 nam,
1596 2211 1674 2236 reor,
1685 2201 1789 2236 nullis,
1801 2200 1822 2231 fi
1833 2202 2020 2244 vitalongior
2030 2202 2157 2237 daretur,
2167 2199 2264 2243 poffet

1302 2243 1360 2279 effe
1375 2243 1549 2284 jucundior.
1581 2253 1691 2274 uniri.
1712 2253 1768 2273 nsi·
1789 2252 1880 2274 εΝιΜ
1907 2243 2044 2284 profecit&
2056 2245 2177 2274 bomini
2188 2253 2263 2283 pru-

1304 2286 1406 2317 dentia
1415 2285 1543 2320 dulcius,
1559 2295 1673 2324 quam,
1682 2293 1716 2316 ut
1725 2292 1813 2315 cetera
1821 2286 1947 2326 auferat,
1956 2286 2042 2327 affert
2048 2284 2257 2326 certeftned'i'us.

1305 2332 1393 2368 ρυλε
1409 2338 1498 2363 vano
1508 2337 1577 2359 aetas
1586 2329 1675 2369 longa
1692 2326 1756 2358 est?
1777 2336 1827 2358 aut
1834 2327 1908 2368 quid
1916 2329 2049 2357 omnino
2060 2328 2182 2357 homini
2192 2327 2263 2357 lon-

1304 2372 1399 2413 gum?
1422 2380 1526 2400 nonne
1536 2370 1630 2400 modo
1639 2379 1758 2409 pueros,
1770 2369 1865 2399 modo
1874 2368 2087 2399 adolescenteis
2099 2390 2108 2402 ‚
2121 2372 2153 2399 in
2162 2369 2260 2402 cursu,

1305 2415 1321 2443 a
1333 2421 1414 2453 tergo
1423 2412 1595 2452 insequens,
1606 2412 1849 2451 nec-opinanteis
1859 2409 1984 2441 assecuta
1993 2410 2036 2441 est
2045 2410 2182 2441 sencetus
2192 2416 2202 2442 ?
2212 2410 2263 2441 sed

1305 2455 1375 2496 quia
1394 2454 1469 2484 ultra
1486 2454 1565 2483 nihil
1584 2452 1729 2483 habemus
1740 2472 1749 2486 ,
1769 2453 1828 2482 hoc
1845 2452 1974 2493 longum
1987 2452 2136 2484 ducimus.
2161 2454 2267 2483 omnia

1310 2495 1371 2529 ista,
1387 2495 1511 2536 perinde
1521 2503 1553 2525 ut
1562 2497 1670 2536 cuique
1680 2495 1745 2525 data
1756 2494 1825 2525 sunt
1836 2514 1845 2527 ‚
1858 2490 1871 2513 8
1881 2504 1935 2534 pro
1950 2504 2009 2525 rata
2017 2505 2095 2535 parte
2106 2495 2121 2526 a
2130 2496 2202 2528 vita,
2214 2501 2266 2524 aut

1307 2539 1395 2579 longa
1414 2546 1464 2567 aut
1474 2537 1576 2567 brevia
1592 2536 1743 2567 dicuntur.
1766 2536 1854 2576 Apud
1865 2539 2020 2577 Hypanim
2041 2536 2170 2567 fluvium
2181 2555 2190 2570 ,
2211 2536 2267 2576 qui

1312 2580 1348 2610 ab
1358 2583 1484 2619 Europae
1501 2580 1620 2619 partein
1630 2580 1763 2609 Pontum
1773 2577 1878 2609 influit
1888 2599 1897 2612 ,
1906 2618 1909 2620 v
1917 2578 2091 2610 Aristoteles
2100 2580 2141 2608 ait
2151 2576 2266 2608 bestio-

1309 2622 1351 2652 las
1366 2622 1507 2662 quasdam
1517 2621 1616 2654 nasci,
1634 2630 1700 2660 quae
1712 2630 1810 2651 unum
1826 2620 1909 2651 diem
1920 2622 2034 2651 vivant.
2056 2630 2095 2650 ex
2103 2621 2149 2649 his
2162 2620 2266 2660 igitur,

1312 2664 1385 2694 hora
1394 2662 1499 2695 oslava
1510 2673 1576 2705 quae
1595 2672 1713 2694 mortua
1730 2661 1772 2693 est
1783 2681 1793 2697 ,
1812 2661 1953 2703 proveeta
1969 2671 2051 2694 aetate
2068 2670 2189 2692 mortua
2203 2659 2246 2691 est
2261 2671 2268 2689 2

2203 2712 2270 2743 quae

1354 2812 1380 2837 5.
1399 2804 1448 2837 Q}
1455 2813 1496 2829 nec
1505 2810 1589 2829 careat
1599 2822 1608 2834 ‚
1626 2803 1763 2836 necsentiat
1773 2802 1805 2837 .2]
1828 2800 1944 2828 Probant
1955 2798 2078 2826 Lambini
2089 2798 2143 2824 hoec
2152 2798 2271 2834 quinque

1315 2840 1384 2866 Pau.
1395 2848 1477 2875 atque
1487 2839 1538 2876 ipre
1549 2839 1697 2866 Viftorius.

1347 2876 1375 2901 6.
1396 2881 1466 2903 Mors
1475 2885 1515 2901 mc
1527 2877 1561 2902 ad
1568 2878 1640 2901 vivos
1645 2877 1766 2908 pertineat
1776 2892 1784 2905 ‚
1792 2881 1835 2899 nec
1842 2872 1877 2898 ad
1883 2878 1983 2898 mortuos·
1992 2874 2003 2897 ?
2013 2870 2027 2904 ]
2050 2870 2194 2906 Eleganter
2205 2870 2270 2897 mihi

1313 2912 1449 2939 videretur
1459 2912 1527 2939 illud
1532 2915 1654 2946 pertineat
1662 2909 1808 2941 subaudiri,
1818 2917 1877 2935 cum
1889 2907 2006 2943 principe
2018 2906 2078 2934 Piil.
2089 2907 2134 2944 qui
2147 2916 2179 2934 eo
2188 2906 2270 2934 desti-

1313 2956 1409 2976 turtur.

1346 2992 1375 3020 7.
1395 2989 1458 3010 Nam
1470 3003 1478 3016 ,
1498 2993 1549 3010 reor
1560 3003 1568 3015 ,
1586 2982 1682 3015 nullisfi
1689 2983 1745 3006 vita
1752 2981 1837 3012 longior
1846 2979 1971 3014 dar-etun]
1993 2980 2033 3006 Ita
2042 2978 2138 3006 Lamb.
2157 2978 2194 3006 ita
2203 2977 2269 3006 Fab.

1310 3019 1417 3056 duoque
1428 3020 1495 3047 Pall.
1505 3027 1570 3047 tert.
1581 3018 1668 3054 quint.
1680 3016 1760 3050 vulgo
1773 3026 1780 3042 ι
1801 3019 1885 3050 Qui,
1896 3025 1958 3046 reor,
1977 3026 2021 3041 non
2030 3016 2114 3049 illia-,fi
2120 3018 2176 3041 vim
2187 3024 2251 3048 cong.

1348 3056 1375 3083 8.
1394 3061 1441 3082 Pro
1451 3055 1509 3082 rata*
1522 3061 1593 3088 parte
1602 3053 1617 3079 a
1627 3051 1685 3078 vird
1696 3071 1703 3083 ,
1727 3058 1770 3076 aut
1779 3053 1845 3084 longa
1864 3059 1907 3077 aut
1917 3053 2003 3077 brevia
2020 3052 2159 3085 dicuntum]
2180 3050 2270 3082 secuti

1312 3092 1400 3119 sumus
1420 3090 1569 3119 Vie‘torium
1587 3088 1761 3123 obsequentes
1780 3086 1922 3114 habentem
1949 3087 2017 3114 Pall.
2037 3096 2077 3122 pr.
2096 3093 2161 3114 tert.
2180 3094 2271 3121 quart.

1314 3129 1402 3164 quint.
1423 3129 1550 3154 Ceterum
1562 3126 1681 3151 Gruter-0
1703 3122 1841 3150 videbatur
1860 3124 1927 3150 illud
1943 3131 1986 3156 pro
1995 3130 2054 3149 rata
2067 3130 2138 3156 parte
2149 3142 2157 3154 ‚
2176 3122 2270 3158 glossa.

1314 3164 1401 3200 Vulgo
1410 3163 1543 3191 omittunt
1551 3160 1568 3188 ὰ
1578 3164 1645 3188 vua.
1664 3159 1825 3193 Lambinus,
1832 3167 1875 3194 pm
1884 3159 1944 3189 rard
1951 3166 2024 3194 parte
2033 3163 2072 3188 na
2080 3166 2125 3187 aut
2133 3161 2209 3194 longa.
2244 3195 2259 3220 Ι

2209 3201 2233 3221 1.
2256 3202 2273 3220 a
