2339 3379
88 715 126 741 11

427 126 685 172 Onamo
723 140 839 170 PRO
878 125 938 186 Q.
976 128 1136 173 LIGA

155 208 241 241 causa
255 209 390 240 animam
411 207 555 248 profudit.
577 216 644 247 quae
656 208 738 237 enim
751 210 911 247 pertinacia
929 209 1117 250 quibusdam,

155 251 260 281 eadem
273 251 339 281 aliis
349 249 506 286 constantia
513 248 609 279 videri
618 248 727 288 potest.
753 254 761 268 ¹
775 250 829 280 Sed
838 252 902 290 jam
912 253 1017 281 omnis
1026 250 1118 282 stadia

155 291 297 322 dissensio
306 291 348 322 est
356 293 459 324 armis,
471 291 505 320 &
516 289 663 320 exstim‘h
673 293 811 331 aequitate
822 293 944 322 vietoris
956 303 962 321 ;
975 291 1072 326 restat,
1083 303 1116 323 ut
1136 310 1137 316 κ

155 344 265 364 omnes
274 342 371 363 unum
380 332 494 366 velint,
513 333 566 372 qui
579 331 675 362 modo
687 334 795 363 habent
806 334 918 375 aliquid
929 343 993 364 non
1011 333 1112 364 sulum
1133 356 1136 386 l

152 375 312 415 sapientiae,
324 373 373 404 sed
382 376 473 403 etiam
487 374 626 404 sanitatis.
652 373 715 404 Nisi
726 385 764 408 te,
777 378 808 406 C.
821 377 922 410 Caesar,
935 375 1025 407 salvo,
1037 375 1112 405 &in

151 416 206 447 ista
214 417 358 447 sententia
368 435 377 448 ,
388 425 446 456 qua
453 413 527 445 cum
536 425 636 449 antea,
657 425 723 445 tum
737 417 825 447 hodie
836 419 885 448 vel
895 418 1029 447 maxime
1043 417 1112 447 usus

152 468 184 488 es
196 478 204 491 ‚
225 465 363 487 manente
375 476 384 491 ,
404 456 475 486 salvi
486 455 544 487 effe
558 467 623 487 non
641 456 807 496 possumus.
833 462 929 497 Quare
943 468 1051 488 omnes
1069 467 1110 492 te,

150 501 204 539 qui
214 500 276 529 haec
288 498 366 528 salva
375 496 432 528 effe
442 499 586 529 volumus
596 519 604 532 ‚
626 499 658 530 &
669 501 839 535 hortamur,
863 501 895 530 &
908 500 1106 534 obsecramus,

149 549 184 570 ut
197 542 265 570 vita:
275 560 283 574 ‚
296 549 329 570 ut
337 540 422 570 saluti
431 549 490 571 tuae
499 541 653 571 consulas:
676 543 842 583 omnesque
853 543 927 576 tibi,
938 550 971 572 ut
982 551 1035 581 pro
1044 543 1110 572 aliis

150 584 242 611 etiam
253 582 369 622 loquar,
380 582 462 623 quod
471 582 508 612 de
519 584 644 622 meipso
655 584 761 617 sentio,
772 587 918 625 quoniam
931 582 1043 613 subesse
1054 584 1109 613 ali-

149 623 224 663 quid
234 632 328 663 putas,
338 623 420 665 quod
430 624 597 654 cavendum
609 623 652 658 fit,
666 635 728 655 non
743 625 837 656 modo
848 625 1001 658 excubias,
1014 625 1046 654 &
1057 635 1110 654 cu-

150 665 259 695 stodias
269 686 277 698 ‚
291 665 339 696 sed
351 667 441 695 etiarn
453 666 578 696 laterum
590 666 760 697 nostrorum
773 665 922 706 oppofitus
931 686 940 699 ,
957 667 990 695 &
1000 676 1109 705 corpo-
1126 688 1128 691 .

148 716 216 736 rum
226 707 416 747 pollicemur.
440 711 454 727 ²
464 707 520 738 Sed
533 729 542 741 ,
563 708 642 738 unde
652 708 695 738 est
706 709 769 738 orsa
780 727 788 741 ,
800 710 832 737 in
843 707 953 737 eodem
961 709 1107 736 termine—

147 757 195 778 tur
204 750 316 779 orati0:
341 751 489 780 maximas
508 749 562 780 tibi
572 759 678 779 omnes
687 751 792 789 gratias
801 750 934 789 agimus,
954 751 986 777 C.
998 749 1101 782 Caesar,

145 791 276 830 majores
285 792 375 821 etiam
385 791 541 821 habemus.
564 800 634 820 nam
645 799 753 819 omnes
763 790 844 819 idem
859 790 1003 819 sentiunt:
1021 790 1103 830 quod

144 834 336 862 exomnium
354 832 511 872 precibus,
533 832 567 861 δε
584 831 725 871 lacrymis
740 831 848 861 sentire
861 831 994 871 potuisti.
1022 835 1034 859 3
1045 832 1102 862 Sed
1124 855 1126 863 .

1154 143 1261 173 Rio
1299 144 1375 174 An
1412 129 1840 179 C.CAESAREM.
2030 133 2123 193 567

1160 213 1230 251 quia
1240 221 1305 242 non
1314 211 1356 242 est
1365 216 1382 240 4
1391 211 1535 243 stantibus
1545 214 1690 245 omnibus
1699 214 1814 245 necesse
1823 214 1921 245 dicere
1930 226 1939 249 ς
1953 213 1968 246 a
1982 224 2031 246 me
2040 215 2120 246 certe

1159 254 1218 282 dici
1239 254 1361 284 volunt:
1380 256 1429 284 cui
1443 255 1583 286 snt-cesse
1603 256 1646 287 est
1660 257 1906 298 quodammodo,
1929 257 2052 298 &quod
2064 268 2119 287 vo-

1157 294 1241 328 lunt,
1257 296 1377 336 &quod
1389 296 1474 327 decet
1483 317 1491 330 ,
1510 298 1543 328 δε
1552 298 1632 339 quod
1642 300 1685 328 M.
1697 300 1842 329 Marcello
1851 298 1867 330 a
1880 308 1907 329 te
1919 300 1990 329 huic
2001 298 2116 333 ordini,

1156 337 1329 377 populoque
1340 339 1504 372 Romano,
1517 340 1549 369 δε
1560 340 1732 381 reipublicae
1741 341 1858 371 reddito
1867 360 1874 374 ‚
1887 339 1951 371 fieri
1967 341 2116 382 intelligo.

1156 386 1226 405 nam
1241 378 1330 407 laetari
1339 382 1471 413 omneis,
1483 391 1547 411 non
1558 391 1589 411 ut
1599 382 1635 412 de
1647 391 1731 410 umus
1741 382 1840 412 solum
1850 403 1860 416 ,
1880 382 1928 413 sed
1939 391 1971 412 ut
1981 382 2016 412 de
2027 392 2116 414 com-

1156 420 1244 447 muni
1258 421 1400 449 omnium
1413 421 1503 451 salute
1514 443 1522 456 ‚
1541 423 1645 453 sentio.
1671 423 1760 464 Qod
1772 433 1872 454 autem
1885 425 2010 454 summae
2019 424 2114 454 bene-

1153 459 1296 506 volentiae
1312 460 1355 506 est
1365 481 1372 493 ‚
1392 472 1457 501 quae
1479 473 1545 493 mea
1560 474 1625 505 erga
1638 465 1726 495 illurn
1748 467 1893 496 omnibus
1911 466 2028 506 semper
2043 474 2114 497 nota

1152 499 1229 534 fuit,
1250 509 1345 530 utvix
1360 504 1393 531 C.
1408 505 1551 533 Marcello
1562 526 1571 537 ,
1591 509 1709 546 optimo
1721 527 1730 540 ‚
1754 506 1997 538 &amantiffimo
2016 507 2110 541 fratri,

1129 553 1130 557 ¹
1152 552 1256 582 praeter
1265 552 1335 572 eum
1346 543 1467 583 quidem
1479 564 1486 577 ‚
1499 546 1634 576 cederem
1649 550 1765 578 nemini
1776 569 1784 582 ‚
1806 548 1875 579 curn
1888 549 1920 579 id
1932 550 2111 579 sollicitudi-

1152 594 1191 613 ne
1203 604 1211 618 ‚
1230 594 1296 614 cura
1309 603 1316 617 ,
1329 585 1428 614 labore
1439 586 1553 615 tamdiu
1568 588 1765 626 praestiterim‚
1777 591 1922 630 quamdiu
1933 590 1975 621 est
1982 590 2018 621 de
2027 591 2112 622 illius

1151 625 1241 655 salute
1251 625 1436 656 dubitatum:
1459 636 1536 657 celte
1546 628 1603 658 hoc
1611 639 1756 669 tempore,
1769 635 1885 671 magnis
1894 635 1972 662 curis
1983 653 1991 665 ,
2011 633 2113 662 mole-

1151 665 1226 700 stiis,
1237 667 1393 697 doloribus
1403 667 1556 702 liberatus,
1568 670 1698 709 praestare
1711 672 1815 702 debeo.
1833 677 1944 714 Itaque,
1957 677 1991 704 C.
2003 674 2108 706 Caesar.

1149 705 1187 737 fic
1199 708 1253 738 tibi
1266 710 1372 749 gratias
1380 719 1435 750 ago
1446 730 1455 743 ‚
1475 718 1508 739 ut
1517 712 1661 741 omnibus
1673 722 1721 742 me
1738 714 1826 744 rebus
1837 715 1851 744 a
1870 725 1897 745 te
1908 725 1972 745 non
1989 716 2121 746 confer!

1148 758 1217 779 vato
1231 750 1330 780 solum
1341 770 1350 784 ‚
1370 750 1518 781 sedetiam
1538 761 1663 786 ornato,
1684 763 1783 784 tamen
1799 756 1832 785 ad
1844 766 1891 786 tua
1909 759 1941 786 in
1954 767 2003 787 me
2013 766 2111 788 unum

1125 793 1127 798 “
1149 792 1388 822 innumerabilia
1399 794 1522 827 merita,
1534 794 1615 834 quod
1627 792 1690 824 fieri
1699 796 1763 834 jam
1773 796 1854 835 posse
1866 807 1931 828 non
1940 799 2109 833 arbitrabar,

1150 835 1304 863 maximus
1316 835 1373 864 hoc
1382 843 1436 864 tuo
1445 833 1538 868 faeto,
1547 836 1690 866 cumulus
1701 836 1855 868 accesserit.

182 907 205 924 1.
224 898 322 932 Sedjam
330 898 402 924 omnic
412 916 420 928 ,
429 896 496 930 εἶχε]
517 895 763 922 Exterininaritnus
782 899 840 930 quia
858 896 1009 922 volentibus
1030 896 1097 923 Pall.
1117 905 1121 917 i

141 933 264 960 omnibus
278 953 287 966 ,
301 934 365 960 item
377 930 861 958 ceruam&Put.c0ion.t1·ibus
872 933 900 958 ὃ(
912 934 994 958 Grut.
1015 942 1099 968 neque
1118 918 1121 969 l

140 971 199 996 heic
208 977 323 1000 tantum,
333 967 374 995 sed
385 969 413 994 &
423 965 533 1003 periodo
542 965 662 1003 sequenti
673 978 679 994 ς
703 967 746 994 ubi
757 974 815 994 erat
826 979 832 995 ;
855 971 913 1002 qnia
922 970 966 1002 nifi
982 976 1003 994 te
1012 972 1040 994 C.
1050 972 1099 995 Cae-

134 1007 192 1041 sar,
202 1006 230 1031 &
241 1006 294 1031 haec
302 1013 408 1040 quoque
418 1003 562 1029 eorundem
573 1002 694 1029 codicum
705 1004 831 1031 concordi
843 1004 955 1030 calculo.

177 1051 206 1067 2.
223 1040 336 1066 sedunde
345 1042 380 1066 eft
387 1040 440 1073 orsa
448 1042 475 1065 in
484 1039 530 1065 eod.
545 1046 614 1065 term.
631 1043 706 1066 oratio
716 1052 722 1066 :
742 1041 886 1075 maximas]
909 1041 952 1066 Sic
963 1039 1017 1066 Pali
1025 1061 1030 1066 .
1042 1039 1098 1066 fere

140 1085 232 1104 omues
242 1077 270 1102 &
281 1075 356 1102 Coll.
374 1075 428 1102 duo
436 1075 509 1111 prius
528 1075 594 1101 editi
604 1085 611 1102 ι
633 1077 678 1101 Sed
685 1083 712 1102 ut
722 1077 794 1109 unde,
803 1077 856 1108 (ἶγσ.
874 1079 949 1102 oratio
958 1086 1010 1102 mea
1019 1080 1100 1102 maxi-

140 1122 203 1144 mas,
212 1112 263 1143 εἴγε.

176 1157 202 1184 3.
222 1148 333 1181 sedquIa
341 1156 386 1172 mm
395 1149 449 1178 ert,
468 1148 534 1182 dvm]
556 1147 614 1173 Pal.
625 1157 709 1174 nonus
721 1148 750 1174 Sc
760 1148 849 1184 quint.
869 1148 937 1175 sext.
958 1147 1023 1184 sept.
1042 1147 1098 1175 οξὶτ.

137 1183 195 1210 dec.
206 1184 271 1210 item
283 1183 356 1209 Coll.
369 1190 421 1210 tres
434 1203 441 1215 ,
453 1183 548 1218 &quia
558 1202 566 1216 ‚
585 1183 656 1219 quod
668 1184 752 1211 foi-san
764 1185 871 1221 propius
889 1185 991 1211 accedit
1009 1184 1041 1211 ad
1054 1194 1099 1210 ve-

139 1228 197 1246 rum
210 1240 218 1252 ,
230 1219 336 1246 videtui·
348 1219 418 1245 enim
430 1219 573 1255 legendum
584 1231 590 1246 :
611 1221 641 1245 Id
648 1224 717 1255 quia,
729 1228 757 1246 ut
769 1220 901 1247 referatur
911 1220 943 1247 ad
954 1221 1097 1257 superiora.

174 1263 202 1290 4.
219 1257 347 1283 stantibus
355 1257 460 1281 omnihus¹
471 1275 479 1288 ‚
492 1256 559 1290 &egl
583 1256 606 1282 E
616 1265 690 1283 more
702 1257 785 1284 veteri
796 1258 954 1284 Senatorum
967 1277 975 1289 ‚
995 1258 1040 1294 qui
1051 1265 1098 1284 aut

518 1339 609 1399 hm
685 1342 1196 1401 TtiLLIUs

1145 895 1304 925 seutentiam
1315 897 1386 925 suam
1398 898 1454 934 ipsi,
1470 899 1497 924 &
1509 898 1526 924 si
1538 898 1601 934 quid
1613 899 1714 926 vellent
1723 908 1850 936 praeterea
1863 922 1870 933 ,
1882 903 2015 934 dicebant,
2026 905 2108 939 idque

1142 933 1237 960 stantes
1250 945 1256 960 ε
1278 942 1324 961 aut
1335 933 1429 970 quibus
1443 934 1581 962 videbatur
1594 954 1602 967 ,
1621 935 1827 964 assentiebantur
1839 937 1967 966 sedentes.
1994 940 2109 975 Epistola

1141 968 1172 994 ad
1184 970 1385 1007 QMetellum.
1405 970 1580 997 Gulielmius.

1182 1015 1207 1038 ς,
1228 1007 1325 1040 ‘Receffe
1342 1009 1377 1032 ef!
1388 1007 1550 1041 quodammodo
1560 1027 1568 1039 ,
1588 1007 1617 1037 ὠ·
1625 1009 1688 1041 quod
1695 1011 1776 1035 volunt
1787 1029 1794 1042 ‚
1813 1010 1842 1040 &¹
1851 1011 1913 1044 quod
1919 1011 1981 1036 decet
1994 1031 2000 1040 ,
2011 1012 2111 1045 &quod

1142 1045 1181 1067 M.
1193 1044 1306 1068 Maraeu„
1316 1042 1331 1068 ὰ
1342 1050 1364 1068 te
1376 1062 1385 1074 ,
1394 1044 1446 1073 (lje.
1465 1043 1553 1069 reddito
1564 1064 1572 1076 ,
1585 1046 1644 1078 fieri
1651 1046 1775 1079 [melligo]
1799 1046 1915 1073 Exhibui
1927 1046 1984 1073 fere
1994 1046 2106 1082 scriptu-

1141 1086 1196 1103 ram
1206 1080 1352 1114 primarum
1367 1078 1527 1105 editionum.
1548 1089 1606 1106 nam
1618 1081 1774 1116 posteriores
1791 1081 1903 1109 nimium
1922 1082 1954 1109 ab
1973 1083 2004 1109 iis
2014 1082 2107 1109 diver-

1141 1121 1212 1140 tuut.
1235 1115 1263 1140 ὃ(
1276 1115 1308 1141 lic
1318 1125 1424 1151 quoque
1436 1115 1503 1141 Pau.
1515 1115 1628 1152 aliquot.
1650 1125 1719 1143 notae
1729 1125 1817 1144 tamen
1830 1119 1961 1150 melioris,
1970 1118 2037 1144 item
2048 1120 2103 1144 Co-

1140 1149 1263 1177 lonienlis
1274 1151 1321 1177 ille
1334 1171 1341 1183 ,
1353 1158 1457 1177 tautum
1469 1150 1597 1178 habebant
1610 1171 1618 1183 ,
1628 1154 1709 1186 neceffe
1718 1156 1752 1179 eff
1761 1155 1931 1187 quodammodo.
1950 1155 2109 1188 &quodfieri

1140 1187 1202 1211 decet
1212 1191 1252 1213 M.
1263 1189 1374 1214 Marcello
1385 1186 1400 1212 ἃ
1411 1194 1443 1219 te,
1454 1188 1506 1218 &aa
1529 1189 1617 1213 reddito
1629 1191 1686 1222 fieri
1696 1190 1722 1215 id
1729 1192 1836 1223 intelligo.
1858 1190 1921 1217 talia
1932 1189 1988 1216 feri:
2001 1198 2105 1226 reperta

1142 1222 1274 1284 kambiuo
1285 1234 1291 1250 :
1313 1230 1420 1260 apparet
1440 1232 1474 1250 ex
1486 1223 1542 1258 ejus
1554 1224 1635 1251 Notis
1649 1233 1656 1255 5
1678 1235 1762 1261 neque
1774 1225 1843 1252 secus
1854 1234 1911 1254 erat
1928 1226 1956 1254 in
1966 1225 2078 1254 excuffis
2090 1229 2106 1254 'a

1166 1265 1274 1286 uteano.

1295 1344 1719 1404 CICERc)

141 1515 895 1594 Q„1.1GiiR1(>
992 1437 2098 1592 xigoc.(3A38Aithffi

379 1632 727 1679 ORATIO
807 1636 1126 1702 QyADR

1113 1741 1123 1849 l

333 1753 356 1764 M
369 1748 380 1762 ⁹
407 1731 512 1760 Ovum
531 1730 667 1764 crimen,
696 1732 730 1761 C.
746 1731 857 1764 Caesar,
879 1730 911 1761 &
931 1739 1000 1762 ante
1017 1732 1098 1762 hunc

408 1771 490 1802 diem
503 1772 673 1803 inauditum
687 1792 694 1805 ‚
714 1774 902 1813 propinquus
919 1783 1004 1803 meus
1015 1773 1051 1804 ad
1070 1783 1097 1804 te

311 1838 322 1849 ,,
353 1834 365 1843 -.
409 1814 584 1853 QTubero
594 1814 717 1847 detulit,
738 1815 942 1855 QLigarium
955 1817 988 1844 in
998 1815 1098 1846 Africa

323 1889 331 1898 .
409 1853 496 1885 fuiffe
511 1879 516 1884 .
538 1855 630 1896 idque
640 1858 672 1886 C.
685 1857 787 1890 Pansa,
800 1855 948 1896 praestanti
957 1859 1004 1886 vir
1014 1859 1099 1898 inge-

351 1901 357 1911 ·
410 1897 465 1926 nio
476 1916 485 1930 ,
503 1896 594 1927 fretus
604 1895 723 1927 fortasse
735 1907 769 1927 ea
785 1897 990 1928 familiaritate
1003 1919 1012 1932 ‚
1033 1908 1098 1939 quae

317 1964 322 1971 ,
370 1952 382 1963 a»
410 1936 453 1968 est
463 1940 489 1968 ei
501 1939 703 1972 tecum,ausus
717 1937 758 1968 est
769 1938 899 1978 confiteri.
920 1940 1097 1981 Itaque,quo

377 1983 385 1987 ⁴
409 1989 460 2009 me
477 1988 612 2014 vertam,
632 1980 743 2010 nescio.
765 1990 881 2020 paratus
899 1983 984 2011 enim
1006 1992 1099 2012 vene—

137 2033 212 2058 ram,
223 2034 295 2055 cum
305 2032 336 2054 tu
346 2022 376 2054 id
397 2026 407 2042 ¹
421 2031 518 2063 neque
526 2031 578 2061 pei·
588 2030 614 2051 te
625 2022 712 2052 scires
725 2041 734 2055 ,
753 2032 850 2063 neque
862 2021 963 2053 audire
974 2023 1094 2054 aliunde

136 2064 301 2106 potuiffes,
323 2073 356 2096 ut
371 2066 561 2106 ignoratione
580 2071 629 2094 tua
642 2063 678 2093 ad
696 2065 834 2094 hominis
851 2065 953 2095 miseri
972 2065 1095 2095 salutem

136 2107 287 2138 abuterer:
310 2107 516 2148 sedquoniam
534 2105 690 2146 diligentia
708 2107 829 2136 inimici
848 2110 863 2126 ²
882 2106 1094 2148 investigatum

136 2148 189 2182 est,
201 2149 283 2190 quod
294 2149 416 2180 latebat:
436 2146 655 2177 confidendum
667 2146 727 2181 est,
741 2157 773 2178 ut
783 2152 892 2188 opinor
904 2159 909 2178 :
931 2150 1094 2189 pracsertim

133 2188 205 2221 esim
219 2200 305 2220 meus
321 2188 500 2220 neceffiirius
511 2209 520 2223 ‚
540 2191 572 2219 C·
585 2189 675 2219 Pansa
686 2209 695 2222 ,
708 2189 830 2223 fecerit,
851 2199 883 2220 ut
892 2190 923 2226 id
943 2193 1002 2228 jam
1017 2193 1095 2220 inte-

133 2242 221 2274 grum
240 2242 304 2263 non
314 2231 402 2262 effer:
420 2229 587 2271 omiffaque
602 2230 800 2262 controversia
812 2252 821 2266 ‚
836 2233 940 2262 omnis
951 2234 1047 2262 oratio
1057 2232 1092 2262 ad

133 2274 373 2304 misericordiam
383 2283 464 2303 tuam
475 2272 657 2302 conferenda
670 2272 722 2306 est,
736 2283 795 2314 qua
801 2273 926 2313 plurimi
936 2275 1004 2304 sunt
1018 2283 1096 2304 con·
1114 2299 1116 2307 .

133 2316 249 2350 servati,
261 2319 274 2343 3
285 2314 357 2346 cum
367 2314 383 2346 ὲ
393 2324 421 2345 te
430 2325 494 2344 non
505 2312 695 2343 liberationem
709 2316 801 2355 culpe.
814 2315 862 2345 sed
876 2318 960 2345 errati
972 2318 1093 2346 veniam

134 2356 379 2398 impetravissent.
402 2357 502 2387 Habes
509 2358 617 2397 igitur,
634 2356 757 2386 Tubero
770 2377 778 2390 ‚
790 2356 872 2397 quod
885 2356 926 2387 est
935 2358 1094 2388 accusatori

134 2400 273 2430 maxime
283 2398 463 2439 optandum,
471 2396 670 2429 confitentem
681 2408 767 2428 reum
780 2409 785 2427 1
801 2399 850 2428 sed
858 2407 960 2429 tamen
971 2401 1010 2430 ita
1018 2409 1094 2429 con·

134 2438 284 2475 suentem,
305 2442 374 2471 sein
385 2450 417 2471 ea
426 2449 506 2481 parte
518 2437 607 2470 fuiffe
620 2459 629 2473 ‚
639 2449 697 2480 qua
706 2449 733 2470 te
744 2461 754 2475 ‚
770 2440 894 2471 Tubero
903 2461 911 2475 ‚
925 2451 982 2482 qua
990 2443 1091 2471 virum
1112 2471 1113 2480 ¹

134 2484 223 2512 omni
231 2482 316 2514 laude
335 2482 463 2524 dignum
473 2503 482 2517 ‚
502 2490 617 2522 patrem
633 2490 730 2512 tuum.
754 2484 851 2523 itaque
860 2485 942 2522 prius
957 2483 994 2513 de
1004 2482 1091 2519 vestro

133 2524 232 2554 αἐίίὲῗο
240 2523 450 2555 confiteamini
463 2523 578 2554 necesse
598 2522 660 2556 est,
681 2533 771 2564 quam
791 2526 901 2565 Ligarii
914 2525 1008 2556 ullam
1027 2525 1094 2555 cul·
1111 2556 1113 2563 .

133 2575 201 2605 pam
212 2566 444 2606 reprehendatis.
463 2567 631 2606 4Qigitur
642 2567 796 2605 Ligarius,
819 2576 889 2595 cum
908 2565 981 2596 effet
993 2567 1089 2598 adhuc
1109 2572 1113 2607 ξ

131 2608 216 2637 nulla
226 2608 297 2638 belli
308 2608 445 2648 suspicio,
460 2608 573 2649 legatus
587 2608 619 2636 in
630 2606 764 2637 Africam
781 2610 873 2637 5cum
886 2610 918 2637 C.
931 2607 1088 2642 Considio,
1109 2613 1111 2646 j

129 2649 281 2690 profesius
292 2648 350 2680 est:
374 2660 431 2691 qua
440 2652 473 2680 in
485 2651 633 2692 legatione
644 2668 653 2682 ‚
667 2648 700 2678 ὃς
709 2648 827 2679 civibus
837 2669 846 2683 ‚
859 2649 989 2680 &sociis
1005 2651 1044 2681 ita
1058 2651 1085 2681 se
1107 2650 1110 2685 i

133 2772 156 2788 1.
221 2766 285 2797 Eque
298 2770 372 2796 perte
380 2766 457 2797 scires
469 2782 477 2795 ,
494 2764 561 2797 ἐγω]
581 2761 658 2789 Libri
669 2761 771 2798 aliquot
781 2761 869 2799 scripti
873 2762 947 2796 scire.
965 2761 1032 2788 haud
1044 2770 1083 2790 ta-

222 2809 280 2826 men
293 2800 310 2826 ii
323 2809 389 2835 quos
398 2800 543 2835 plurimum
553 2798 664 2825 aestimo.

163 2845 191 2862 2.
206 2838 373 2869 Investigatam
381 2836 451 2862 eard
465 2834 651 2870 quodlatebat]
673 2834 717 2860 Sic
727 2833 838 2860 Erfurd.
859 2833 892 2860 sic
910 2831 968 2860 Pal.
987 2844 1084 2867 nouus,

128 2871 280 2898 coloniens.
290 2874 316 2898 δε
330 2874 440 2899 Gruter.
450 2872 505 2898 imo
516 2872 543 2897 ὃ(
554 2870 639 2897 editio
651 2878 736 2897 vetus.
757 2879 821 2906 quos
833 2869 937 2905 sequor.

165 2916 191 2942 3.
211 2909 268 2934 ciam
278 2907 293 2934 ei
303 2915 336 2940 te,
346 2918 389 2934 nori
401 2910 560 2934 aberarianem
570 2908 665 2942 culpe]
686 2908 716 2933 In
727 2907 862 2942 integrum
875 2907 976 2933 restitui
987 2906 1082 2933 lestio-

129 2951 186 2968 neni
198 2943 318 2978 priscam.
339 2944 372 2970 fic
381 2943 439 2970 sane
460 2943 584 2970 vetustius
595 2943 645 2969 cusi
664 2951 694 2969 ac
711 2942 768 2969 mss.
781 2943 862 2969 nostri
873 2951 903 2969 ac
913 2942 1043 2969 Gulielm.
1054 2943 1081 2969 &

129 2978 223 3005 Lamb.
233 2989 334 3006 ornnes.
354 2980 422 3006 male
431 2979 519 3016 postea
529 2979 630 3014 vulgati
643 2998 651 3011 ‚
661 2981 783 3012 non-folum
796 2981 965 3010 liberationem,
975 2980 1027 3009 (ἰςτ.

163 3022 191 3046 4.
211 3016 315 3047 Qintus·
323 3018 395 3048 igitur
403 3015 545 3049 Ligurum]
562 3016 604 3041 lta
614 3014 681 3041 Pali.
693 3015 740 3041 ille
752 3025 847 3046 nouus,
858 3016 884 3041 ὃ(
895 3014 949 3041 duo
960 3022 1013 3041 tres
1022 3014 1080 3046 alii,

127 3051 192 3076 ite-in
205 3051 285 3077 Grut.
296 3051 354 3077 reni
365 3052 391 3077 ui
402 3059 490 3077 autem
501 3054 535 3083 gl.
545 3054 604 3076 enim
614 3053 667 3084 Lig.
686 3050 756 3087 quod
767 3052 906 3079 inventum
924 3052 951 3077 iu
963 3051 1080 3087 quinque

127 3087 206 3114 etiarn
219 3085 280 3116 suis,
290 3061 403 3112 malelbat
415 3088 589 3113 Gulielmius.

165 3130 176 3151 ς
184 3141 189 3146 .
208 3125 265 3147 Cava
276 3124 301 3147 C.
312 3123 436 3156 Confidio]
458 3123 551 3149 Deleri
565 3132 654 3149 vocem
661 3124 792 3156 proconside
803 3143 811 3155 ,
830 3130 964 3159 tamquam
983 3122 1078 3150 novitii
1101 3115 1105 3137 ¹

125 3157 206 3184 l'oessus
219 3177 227 3190 ‚
247 3160 274 3183 ὃ(
287 3156 356 3193 quod
367 3158 462 3185 abesset
471 3158 584 3186 aliorum
594 3158 652 3186 ml's.
663 3160 688 3186 ὃ(
702 3160 796 3187 nostris
805 3159 998 3197 plerisqueuiifi
1009 3158 1079 3196 quod
1100 3140 1105 3189 l

1147 1636 1862 1684 AGESIMAPRIMA.

1134 1730 1272 1774 probavit
1282 1753 1290 1766 ,
1305 1740 1337 1762 ut
1347 1731 1493 1762 decedens
1503 1729 1660 1762 Considius
1674 1730 1830 1770 provincia
1840 1749 1848 1764 ,
1869 1728 2031 1761 satisfacere
2042 1732 2102 1762 ho-

1140 1773 1276 1804 minibus
1292 1784 1356 1804 non
1367 1771 1474 1813 posset,
1486 1772 1507 1803 fi
1519 1783 1704 1815 quemquam
1715 1773 1807 1803 alium
1819 1773 1986 1812 provincia:
1996 1772 2103 1812 praefe-

1137 1814 1231 1846 ciss'et.
1246 1818 1350 1856 Itaque
1358 1816 1556 1857 QLigarius3
1570 1814 1642 1846 cum
1658 1814 1710 1845 diu
1720 1814 1856 1844 recusans
1868 1814 1947 1843 nihil
1957 1813 2103 1854 profecis-

1140 1858 1196 1891 set,
1221 1856 1238 1877 ⁶
1246 1860 1438 1897 provinciam
1458 1859 1570 1897 accepit
1584 1859 1716 1887 invitus:
1739 1857 1788 1886 cui
1802 1853 1840 1885 fic
1849 1854 1968 1895 praefuit
1978 1857 2010 1886 in
2021 1866 2103 1896 pace,

1139 1908 1171 1929 ut
1182 1899 1214 1929 &
1224 1899 1353 1933 civibus,
1365 1899 1398 1929 &
1408 1899 1496 1929 sociis
1504 1897 1667 1940 gratiflima
1677 1897 1747 1927 ess'et
1758 1897 1822 1936 ejus
1833 1899 1986 1937 integritas
1997 1918 2005 1931 ,
2019 1898 2052 1928 &
2065 1897 2102 1928 fi-

1137 1940 1201 1970 des.
1226 1940 1345 1970 Bellum
1357 1939 1457 1971 subito
1468 1939 1588 1971 exarsit:
1608 1939 1702 1981 quod,
1712 1940 1765 1980 qui
1777 1947 1858 1970 erant
1868 1940 1901 1968 in
1911 1938 2022 1973 Africa,
2032 1948 2103 1969 ante

1138 1981 1297 2012 audierunt
1303 1983 1376 2022 geri,
1388 1981 1479 2022 quam
1492 1983 1593 2022 parari.
1616 1991 1678 2022 quo
1688 1980 1801 2014 audito,
1817 1981 1927 2019 partim
1937 1981 2102 2020 cupiditate

1138 2022 1350 2054 inconfiderata
1360 2043 1368 2057 ‚
1379 2025 1489 2063 partim
1499 2033 1578 2054 caeco
1589 2022 1723 2064 quodam
1736 2024 1846 2053 timore
1859 2041 1867 2055 ‚
1888 2027 1904 2049 7
1912 2021 2012 2062 primo
2022 2023 2100 2053 salu-

1137 2068 1187 2099 tis,
1203 2064 1269 2106 post
1280 2068 1369 2095 etiam
1383 2064 1475 2095 studii
1487 2066 1541 2098 sui,
1552 2064 1725 2106 quaercbant
1734 2064 1868 2104 aliquem
1879 2063 1987 2092 ducem.
2001 2058 2016 2083 3
2025 2074 2099 2094 cum

1138 2109 1274 2147 Ligarius
1288 2107 1418 2137 domum
1430 2106 1574 2147 spe&ans‚
1587 2107 1619 2137 &
1634 2106 1669 2137 ad
1682 2107 1749 2137 suos
1759 2105 1854 2135 redire
1864 2108 1998 2145 cupiens,
2011 2106 2100 2136 nullo

1137 2149 1166 2178 se
1181 2149 1330 2188 implicari
1349 2152 1473 2189 negotio
1483 2147 1579 2188 pass'us
1599 2148 1649 2178 est.
1673 2149 1800 2178 Interim
1820 2150 1852 2177 P.
1865 2149 1974 2178 Accius
1987 2149 2096 2181 Varus,

1134 2192 1186 2231 qui
1199 2198 1307 2230 praetor
1317 2190 1450 2220 Africam
1461 2191 1650 2224 obtinuerat,
1662 2191 1784 2220 Uticam
1798 2190 1891 2219 venit.
1911 2188 1946 2219 ad
1957 2199 2030 2218 eum
2042 2188 2101 2219 sta-

1132 2241 1189 2262 tim
1210 2233 1387 2262 concursum
1407 2231 1460 2262 est.
1492 2236 1589 2272 Atque
1609 2233 1660 2261 ille
1684 2241 1747 2261 non
1767 2230 1914 2261 mediocri
1938 2231 2099 2270 cupiditate

1132 2278 1147 2301 9
1159 2276 1281 2314 arripuit
1292 2276 1455 2314 imperium
1467 2294 1474 2307 ,
1493 2273 1513 2303 fi
1524 2274 1599 2304 illud
1610 2275 1759 2314 imperium
1772 2271 1829 2302 effe
1840 2274 1939 2312 potuit
1948 2292 1956 2306 ,
1968 2272 2048 2313 quod
2061 2272 2096 2304 ad

1131 2317 1283 2356 privatum
1302 2317 1434 2346 clamore
1459 2315 1663 2346 multitudinis
1683 2315 1828 2355 imperitae
1839 2334 1847 2348 ,
1866 2314 1954 2344 nullo
1973 2314 2097 2354 publico

1132 2356 1262 2388 consilio
1273 2357 1468 2388 deferebatur.
1493 2360 1597 2400 Itaque
1606 2359 1742 2398 Ligarius
1752 2376 1760 2390 ,
1772 2358 1823 2397 qui
1833 2366 1926 2386 omne
1937 2357 1992 2385 tale
2003 2365 2099 2396 nego-

1134 2401 1211 2430 tium
1223 2398 1481 2441 cupereteffugere
1495 2420 1504 2434 ,
1524 2400 1662 2440 paullum
1682 2399 1813 2429 adventu
1823 2399 1893 2428 Vari
1910 2399 2096 2438 conquievit.

1134 2441 1244 2472 Adhuc
1255 2462 1263 2475 ‚
1276 2444 1307 2472 C.
1321 2442 1414 2472 Caesar
1424 2462 1431 2475 2
1444 2444 1631 2483 QLigarius
1644 2443 1731 2471 omni
1740 2441 1827 2480 culpa
1835 2449 1926 2470 vacat.
1948 2439 2044 2469 domo
2054 2438 2096 2470 est

1132 2482 1261 2526 egressus
1272 2494 1336 2514 non
1348 2483 1443 2514 modo
1455 2486 1576 2514 nullum
1587 2483 1623 2514 ad
1634 2484 1762 2516 bellum,
1777 2482 1827 2512 sed
1837 2491 1876 2511 ne
1884 2481 1920 2511 ad
1931 2482 2097 2512 minimam
2133 2510 2141 2514 -

1132 2525 1259 2567 quidem
1275 2526 1475 2566 suspicionem
1499 2526 1569 2555 belli
1584 2536 1588 2554 z
1611 2525 1766 2570 legatusin
1783 2533 1852 2563 pace
1868 2521 2040 2567 Ρῐυὶςὲὶυε,
2061 2525 2095 2554 in

1131 2570 1288 2608 provincia
1297 2566 1476 2607 pacatiffima
1491 2569 1530 2597 ita
1542 2568 1570 2597 se
1581 2566 1662 2607 gefin
1672 2586 1680 2600 ,
1699 2575 1731 2595 ut
1742 2567 1770 2594 ei
1785 2574 1887 2604 pacem
1900 2563 1958 2594 esse
1970 2564 2096 2605 expedi-

1131 2618 1185 2640 ret.
1209 2609 1361 2641 ProfeEtio
1379 2609 1456 2639 certe
1475 2611 1614 2639 animuin
1636 2617 1722 2637 tuum
1743 2616 1806 2636 non
1820 2606 1910 2636 debet
1927 2603 2095 2636 offendere.

1132 2661 1209 2682 num
1223 2653 1314 2692 igitur
1332 2649 1499 2681 remansio?
1521 2649 1621 2680 multo
1639 2648 1753 2679 minus.
1776 2658 1846 2678 nam
1865 2646 2016 2689 profeffio
2036 2658 2095 2678 vo-

1944 2690 2094 2720 luntatem

1129 2772 1214 2790 nonus
1225 2764 1323 2797 confide,
1334 2760 1470 2797 quomodo
1482 2761 1508 2786 St
1519 2760 1604 2796 prima
1613 2758 1697 2785 editio
1708 2767 1716 2789 5
1728 2758 1755 2784 &
1767 2757 1837 2794 quod
1848 2756 1942 2784 Africa
1952 2765 2015 2784 tunc
2025 2767 2093 2784 non-

1128 2799 1193 2826 dum
1210 2799 1271 2825 effet
1284 2799 1419 2825 :iro-incia
1433 2795 1634 2832 prccozdiilaris.

1163 2835 1192 2861 6.
1214 2829 1366 2861 Pro-csnciam
1376 2832 1590 2866 ac.-ep.1.mw:m.]
1615 2832 1647 2857 Et
1658 2830 1724 2858 istud
1737 2830 1857 2857 revocavi
1877 2839 1910 2856 ex
1925 2836 1991 2857 vett.
2010 2828 2090 2857 editis

1128 2870 1292 2907 scriptisque.
1315 2869 1441 2896 neoterici
1453 2870 1535 2899 euim,
1547 2871 1641 2892 acriore.

1163 2915 1191 2942 7.
1209 2907 1289 2932 'Pvmfo
1302 2906 1390 2940 salmis
1404 2925 1411 2937 ,
1427 2907 1480 2937 prs?
1497 2908 1566 2929 ctiam
1579 2903 1700 2936 studsisui
1719 2904 1854 2937 qum-ebant
1872 2904 1973 2937 aliquem
1983 2901 2089 2937 ducem]

1129 2944 1168 2969 Ita
1188 2952 1259 2969 recte>
1273 2942 1419 2968 Lambinus
1432 2960 1439 2972 ,
1460 2950 1542 2975 neque
1563 2940 1640 2965 aliter
1658 2939 1726 2965 l‘ull.
1746 2948 1837 2966 ornnes
1851 2958 1859 2970 ‚
1878 2947 1924 2964 aut
1944 2939 2026 2964 Grut.
2039 2939 2091 2964 Er-

1126 2978 1200 3004 thrd.
1217 2979 1294 3005 Celti.
1310 2979 1382 3004 Hitt.
1394 2979 1481 3003 Maur.
1497 2979 1524 3002 5.
1536 2976 1664 3002 Victoris.
1682 2975 1785 3011 vulgata
1798 2994 1806 3008 ‚
1820 2975 1897 3008 primi>
1909 2975 1995 3009 salutis
2007 2975 2092 3008 caufh,

1123 3020 1183 3048 post.

1161 3050 1186 3077 8.
1209 3053 1266 3075 Cum
1275 3052 1390 3082 Ligarius
1399 3049 1488 3073 domum
1498 3051 1619 3082 spetst'ans,
1628 3047 1697 3082 ἐγω]
1714 3047 1834 3083 Recepta
1845 3045 1923 3072 hodie
1934 3044 2017 3072 leffio
2028 3054 2091 3078 mm,

1125 3086 1166 3113 sed
1177 3094 1272 3123 praeter
1287 3084 1343 3111 mll‘.
1357 3084 1469 3111 nostro-s.

1158 3131 1187 3157 9,
1207 3121 1479 3154 Arripuitimprimas}
1503 3120 1562 3146 Vim
1576 3120 1688 3148 multam
1711 3118 1885 3147 habetdirfi‘tio
1896 3127 1952 3154 quae
1971 3117 2091 3154 praemit-

1123 3158 1191 3187 titur
1202 3158 1227 3186 ir.
1240 3158 1353 3185 membr.
1366 3157 1528 3191 kintstaxi‘m
1541 3165 1622 3190 ari-ip.
2028 3190 2065 3214 Ui‘

1992 3198 2002 3217 1
2011 3209 2015 3214 .
2057 3197 2095 3216 lca

2115 2452 2137 2478 b)
