2337 3400
134 112 226 161 888
538 100 1056 151 M.Tt51.1.11

131 193 199 227 sim,
211 190 294 233 quod
305 189 435 229 denique
446 193 535 219 ante,
547 183 637 226 qu‘am
645 183 850 216 consulerem,
862 181 924 222 ipse
933 180 1089 220 judicave—

129 238 199 266 rim.
223 244 287 274 quae
305 233 426 263 omnia,
444 229 514 268 quia
531 229 604 257 Cato
615 225 753 256 laudibus
766 225 911 254 extulerat
921 225 954 253 in
969 223 1090 255 caelum,

128 273 391 317 perscribendaque
400 270 553 301 censuerat
566 281 575 302 ;
590 268 703 298 idcirco
715 268 744 296 in
753 265 986 306 ejmfi’ntentiam
997 263 1039 295 est
1049 263 1093 295 fa-

130 318 177 347 &a
187 313 328 346 discessio.
349 314 397 342 hic
405 320 505 342 autem
518 311 545 340 se
554 312 644 340 etiarn
656 309 785 339 tribuere
796 308 930 338 multum
942 305 986 337 mi
999 315 1091 346 putat,

127 358 210 398 quod
231 356 385 395 scripserit,
402 362 571 383 OPTIMUM
586 360 775 381 CONSULEM-
787 351 854 391 quis
863 350 1092 389 enimjejunius

128 401 208 430 uixit
228 399 392 428 inimicus?
413 395 459 425 Ad
480 404 576 425 cetera
599 391 674 424 vero
699 392 752 422 tibi
776 390 1037 432 quemadmodum
1048 400 1092 420 re-

130 438 260 479 scripsit?
282 448 399 468 tantum
421 445 503 477 rogat
522 436 559 466 de
570 446 596 466 s.
611 445 639 465 c.
651 436 831 479 utcorrigas.
841 435 899 463 hoc
911 432 1036 474 quidem
1048 431 1092 461 fe-

128 481 231 514 cissit,
257 485 266 500 ¹
289 490 377 510 etiam
398 478 417 508 si
436 480 540 508 aerario
555 478 730 508 adnovitius
741 475 821 506 esset.
846 474 895 505 sed
906 476 967 505 haec
981 477 1092 504 iterum

126 525 189 564 ipse
209 522 328 554 viderit.
353 525 400 551 De
421 521 534 554 hortis,
556 522 703 560 quoniam
721 518 847 558 probas,
866 515 952 548 effice
968 515 1092 557 aliquid.

132 568 262 596 rationes
287 574 366 594 meas
377 562 466 593 nosti.
490 561 511 592 si
521 561 594 592 vero
605 563 696 591 etiam
705 564 719 580 2
729 562 745 591 a
755 560 880 591 Faberio
889 558 1003 600 aliquid
1015 568 1095 589 rece-

132 607 269 641 dit‚niliil
283 607 397 646 negotii
407 604 458 634 est.
483 603 531 634 sed
542 607 633 634 etiam
645 602 705 633 fine
713 612 750 633 eo
760 600 842 643 pofl'e
853 601 958 631 videor
966 609 1095 631 conten-

130 650 210 680 dere.
233 650 360 678 vaenales
383 646 461 676 certe
484 646 552 676 sunt
569 644 690 679 Drusii3
710 642 828 675 fortass'e
846 644 879 673 &
900 644 1039 673 Lamiani
1061 642 1094 671 δε

133 690 276 722 Calliam:
298 690 347 720 sed
368 698 480 720 coram.
504 691 552 718 De
574 689 716 718 Terentia
735 697 800 716 non
824 683 942 725 possum
953 694 1095 715 commo-

80 732 86 739 '
132 733 203 763 dius
213 732 338 762 scribere
349 751 357 765 ,
370 731 462 771 quiim
477 740 508 761 tu
521 729 632 760 scribis,
654 729 775 769 officium
787 727 819 757 sit
830 728 921 757 nobis
930 724 1096 767 antiquiffi-

132 785 231 805 mum.
257 773 276 803 si
300 773 373 814 quid
394 781 451 802 nos
468 771 626 805 fefellerit,
648 772 732 805 illius
744 771 825 800 malo
837 779 885 799 me
897 789 905 803 ,
931 769 1022 810 quam
1035 769 1096 797 mei

134 825 292 858 pceniteie.
317 817 402 845 Oviae
419 817 456 844 C.
476 814 560 845 Lolii
578 813 707 844 curanda
726 813 793 843 sunt
813 821 866 840 1³-s
878 821 905 840 c.
918 819 1002 851 negat
1023 813 1098 840 Eros

135 857 217 900 posse
231 856 289 887 fine
302 868 372 891 me,
393 856 482 887 credo
494 877 502 890 ‚
514 855 595 897 quod
606 854 777 895 accipienda
787 852 925 894 aliquasit
936 873 945 886 ‚
957 854 988 883 &
1000 852 1097 882 danda

134 900 302 932 aestiniatio.
323 899 435 929 vellem
454 899 509 929 tibi
527 896 658 928 dixisset.
681 895 702 926 fi
722 898 806 926 enim
825 905 870 925 res
887 894 946 927 est,
969 904 1001 924 ut
1019 895 1096 924 milii

129 943 233 974 scribit
247 962 256 976 ‚
276 951 370 982 parata
385 954 394 976 3
414 951 470 971 nec
486 943 518 970 in
530 950 566 969 eo
579 939 642 978 ipso
656 940 801 969 mentitur
811 949 816 967 :
826 947 877 977 per
885 947 912 967 te
921 935 1032 967 confici
1041 946 1096 976 po-

136 987 204 1015 tuit.
226 985 257 1014 id
278 984 436 1025 cognoscas
447 1003 454 1017 ‚
478 981 662 1012 &conficias
673 981 780 1011 velim.
802 979 894 1022 Qod
906 989 955 1009 me
966 978 1098 1018 inforum

130 1036 222 1057 vocas
233 1038 243 1061 -,
267 1024 304 1055 eo
316 1035 414 1058 vocnS,
429 1025 520 1057 unde,
533 1026 622 1053 etiam
635 1023 723 1053 bonis
734 1024 810 1052 meis
821 1022 918 1055 rebus,
930 1020 1095 1060 fugiebam.

132 1068 208 1110 quid
227 1069 311 1098 enim
323 1068 400 1096 mihi
409 1066 477 1097 foro
488 1086 495 1100 ,
517 1065 577 1095 sine
588 1065 709 1103 judiciis
718 1085 727 1098 ‚
750 1063 809 1094 sine
819 1066 908 1093 Curia
921 1083 930 1097 ,
949 1065 981 1092 in
992 1063 1097 1092 oculos

132 1110 357 1140 incurrentibus
377 1111 432 1142 iis,
453 1117 529 1149 quos
554 1117 641 1148 aequo
658 1109 765 1137 animo
775 1106 878 1136 videre
890 1115 954 1135 non
962 1102 1097 1144 pofl‘um?

134 1152 224 1193 Qoo'
236 1161 334 1182 autem
345 1152 488 1180 homines
497 1150 513 1180 ὲ
523 1159 574 1179 me
582 1148 729 1189 postulare
742 1149 857 1181 scribis,
868 1157 900 1177 ut
911 1150 1020 1177 Romae
1030 1144 1095 1178 sim,

133 1204 231 1227 nenue
252 1194 350 1226 mihi,
368 1202 401 1223 ut
420 1191 513 1223 absim
523 1191 706 1225 concedere,
730 1198 937 1231 autquatenus
956 1198 1008 1218 eos
1019 1188 1097 1216 mihi

132 1230 316 1266 concedere:
338 1235 398 1273 jam
417 1235 534 1276 pridem
556 1234 630 1264 scito
649 1231 726 1266 effe,
745 1232 816 1263 cum
841 1240 937 1261 unum
953 1239 981 1259 te
991 1230 1095 1269 pluris,

130 1288 223 1319 quam
245 1287 354 1307 omnes
373 1277 444 1307 illos
465 1297 474 1310 ,
493 1286 595 1316 putem
619 1286 625 1305 :
646 1286 685 1305 ne
703 1285 752 1304 me
771 1273 897 1315 quidem
915 1280 1091 1303 contemno:

133 1318 266 1361 meoque'
278 1319 392 1355 judicio
406 1319 506 1349 multo
517 1318 588 1348 stare
600 1317 696 1351 malo,
707 1316 798 1358 quam
809 1317 953 1346 omnium
966 1314 1096 1353 reliquo-

130 1372 212 1392 rum.
231 1371 329 1401 neque
350 1370 453 1390 tamen
474 1359 652 1401 progredior
672 1358 794 1399 longius
809 1377 818 1392 ,
837 1358 929 1398 quam
949 1357 1028 1386 mihi
1041 1355 1096 1385 do-

132 1403 255 1434 &iffimi
265 1405 407 1433 homines
418 1403 590 1433 concedunt
602 1412 606 1430 z
617 1410 748 1442 quorum
763 1400 868 1440 scripta
879 1401 985 1429 omnia
994 1418 1003 1431 ‚
1015 1407 1097 1438 quae·

133 1455 265 1487 cumque
284 1445 353 1475 sunt
369 1447 403 1474 in
420 1454 485 1474 eam
498 1444 674 1474 sententiam
688 1463 696 1477 ,
720 1449 784 1472 non
795 1443 852 1482 legi
865 1442 964 1471 solum
979 1460 988 1473 ‚
1013 1438 1096 1480 quod

135 1488 232 1528 ipsum
253 1486 410 1517 eratfortis
420 1486 514 1527 ‘egroti
526 1506 536 1520 ,
556 1487 684 1524 accipere
697 1484 881 1514 medicinam
897 1495 906 1517 3
924 1481 1017 1512 sedin
1030 1491 1098 1511 mea

134 1531 225 1560 etiam
235 1529 339 1569 scripta
355 1528 510 1562 transtul‘i3
529 1527 610 1568 quod
624 1536 702 1557 certe
712 1525 817 1556 affliffi
830 1545 838 1558 ,
863 1523 991 1554 &fraEki
1000 1524 1097 1553 animi

134 1581 201 1601 non
219 1570 288 1600 fuit.
310 1570 346 1600 ab
358 1571 406 1600 his
419 1579 470 1600 me
480 1569 624 1600 remediis
633 1569 700 1599 noli
709 1570 744 1598 in
753 1567 842 1600 istam
851 1566 967 1597 turbam
980 1574 1094 1599 vocare,

135 1623 176 1644 ne
185 1611 327 1643 recidam.

77 1680 122 1705 22
373 1659 573 1700 *CICERO
595 1658 816 1691 ATTICO,
838 1658 867 1687 S.
977 1673 979 1693 ,

141 1702 260 1780 DE
271 1706 455 1734 TEREerA
465 1725 474 1738 ‚
494 1704 577 1745 quod
588 1705 666 1734 mihi
676 1713 769 1733 omne
779 1713 857 1733 onus
867 1702 1004 1742 imponis
1017 1712 1025 1735 3
1037 1710 1101 1731 non

236 1747 387 1787 cognosco
405 1755 488 1776 tuam
509 1750 542 1776 in
553 1756 602 1776 me
616 1745 700 1776 indul
724 1747 847 1775 entiam.
872 1743 926 1774 ista
937 1746 1020 1774 enim
1033 1743 1100 1772 sunt

139 1788 201 1828 ipsa
209 1788 334 1818 vulnera
346 1808 354 1821 ‚
367 1797 433 1828 quae
443 1798 507 1818 non
519 1786 639 1827 poffum
652 1790 712 1817 trac
727 1797 773 1816 are
783 1785 844 1815 sine
855 1788 994 1815 maximo
1001 1786 1100 1825 gemi-

138 1838 185 1861 tu.
201 1830 356 1859 moderate
375 1831 485 1869 igitur,
511 1829 611 1870 quaeso
624 1848 632 1862 ,
653 1838 685 1858 ut
704 1837 798 1868 potes.
821 1837 918 1868 neque
941 1829 1025 1856 enim
1045 1826 1060 1855 a
1073 1835 1101 1855 te

137 1872 205 1912 plus
219 1892 227 1905 ‚
242 1871 332 1912 qu‘am
341 1880 437 1910 potes,
449 1870 569 1910 postulo
581 1881 587 1899 ;
599 1879 683 1910 potes
693 1878 805 1904 autem,
820 1869 894 1909 quid
904 1870 967 1898 veri
978 1867 1023 1900 sit,
1035 1877 1100 1907 per—

138 1914 248 1953 spicere
274 1923 305 1943 tu
325 1923 416 1942 unus.
439 1916 489 1943 De
507 1913 642 1946 Rutilia,
661 1913 805 1953 quoniam
824 1911 935 1941 Videris
953 1909 1101 1943 dubitare,

137 1955 248 1986 scribes
262 1955 296 1985 ad
307 1965 357 1984 me
367 1975 375 1989 ,
385 1954 457 1985 cum
470 1955 554 1988 scies,
565 1954 614 1985 sed
626 1955 854 1995 quamprimum
866 1964 875 1987 5
887 1952 931 1986 &‚
945 1962 1020 1981 num
1029 1951 1102 1981 Clo-

140 1997 188 2028 dia
200 2018 207 2030 ‚
229 2000 271 2026 D.
291 1999 382 2027 Bruto
391 1997 546 2027 Consulari
559 2017 567 2030 ,
579 1995 644 2026 filio
654 1997 719 2029 suo,
731 2004 855 2025 mortuo
866 2015 874 2028 ‚
886 1996 1006 2025 vixerit.
1026 1993 1055 2023 id
1066 1993 1103 2023 de

138 2039 285 2069 Marcello
298 2059 306 2073 ,
325 2048 375 2069 aut
393 2038 472 2069 certe
485 2039 522 2068 de
535 2037 688 2069 Postumia
699 2038 764 2067 sciri
774 2036 872 2077 potest
884 2049 892 2071 3
911 2036 988 2066 illud
1001 2044 1101 2066 autem

140 2081 177 2111 de
192 2083 234 2110 M.
246 2083 336 2111 Cotta
347 2101 355 2113 ,
366 2089 416 2111 aut
423 2080 461 2111 de
471 2083 545 2121 Syro
556 2101 565 2114 ,
581 2090 631 2110 aut
640 2080 675 2110 de
685 2082 799 2119 Satyro.
823 2081 871 2109 De
886 2079 980 2109 hortis
992 2098 1001 2111 ,
1013 2080 1102 2108 etiam

141 2133 230 2163 atque
239 2125 329 2153 etiam
341 2127 353 2150 3
367 2132 394 2152 tc
406 2133 490 2163 rogo.
509 2122 656 2152 omnibus
667 2123 755 2154 meis,
766 2131 945 2162 eorumque,
955 2130 1032 2161 quos
1042 2120 1104 2150 scio

140 2166 221 2194 milii
235 2174 298 2194 non
310 2164 466 2194 defuturos
476 2184 485 2198 ,
505 2164 696 2195 facultatibus
707 2183 715 2197 ‚
739 2163 787 2194 sed
798 2172 903 2203 potero
913 2165 991 2192 meis
1006 2182 1015 2196 ,
1037 2163 1104 2192 eni-

143 2206 272 2237 tendum
295 2207 373 2236 mihi
387 2206 438 2236 est.
462 2207 530 2237 sunt
541 2208 632 2237 etiam
646 2225 653 2239 ,
673 2215 739 2246 quae
749 2205 878 2235 vendere
888 2204 975 2235 facile
985 2202 1103 2244 poffim.

142 2248 192 2279 sed
204 2268 213 2281 ,
226 2257 332 2278 utnon
341 2248 472 2279 vendam
483 2268 491 2282 ‚
503 2250 589 2289 eique
601 2247 718 2278 usuram
729 2247 857 2287 pendam
870 2266 879 2280 ,
890 2247 906 2276 ὲ
918 2256 977 2287 quo
988 2256 1102 2280 emero,

141 2300 209 2320 non
222 2290 289 2330 plus
302 2299 416 2320 annum
432 2310 441 2324 ‚
452 2288 570 2329 poss'um
581 2288 692 2330 affequi
709 2309 717 2323 ,
730 2289 813 2330 quod
825 2289 907 2322 volo,
920 2287 982 2318 situ
993 2298 1043 2318 me
1053 2288 1106 2318 ad·-

138 2333 233 2372 juvas.
249 2331 421 2373 paratiffiini
440 2332 509 2362 sunt
517 2330 624 2362 Drusi:
643 2333 726 2372 cupit
737 2333 821 2362 enim
833 2330 973 2361 vendere.
997 2332 1106 2371 proxi-

1138 98 1180 145 C
1215 113 1234 143 1
1271 112 1298 144 c
1336 112 1365 144 E
1401 113 1437 145 R
1472 115 1501 145 o
1537 115 1572 147 N
1607 115 1626 146 1
1660 115 1680 148 s

1133 189 1201 211 mos
1208 186 1282 220 puto
1292 179 1424 209 Lamia:
1443 178 1493 210 sed
1502 179 1592 211 abest.
1609 188 1642 211 tu
1652 189 1754 212 tamen
1764 200 1774 216 ‚
1785 177 1806 211 fi
1815 179 1887 222 quid
1898 188 1982 222 potes
1991 201 2000 216 ‚
2015 180 2104 214 σεῖο-Γ

1132 232 1204 253 rare.
1224 231 1264 251 ne
1285 221 1377 251 Silius
1390 220 1515 261 quidem
1526 221 1692 263 quidquam
1701 225 1810 256 utitur,
1829 224 1934 254 4&iis
1945 224 2096 255 usurisfa-
2119 224 2124 228 ’

1131 263 1250 295 cillime
1261 261 1480 293 sustentabitur.
1499 263 1574 293 habe
1583 272 1668 294 tuum
1679 267 1837 306 negotium
1851 277 1860 299 ;
1880 275 1935 297 nec
1946 286 1954 299 ,
1965 266 2039 307 quid
2049 274 2097 299 res

1134 315 1200 336 mea
1209 304 1367 335 familiaris
1377 303 1508 344 postulet
1520 323 1528 337 2
1538 313 1630 345 quam
1639 315 1695 346 ego
1706 315 1770 338 non
1779 317 1863 342 curo,
1876 311 1890 335 5
1900 308 1949 339 sed
1957 308 2031 350 quid
2041 317 2096 339 ve-

1136 348 1203 382 lim,
1215 347 1248 378 &
1258 347 1414 377 cur-aelim
1428 345 1581 376 existima.
1966 362 1968 364 v

1373 401 1398 432 C
1413 402 1570 431 lCERO
1597 403 1815 439 ATTICO,
1837 407 1868 436 S.

1215 450 1372 477 UrARAM
1392 455 1420 476 te
1438 446 1551 487 aliquid
1562 447 1658 481 nov13
1677 447 1760 488 quod
1773 449 1923 488 ejusmodi
1932 447 2028 479 fuerat
2038 448 2099 478 ini-

1213 491 1293 519 tium
1312 489 1500 522 litterarum,
1519 490 1659 529 quamvis
1677 499 1742 518 non
1759 499 1892 521 curarem
1911 491 2026 531 quidin
2040 492 2100 520 Hi-

1134 532 1235 571 spania
1245 530 1327 560 ficret
1337 550 1345 564 ‚
1367 540 1469 560 tamen
1478 538 1507 560 te
1514 531 1710 570 scripturum:
1722 531 1770 561 sed
1781 531 1921 562 videlicet
1931 534 2007 562 meis
2020 533 2100 562 litte-

1135 576 1174 602 ris
1184 572 1410 612 respondisti‚ut
1419 572 1456 602 de
1468 571 1548 605 foro,
1562 573 1594 602 &
1603 572 1640 602 de
1650 574 1747 602 Curia.
1768 573 1817 603 sed
1828 573 1937 603 domus
1945 573 2034 607 est‚ut
2043 576 2099 607 ais,

1136 614 1247 644 forum.
1267 614 1339 655 quid
1349 614 1410 654 ipsa
1419 614 1516 644 domo
1526 616 1604 644 mihi
1615 624 1691 654 opus
1702 613 1754 649 est,
1766 617 1877 645 carenti
1886 614 1970 645 foro?
1987 615 2102 646 occidi-

1138 666 1217 690 mus,
1234 657 1417 688 occidimus,
1430 658 1539 691 Attice,
1546 657 1609 696 Jam
1618 656 1734 696 pridem
1747 667 1803 686 nos
1811 657 1947 698 quidem,
1959 656 2008 686 sed
2019 666 2102 687 nunc

1134 698 1271 732 fatemur,
1284 697 1385 739 postea
1393 699 1484 738 quam
1493 708 1667 739 unum,quo
1678 698 2030 732 tenebamui·‚amisimus.
2043 700 2099 729 ita-

1134 751 1192 782 que
1202 739 1218 761 ⁶
1221 740 1386 781 solitudines
1391 741 1492 781 sequor
1504 751 1516 768 :
1528 740 1560 770 δε
1570 738 1708 773 timendi
1718 751 1775 782 qua
1785 750 1833 770 me
1845 750 1889 770 res
1902 739 1958 770 isto
1969 739 2103 769 adduxe-

1134 786 1182 816 rit,
1194 785 1307 816 enitar,
1325 781 1346 812 fi
1355 793 1416 823 quo
1427 782 1522 813 modo
1531 791 1637 822 potero
1649 802 1658 816 ,
1669 783 1786 822 (potero
1796 783 1909 821 autem)
1920 787 1935 810 7
1946 789 1977 811 ut
1987 790 2093 821 praeter

1140 835 1188 855 me
1199 834 1292 855 nemo
1302 824 1441 854 dolorem
1452 834 1555 855 meum
1567 825 1670 855 sentiat
1683 835 1688 853 :
1709 823 1730 854 si
1739 825 1803 854 ullo
1815 824 1909 854 modo
1922 825 2050 864 poterit,
2062 831 2102 853 ne

1140 877 1171 898 tu
1193 866 1330 908 quidem.
1352 875 1439 908 atque
1460 868 1550 896 etiam
1568 867 1618 896 illa
1637 865 1772 897 causaest
1784 876 1847 896 non
1860 864 2011 896 veniendi.
2035 874 2103 895 me-

1139 908 1260 940 ministi
1273 929 1281 942 ‚
1302 909 1375 950 quid
1398 918 1437 938 ex
1454 903 1641 938 teSAledius
1650 907 1814 950 quaefierit:
1832 908 2003 949 quinetiam
2020 916 2102 936 nunc

1139 951 1260 982 molesti
1277 951 1346 982 sunt
1360 962 1365 980 2
1385 950 1458 992 quid
1470 950 1624 983 existimas
1635 970 1643 984 ,
1664 949 1684 980 si
1693 953 1829 979 venero?
1848 953 1895 979 De
1905 950 2050 979 Terentia
2059 950 2099 979 ita

1137 1004 1204 1024 cura
1215 1013 1223 1026 ,
1244 1002 1276 1023 ut
1296 993 1399 1024 scribis
1410 1004 1420 1027 3.
1441 1002 1549 1033 meque
1561 994 1615 1022 hac
1623 992 1658 1022 ad
1670 995 1817 1022 maximas
1828 991 2017 1033 aegritudines
2029 994 2044 1017 9
2053 1000 2102 1021 ac-

1137 1035 1268 1066 ceffione
1287 1044 1369 1065 nunc
1394 1036 1526 1064 maxima
1546 1034 1648 1064 libera.
1673 1037 1710 1064 Et
1722 1054 1730 1067 ‚
1754 1043 1786 1063 ut
1797 1034 1866 1064 scias
1877 1043 1925 1063 me
1936 1035 1975 1063 ita
1984 1033 2100 1065 dolere,

1140 1080 1170 1096 ¹0
1181 1087 1212 1108 ut
1226 1087 1290 1106 non
1301 1086 1424 1109 taceam,
1437 1075 1547 1116 quibus
1555 1076 1739 1105 Consulibus
1748 1075 1927 1108 Carneades,
1939 1075 1972 1104 ὃς
1982 1085 2015 1104 ea
2024 1075 2105 1113 lega-

1137 1121 1180 1149 tio
1191 1122 1326 1149 Romam
1338 1119 1455 1147 venerit
1469 1136 1477 1150 ,
1489 1117 1631 1156 scriptum
1644 1117 1686 1147 est
1695 1119 1728 1146 in
1742 1126 1796 1146 tuo
1809 1118 1921 1146 annali.
1947 1118 2009 1146 haec
2019 1125 2102 1146 nunc

1136 1171 1240 1201 quaero
1250 1180 1259 1194 ,
1283 1169 1350 1200 quae
1359 1157 1559 1189 causafueiit:
1583 1158 1618 1188 de
1630 1161 1734 1198 Oropo
1744 1178 1753 1191 ‚
1777 1161 1906 1198 opinor,
1927 1158 1975 1187 sed
1985 1166 2102 1188 certum

1136 1202 1254 1232 nescio:
1281 1202 1314 1231 &
1325 1221 1333 1235 ,
1355 1200 1374 1230 si
1385 1203 1424 1231 ita
1443 1200 1486 1231 est
1496 1221 1504 1233 ‚
1526 1210 1591 1241 quae
1615 1199 1823 1230 controversia:
1835 1213 1844 1234 ·‚
1872 1209 2010 1240 praeterea
2020 1219 2029 1233 ,
2049 1200 2103 1240 qui

1136 1255 1173 1274 eo
1184 1253 1320 1284 tempore
1331 1243 1445 1273 nobilis
1461 1245 1627 1283 Epicureus
1640 1242 1730 1272 fuerit
1741 1244 1885 1275 Athenis,
1911 1244 1964 1282 qui
1974 1240 2102 1281 praefue-

1136 1294 1175 1322 rit
1197 1293 1292 1322 hortis
1304 1303 1312 1325 3
1333 1293 1386 1332 qui
1407 1293 1497 1322 etiam
1517 1292 1645 1321 Athenis
1665 1285 1828 1318 πλιπκοὶ
1838 1291 1951 1322 fuerint
1961 1290 2102 1322 illustres:

1138 1339 1163 1355 ¹¹
1174 1345 1239 1375 quae
1255 1344 1282 1365 te
1301 1336 1392 1364 etiam
1411 1337 1440 1353 ¹²
1452 1343 1490 1364 ex
1507 1333 1688 1374 Apollodori
1708 1343 1781 1374 puto
1789 1332 2029 1374 poffeinvenire.
2053 1337 2104 1365 De

1137 1379 1245 1411 Attica,
1257 1375 1422 1406 molestum
1435 1387 1444 1410 ς
1457 1375 1504 1405 sed
1514 1377 1660 1416 quoniam
1675 1377 1792 1410 leviter,
1805 1375 1884 1406 ϊεᾶὶὲ
1896 1374 1953 1406 effe
1962 1373 2100 1406 confido.

1137 1423 1164 1447 ²3
1177 1422 1225 1449 De
1239 1418 1362 1448 Gamala
1371 1418 1497 1448 dubium
1517 1419 1594 1447 mihi
1605 1427 1668 1447 non
1683 1427 1750 1448 erat.
1768 1418 1847 1448 unde
1858 1419 1942 1448 enim
1956 1427 2016 1448 tam
2026 1417 2104 1449 felix

1136 1463 1229 1502 Ligus
1248 1460 1349 1500 pater?
1371 1470 1444 1490 nam
1463 1460 1537 1501 quid
1559 1460 1595 1490 de
1607 1469 1655 1490 me
1668 1460 1766 1490 dicam
1781 1480 1789 1493 ,
1809 1462 1858 1490 cui
1870 1462 2103 1490 utomniacon-

1136 1506 1251 1545 tingant
1264 1523 1272 1535 ,
1294 1512 1354 1543 qua
1376 1501 1459 1535 volo,
1477 1503 1571 1532 levari
1590 1511 1655 1532 non
1674 1500 1816 1541 pofl'um?
1834 1505 1882 1532 De
1892 1500 1980 1532 Drusi
1991 1503 2100 1535 hortis,

1135 1547 1239 1587 quanti
1250 1541 1366 1574 licuiffe
1377 1553 1407 1573 tu
1419 1543 1520 1574 scribis
1535 1563 1544 1577 ‚
1565 1543 1597 1573 id
1610 1553 1665 1584 ego
1676 1553 1797 1584 quoque
1807 1544 1957 1574 audieram
1969 1563 1978 1577 ,
2002 1544 2035 1574 δε
2046 1564 2054 1578 ,
2067 1551 2102 1574 ut

1136 1590 1264 1628 opinor,
1285 1586 1349 1615 heri
1359 1585 1394 1615 ad
1405 1594 1432 1616 te
1443 1585 1612 1624 scripseram
1624 1595 1630 1613 :
1648 1588 1676 1611 ¹4
1688 1584 1736 1615 sed
1748 1594 1877 1624 QANU
1888 1586 2009 1626 quanti,
2022 1585 2102 1615 bene

1138 1630 1249 1660 emitur
1257 1627 1338 1669 quod
1348 1625 1463 1657 necess'e
1473 1626 1524 1656 est.
1546 1627 1635 1661 mihi,
1645 1636 1770 1667 quoquo
1782 1626 1878 1657 modo
1890 1637 1921 1657 tu
1931 1626 2098 1662 existimas,

1138 1672 1221 1711 (scio
1233 1672 1318 1700 enim
1329 1679 1383 1711 ego
1396 1669 1456 1709 ipse
1468 1689 1477 1702 ‚
1499 1668 1573 1709 quid
1583 1668 1620 1698 de
1629 1678 1679 1698 me
1688 1667 1882 1708 existimem)
1901 1669 2012 1699 levatio
2022 1679 2104 1710 quae-

1140 1714 1209 1743 dam
1227 1712 1291 1745 est,
1320 1709 1341 1741 si
1360 1712 1484 1744 minus,
1504 1711 1686 1751 dolorisQat
1708 1708 1802 1741 officii
1820 1710 1924 1740 debiti.
1947 1711 1994 1740 Ad
2003 1714 2103 1742 Sicam

1138 1752 1332 1794 scripsi,quod
1344 1756 1436 1782 utitur
1447 1754 1584 1782 Leonta,
1596 1750 1616 1781 si
1630 1752 1708 1781 nihil
1721 1751 1922 1782 conficeretur
1932 1751 1968 1782 de
1983 1755 2104 1783 Trans-

1139 1797 1295 1828 tiberinis,
1317 1795 1404 1824 habet
1424 1796 1458 1823 in
1478 1792 1605 1824 Ostiensi
1619 1795 1709 1823 Cotta
1728 1794 1927 1823 celeberrimo
1938 1794 2007 1824 loco
2025 1815 2034 1829 ,
2053 1793 2104 1825 sed

1140 1837 1281 1878 pusillum
1293 1837 1353 1866 loci
1369 1835 1419 1866 :ad
1429 1837 1505 1866 hanc
1515 1845 1579 1865 rem
1590 1844 1693 1865 tamen
1707 1838 1734 1862 ¹5
1743 1836 1811 1875 plus
1821 1838 1912 1865 etiam
1922 1835 1999 1866 satis.
2010 1835 2042 1866 id
2051 1846 2106 1866 ve-

1141 1882 1197 1910 lim
1214 1881 1339 1920 cogites.
1364 1888 1421 1908 nec
1447 1887 1548 1908 tamen
1568 1876 1622 1907 ista
1631 1879 1723 1917 pretia
1736 1879 1893 1908 hortorum
1903 1879 2106 1917 pertimueris.

1141 1932 1196 1952 nec
1205 1922 1356 1960 mihijam
1365 1929 1497 1961 argento,
1505 1930 1559 1950 nec
1567 1918 1648 1950 veste
1658 1929 1734 1960 opus
1743 1919 1795 1953 est,
1808 1917 1897 1950 ¹⁶nec
1905 1919 2106 1961 quibusquam

1140 1965 1272 1995 amoenis
1281 1963 1356 1993 locis
1369 1973 1374 1991 z
1385 1963 1443 1992 hoc
1453 1972 1528 2002 opus
1538 1961 1590 1992 est.
1615 1961 1705 1992 video
1717 1962 1838 1996 etiam,a
1849 1961 1960 2002 quibus
1971 1961 2106 2002 adjuvari

1141 2004 1259 2047 poffim.
1295 2004 1345 2035 sed
1364 2005 1486 2045 loquere
1505 2014 1576 2034 cum
1593 2004 1681 2034 Silio.
1713 2004 1792 2034 nihil
1816 2007 1900 2034 enim
1917 2003 1961 2034 est
1980 2004 2105 2034 melius.

1142 2048 1282 2079 mandavi
1291 2048 1383 2077 etiam
1394 2050 1477 2077 Sicae.
1496 2045 1652 2086 rescripsit,
1669 2045 1866 2077 constitutum
1881 2046 1908 2076 se
1921 2056 1991 2076 cum
2003 2055 2039 2076 eo
2051 2047 2105 2076 lia-

1142 2091 1220 2122 bere.
1243 2088 1349 2120 scribat
1358 2091 1449 2130 igitur
1457 2088 1493 2119 ad
1504 2098 1564 2122 me,
1575 2088 1648 2130 quid
1659 2089 1750 2130 egerit
1765 2091 1793 2117 ¹7
1805 2088 1838 2118 &
1849 2108 1859 2122 ,
1875 2097 1908 2118 ut
1918 2097 1951 2119 tu
1963 2087 2092 2119 videbis.

1380 2150 1574 2179 CICERO
1596 2150 1817 2182 ATTICO,
1838 2151 1867 2179 S.

1146 2198 1323 2279 'SBENE
1337 2203 1409 2234 fecit
1424 2206 1460 2233 A.
1474 2203 1566 2234 Silius
1578 2224 1587 2238 ‚
1608 2205 1661 2244 qui
1672 2204 1852 2245 transegerit.
1875 2212 1973 2244 neque
1983 2203 2068 2236 enim
2079 2203 2109 2233 ei

1251 2244 1344 2276 deesse
1356 2246 1508 2279 volebam,
1520 2245 1552 2275 δε
1562 2246 1636 2286 quid
1645 2245 1772 2286 possem,
1784 2244 1939 2275 timebam.
1963 2247 2011 2274 De
2021 2246 2107 2279 Ovia‚

1145 2287 1262 2319 confice
1272 2308 1281 2322 ‚
1296 2297 1327 2318 ut
1338 2288 1449 2318 scribis.
1473 2290 1521 2318 De
1532 2289 1680 2318 Cicerone
1692 2308 1700 2321 ,
1712 2297 1830 2327 tempus
1839 2285 1967 2326 essejam
1978 2286 2109 2316 videtur.

1145 2330 1196 2361 sed
1204 2340 1308 2372 quaero
1318 2350 1328 2364 ‚
1343 2330 1426 2372 quod
1436 2330 1482 2360 illi
1492 2340 1569 2371 opus
1578 2332 1635 2361 erit
1644 2331 1783 2363 Athenis,
1790 2330 1998 2370 permutarine
2006 2326 2106 2368 poffir,

1530 2385 1537 2391 ¹
2067 2379 2108 2401 an

183 2474 207 2492 1.
229 2467 328 2500 Etiamsi
335 2468 418 2492 ‚erario
427 2466 566 2492 adnovitiur
575 2465 652 2499 effen]
667 2466 731 2491 Haec
742 2465 778 2491 ita
791 2464 923 2491 referebat
935 2467 1108 2498 Decurtatus,

144 2501 256 2535 etiamfiaei
268 2505 333 2528 rasio
342 2503 439 2527 adua-oi
457 2503 503 2527 rm's
512 2504 563 2535 effet
575 2511 582 2530 ς
605 2501 674 2528 unde
686 2501 799 2534 conjecit
813 2501 902 2527 Belius
923 2503 1012 2535 etiamsi
1027 2506 1110 2528 σαι-[ο

145 2538 284 2564 adamans
292 2538 354 2569 essct.
374 2537 470 2564 Lamb.
482 2541 553 2563 etiam
563 2539 717 2572 vunnimfi
725 2538 858 2563 admonitus
867 2539 929 2571 effet.

183 2582 211 2599 2.
230 2577 254 2599 A
272 2575 370 2600 Faberio
387 2574 480 2607 aliquid
491 2574 602 2608 rumim]
626 2576 758 2609 Sequutus
778 2573 857 2599 iidem
869 2575 980 2600 Decurt.
1000 2574 1027 2599 &
1039 2575 1110 2600 Tor-

1149 2467 1274 2494 mendose
1286 2478 1292 2494 :
1317 2467 1377 2494 ideo
1387 2477 1419 2504 pu
1425 2467 1495 2494 tabat
1506 2468 1642 2495 Corradus
1653 2468 1857 2504 expungendam
1868 2467 1919 2494 effe
1929 2469 2111 2505 negationem.

1151 2503 1253 2535 Boiius,
1265 2513 1324 2536 pro,
1335 2514 1391 2535 non,
1403 2504 1518 2540 reposuit
1528 2514 1592 2530 nunc
1616 2512 1645 2531 ut
1655 2505 1748 2531 eratin
1761 2503 1924 2531 Crusellino.

1185 2548 1231 2575 .¹0·
1253 2543 1281 2564 Ut
1291 2550 1336 2565 non
1346 2542 1466 2575 taceam]
1488 2541 1568 2576 ang.
1579 2548 1606 2566 ut
1616 2542 1772 2574 nonjaceam.

1191 2584 1199 2600 1
1209 2584 1230 2602 1.
1250 2577 1306 2608 5211ae
1315 2584 1337 2600 te
1346 2577 1443 2610 etiaim]

1468 2576 1635 2603 Austoribus
1645 2576 1703 2603 mss.
1711 2576 1787 2611 juffit
1798 2575 1892 2603 excudi
1904 2559 2005 2609 Rosius,
2019 2585 2068 2611 φα
2076 2583 2112 2609 te,

147 2608 208 2635 nats.
229 2609 343 2645 repoliiit
361 2610 451 2636 Boiius
464 2629 471 2641 ‚
492 2608 507 2635 ἃ
527 2612 625 2636 Faberio
643 2610 737 2644 aliquid
754 2610 856 2642 recedit,-
877 2612 937 2636 cum
954 2611 980 2636 in
994 2609 1107 2646 vulgatis
1152 2612 1179 2638 &
1191 2615 1395 2643 moxflnvenire.
1407 2619 1440 2644 tc,
1451 2612 1558 2639 deestin
1571 2613 1644 2648 vulg.

148 2645 245 2672 deesset
255 2646 358 2680 as‘i‘quid.
380 2647 487 2672 Manut.
503 2647 528 2672 in
542 2645 622 2672 verbo
634 2647 717 2671 recedit
730 2646 855 2672 mendum
866 2646 916 2672 eise
928 2645 1073 2682 suspicatur
1082 2656 1112 2673 ac

1192 2657 1235 2674 n..
1255 2651 1314 2680 “Q“
1320 2651 1393 2674 eriam
1402 2658 1430 2674 ex
1438 2650 1592 2683 Apolhdom]
1603 2653 1644 2675 Ex
1650 2649 1778 2683 Apollodori
1787 2648 1884 2676 habent
1893 2647 2055 2683 antiquiores
2066 2657 2113 2675 co-

149 2680 255 2708 fortasl'e
265 2681 407 2717 legendum
421 2691 458 2707 res
469 2682 538 2707 cedit.
560 2682 656 2708 Lanib.
670 2683 774 2718 reponit
784 2683 995 2716 aliqnldprocedae't,
1007 2682 1110 2718 Lipsius
1152 2683 1224 2710 dices
1235 2692 1264 2710 ut
1274 2684 1426 2710 emendavit
1437 2686 1583 2711 Victorius.

147 2716 163 2741 ἃ
175 2720 272 2744 Faber-io
282 2718 375 2749 recidis,
386 2717 411 2743 id
422 2718 457 2744 eil:
468 2718 568 2749 aufers,
579 2718 625 2744 lib.
640 2727 681 2744 iv.
694 2719 789 2753 Antiq.
801 2718 864 2744 leust.
881 2728 936 2754 cap.
952 2727 993 2753 19.

186 2761 212 2783 3.
232 2756 257 2779 7³
270 2754 342 2788 roga]
357 2755 466 2786 Vocem,
477 2763 510 2787 te,
521 2764 554 2781 ex
566 2754 662 2785 Scidis,
674 2754 843 2781 Turnat-liano
861 2755 889 2780 ὃς
902 2754 1055 2782 Crul'ellino
1065 2754 1111 2782 ad-

151 2784 221 2814 didit
238 2791 334 2815 Bonus.

185 2831 213 2856 4.
233 2828 264 2849 Et
273 2828 301 2851 iio
310 2826 386 2859 afim-'s
395 2827 502 2855 facillima)
504 2827 676 2860 firstentabit117⁴
682 2827 704 2862 ]
724 2827 843 2863 Castigat
854 2826 955 2863 Lipfius
966 2826 994 2854 d.
1006 2836 1112 2864 cap.19.

149 2859 179 2890 ὼ·-
188 2861 206 2884 is
217 2861 303 2892 ufisris.

188 2904 214 2928 5.
230 2897 274 2921 Sea*
282 2897 338 2929 quid
350 2899 417 2922 velim
426 2899 455 2928 (ἵν
465 2907 508 2923 cm·
516 2901 590 2924 velim
600 2899 733 2933 existima]
755 2898 920 2925 Austoribus
931 2898 1028 2932 Scidis,
1039 2901 1111 2926 Tor-

149 2932 209 2957 nael.
221 2931 249 2957 St
261 2932 411 2960 Cruielliiio
426 2934 458 2960 sie
469 2934 553 2961 edidit
563 2935 664 2962 Bolius.
686 2934 764 2961 verba
772 2935 826 2961 haec
839 2955 848 2968 ‚
866 2936 947 2967 &cur
954 2938 1028 2962 velim
1039 2956 1046 2969 ‚
1064 2935 1111 2963 de-

153 2966 249 2994 suntin
265 2968 388 3001 vulgatis.

189 3003 219 3028 6.
228 3005 478 3038 Solitudinessequor]
499 3007 539 3032 Ita
550 3016 581 3033 ex
593 3006 643 3033 fiiis
655 3005 713 3033 mss.
723 3007 791 3043 legit
802 3007 861 3034 Eos.
874 3007 1112 3043 viilg.filitudintm.

188 3047 216 3072 7,
238 3043 356 3071 Utprttcr
364 3049 398 3066 nze
406 3050 468 3065 acmo
478 3042 572 3067 dos'orm
582 3053 655 3068 mcum
661 3044 777 3078 sentiat]
799 3044 880 3070 Forte
890 3043 1058 3071 ici-ibendum
1070 3053 1078 3069 i
1086 3045 1110 3075 i-

152 3073 231 3102 detui·
242 3075 343 3116 Lipfio,
353 3083 469 3118 uzpraezer
479 3084 499 3100 te
509 3087 582 3104 mmo.
603 3079 650 3106 lib.
665 3089 707 3105 iv.
718 3079 816 3116 Antiq.
826 3079 891 3107 ieci.
902 3089 957 3117 cap.
972 3088 1014 3116 19.

189 3110 218 3138 8.
238 3111 377 3144 <Aledius-J
400 3113 411 3136 ῑ
425 3111 480 3146 nlg.
491 3114 600 3138 Auditis.

187 3155 217 3183 9.
237 3149 361 3182 Acceffione
369 3149 573 3183 nuncmaxima]
595 3150 705 3187 Vulgati
723 3151 786 3182 libr-i
803 3155 923 3188 acceffione
931 3162 976 3181 non
994 3154 1113 3186 maxima,

1192 2728 1234 2755 13.
1255 2724 1288 2747 De
1305 2721 1434 2755 Gamala]
1456 2720 1660 2748 Emendatiusue
1678 2721 1784 2757 legatur
1800 2722 1904 2746 Gamala
1917 2739 1923 2750 ,
1941 2725 1973 2745 nt
1992 2718 2113 2747 referunt

1155 2756 1272 2782 Tornaes.
1284 2757 1309 2782 δε
1324 2758 1465 2784 Decor-tat.
1473 2767 1517 2790 an,
1528 2765 1558 2784 ut
1569 2758 1670 2792 vulgati
1681 2758 1784 2784 codices
1795 2756 1889 2788 edunt,
1900 2757 2014 2788 Magala‚
2025 2755 2113 2784 ocioso

1154 2792 1250 2819 legiori
1261 2792 1430 2828 quaerendum
1443 2793 1572 2829 relinquit
1583 2793 1684 2820 Belius.

1193 2836 1233 2862 14.
1253 2829 1298 2855 Sed
1305 2832 1392 2863 quanti
1400 2832 1499 2864 quami,
1511 2831 1565 2856 bene
1574 2832 1659 2855 emitur
1669 2829 1690 2864 t]
1710 2827 1801 2854 Aliter
1810 2827 1949 2862 distinguit
1961 2826 2117 2863 vulgus,fid

1151 2868 1250 2899 quami,
1260 2869 1347 2898 quanti
1355 2867 1410 2890 bene
1419 2868 1513 2891 emitur.
2006 2888 2014 2897 Ι.

1193 2910 1201 2926 1
1210 2910 1235 2934 5.
1255 2903 1315 2926 Plu,-
1324 2904 1395 2926 eriam
1405 2901 1494 2934 satis]
1515 2899 1634 2926 Tornaes.
1645 2900 1673 2925 &
1681 2897 1785 2925 Crusell
1793 2918 1798 2924 .
1806 2899 1862 2930 plm-
1871 2901 1942 2924 eriam
1951 2898 2023 2932 tymim
2034 2899 2099 2933 salis
2109 2909 2117 2926 .·

1155 2935 1196 2962 sed
1209 2936 1289 2968 illud,
1298 2936 1372 2970 qusim
1383 2955 1391 2968 ‚
1401 2935 1541 2963 adtextum
1553 2934 1629 2962 suill'e
1640 2942 1716 2972 putat
1727 2934 1817 2961 Belius
1827 2943 1861 2961 ex
1872 2934 2027 2970 gloll'einate
2038 2955 2047 2968 ‚
2065 2945 2116 2962 ne-

1154 2981 1206 3008 que
1216 2973 1251 2999 est
1263 2973 1288 2998 in
1301 2974 1458 2998 Decurtato.

1194 3009 1235 3035 16.
1255 3013 1312 3043 Qu·
1320 3009 1475 3042 quibusquam
1484 3007 1579 3033 amenis
1591 3007 1671 3040 locis]
1693 3006 1775 3040 Vulg.
1789 3015 1830 3032 nec
1839 3007 1986 3041 quh'znsdam.

1193 3053 1236 3079 ¹7·
1256 3048 1288 3069 Et
1297 3051 1324 3069 ut
1334 3051 1360 3068 m
1367 3044 1489 3078 videbis]
1512 3045 1626 3078 Fugerat
1638 3047 1653 3069 a
1665 3042 1779 3078 vulgatis
1790 3043 1929 3078 particula,
1942 3050 1985 3076 ur,·
1998 3053 2076 3079 qnam
2087 3043 2115 3071 iil

1154 3080 1211 3107 mss'.
1225 3080 1373 3107 latitantem
1383 3078 1569 3115 deprehendit,
1581 3079 1660 3115 inque
1671 3077 1743 3104 sunni
1757 3079 1843 3104 locuni
1856 3079 1965 3106 reduxit
1976 3080 2076 3107 Bonus.

1194 3125 1204 3142 ι
1211 3115 1237 3142 8.
1257 3117 1380 3149 Beneficit
1388 3118 1421 3143 A.
1430 3116 1531 3151 Silina]
1553 3116 1631 3143 Hanc
1640 3115 1776 3151 epistolam
1785 3114 1914 3151 superiori
1925 3114 2046 3143 anneffit
2057 3115 2119 3143 vul-

1155 3159 1216 3189 gata
1230 3152 1324 3180 editio.

2046 3195 2058 3215 ι
2065 3206 2071 3214 .
2081 3188 2122 3213 Ex

2124 2152 2172 2185 24
