2301 3395
209 112 273 168 18
675 101 756 160 hi
834 99 1167 157 Tunntt

198 197 390 238 Maniliana
404 198 541 235 Cicero.
568 195 661 231 Cum
687 194 780 231 enim
807 191 1037 240 pridienonas
1050 190 1163 226 030-

197 250 268 286 bias
290 261 459 296 magnum
485 257 674 283 numerum
698 243 852 279 hostium
863 240 990 286 exigua
1001 251 1108 292 manu
1122 239 1163 276 acl

199 299 490 346 Tigranocertam
506 293 639 331 viciss‘et
652 318 660 331 ‚
674 291 799 328 deinde
814 290 937 325 urbem
951 299 1054 337 cepit.
1081 287 1161 322 Plu-

200 349 340 383 tarclius
367 350 402 382 in
417 344 577 382 Lucullo.
605 342 674 378 Dio
697 342 783 375 libro
802 350 854 382 35.
868 337 993 374 eodem
1007 348 1098 373 anno
1113 339 1163 374 M.

199 397 352 445 Puppius
367 395 438 430 Piso
462 394 505 429 de
528 391 698 440 Hispaniis
722 386 1102 435 triumphavit.Cicero
1126 385 1162 421 in

1249 98 1742 158 Crannonis

1214 203 1254 228 na
1267 190 1429 229 mendosa
1442 190 1600 233 restituit.
1615 191 1713 229 Idem
1726 190 1906 231 Manutius
1917 191 1986 228 hoc
2001 206 2092 232 anno
2105 193 2179 247 epi-

1213 239 1333 276 stioiam
1351 253 1377 283 4.
1393 240 1473 278 libri
1491 254 1519 282 i.
1532 241 1574 278 ad
1586 241 1747 280 Atticum
1760 241 1917 289 scriptam
1927 254 2023 290 putat
2039 258 2045 280 :
2063 246 2097 280 in
2112 259 2180 294 qua

1211 288 1254 324 de
1277 292 1314 325 L.
1328 290 1508 326 Ciceronis
1532 301 1647 328 morte
1668 291 1749 338 agit.
1776 293 1857 327 Hoc
1880 303 1973 327 anno
1983 294 2017 329 P.
2033 294 2177 332 Clodius

1215 337 1351 374 Luculli
1377 339 1571 376 exercitum
1593 340 1627 375 in
1645 339 1771 375 Nisibis
1789 339 1880 376 urbis
1892 339 2072 377 obsidione
2085 342 2178 381 solli-

1211 386 1332 423 citavit
1345 414 1353 429 ,
1377 388 1520 425 aii-{tore
1532 391 1647 424 Dione
1670 387 1727 424 lib
1745 401 1795 432 35.
1808 388 1900 425 unde
1913 390 2039 425 Cicero
2053 391 2096 425 de
2108 394 2179 427 Ha·

198 445 357 480 Pisonem
370 470 378 484 ,
392 447 426 480 ὃ(
440 442 616 479 Asconius.
630 439 691 474 His
706 448 848 486 quoque
859 435 1058 471 consulibus
1071 446 1162 471 tem-
1186 432 1192 471 i
1213 436 1386 483 *ulpicum
1410 436 1491 485 resp.
1516 436 1594 473 Post
1606 437 1763 475 exercitu
1778 440 1816 474 L.
1833 438 1972 474 Luculli
1986 439 2181 480 iollicitatm

198 493 298 542 plum
314 493 412 541 Jovis
435 505 469 526 in
484 488 658 538 Capitolio
673 513 683 528 ,
705 486 801 534 quod
822 484 984 520 incendio
997 485 1162 519 consum-

199 554 277 578 tum
302 555 339 577 ac
363 541 533 577 refestum
546 548 613 572 crat
629 563 638 577 ‚
660 540 676 570 a

200 641 278 676 nius
295 640 352 675 lib.
371 652 398 682 7.
411 650 480 683 cap.
497 648 551 679 43.
565 635 690 670 Cicero
704 633 807 668 etiam
820 632 969 668 Veri-ina
979 632 1090 668 sexta,
1120 632 1163 670 Q.

199 689 365 725 Catulum
379 685 561 734 appellans,
575 682 791 730 Capitolium
804 679 1084 728 magnificentius
1098 680 1163 716 ess'e
1185 669 1194 744 ξῖ

197 738 394 774 restitutum
406 760 414 773 ‚
439 746 545 782 quam
571 732 674 767 fuerit
688 756 696 769 ‚
720 731 774 766 ait·
789 731 892 767 Circa
921 730 1010 765 idem
1024 740 1162 775 tempus

199 789 237 823 M
266 785 407 820 Tullius
418 796 479 830 pro
495 780 638 826 Fonteio
652 778 773 816 dixiffe
786 779 933 815 videtur.
948 781 1125 814 Tenuerat
1136 779 1161 813 is

197 829 420 882 provinciam
433 831 580 867 Galliam
596 840 720 878 praetor
730 841 789 877 per
797 828 1001 866 triennium,
1014 838 1053 861 nt
1066 826 1163 874 supi-21

197 883 239 921 ad
250 895 383 919 annum
393 892 579 916 DCLxxix.
592 889 768 914 annotavi·
780 879 948 914 Reversus
959 887 1074 912 autem
1085 879 1162 912 Ro-

197 945 292 968 mam
315 930 584 980 repetundarum
607 940 686 963 reus
697 927 806 962 fidius
818 926 865 962 est
878 927 895 962 a
907 925 1014 962 Gallis
1028 951 1036 966 ‚
1063 925 1162 974 quod

198 980 344 1029 Fontejo
357 990 501 1028 praetore
516 976 669 1026 oppreffs
683 989 748 1012 acre
760 975 874 1011 alieno
887 975 1067 1023 provincia
1080 974 1158 1010 fuis-

197 1031 267 1067 set:
281 1028 452 1078 quaestum
467 1027 531 1075 ip¹fe
546 1040 587 1063 ex
602 1038 740 1062 viarum
754 1024 952 1060 munitione
965 1024 1093 1059 feciffet
1105 1049 1114 1063 ‚
1127 1026 1162 1060 ὅ(

197 1079 394 1128 portorium
408 1077 480 1113 vini
497 1075 699 1111 instituisset.
724 1075 905 1110 Acculavit
919 1086 999 1109 eum
1018 1075 1064 1107 M.
1076 1072 1160 1108 {³1ae-

197 1126 549 1174 toriu5‚1hbscriptore
565 1127 598 1159 M
608 1123 890 1160 ,Fabiodefendit
905 1123 1082 1158 M.Cicer0
1096 1122 1161 1158 cir-

198 1190 240 1213 ca
261 1178 328 1212 hoc
351 1187 487 1223 tempus
501 1199 509 1213 ,
532 1173 692 1222 cumjam
705 1173 836 1220 equites
847 1184 930 1208 cum
951 1171 1162 1210 senatoribus

197 1239 241 1263 ex
266 1225 340 1272 lege
355 1224 491 1260 Aurelia
509 1222 709 1270 judicarent
723 1246 731 1259 ‚
756 1220 850 1269 quod
878 1220 1044 1256 orationis
1062 1221 1164 1256 verba

199 1274 401 1311 ostendunt.
432 1275 598 1321 Sequitur
621 1271 732 1306 oratio
747 1283 809 1318 pro
825 1274 863 1304 A.
877 1270 1016 1305 Caecina
1031 1283 1037 1303 z
1062 1269 1118 1317 cuj
1126 1282 1162 1305 us

200 1325 339 1372 tempus
366 1323 561 1358 incertum,
583 1330 830 1368 argumentum
856 1320 941 1354 vero
953 1318 1020 1354 tale
1031 1317 1164 1355 esttM.

199 1372 380 1409 Fulcinius
406 1368 666 1419 Tarquiniensis
690 1367 867 1404 Cesenniae
883 1367 986 1405 uxori
1000 1367 1164 1409 moriens,

196 1420 457 1458 usumfructum
482 1418 647 1454 omnium
663 1418 841 1452 bonorum
861 1416 1003 1452 suorum
1029 1417 1165 1464 legavit,

198 1482 240 1505 ut
261 1470 436 1506 frueretur
461 1480 530 1503 una
552 1479 634 1502 cum
656 1466 729 1502 filio
743 1465 868 1501 herede
881 1466 1049 1501 instituto.
1077 1466 1165 1501 Filio

198 1530 343 1555 mortuo
358 1544 366 1559 ‚
392 1520 427 1554 ὃς
438 1517 602 1553 auctione
613 1517 791 1551 bonorum
802 1514 990 1553 constituta
1002 1539 1012 1553 ‚
1036 1515 1163 1551 Cesen-

198 1569 259 1605 nia
272 1567 424 1604 fundum
438 1567 533 1602 exiis
544 1565 647 1600 bonis
661 1577 782 1600 emerev
792 1563 835 1601 de
847 1563 1013 1601 sententia
1025 1564 1158 1599 amico-

197 1630 279 1654 rum
304 1615 500 1653 constituit.
526 1614 635 1662 quue
648 1615 830 1661 negotium
845 1616 922 1649 Sex.
948 1614 1094 1649 AEbutio
1105 1614 1164 1651 de-

195 1667 257 1702 dit.
286 1665 344 1701 cui
367 1664 498 1700 fundus
511 1687 519 1701 ‚
549 1663 696 1711 pecunia
724 1662 901 1698 Cesenniae
914 1672 1049 1710 emptus
1067 1689 1075 1703 ‚
1097 1665 1164 1700 fuit

196 1715 367 1751 addiitus
382 1712 548 1749 Cesennia
562 1714 644 1748 cum
659 1724 731 1747 non
746 1711 859 1747 multo
873 1710 946 1759 post
962 1716 999 1746 A.
1014 1713 1163 1749 Caeeinae

196 1763 359 1811 nupsisset
371 1789 379 1803 ,
395 1773 547 1809 eumque
560 1761 724 1797 heredem
737 1759 865 1796 feciffet
877 1784 886 1798 ‚
901 1759 1049 1795 decessit.
1067 1764 1162 1799 Tum

197 1813 364 1850 AEbutius
380 1811 533 1847 fundum
546 1811 644 1846 illum
660 1836 668 1850 ‚
693 1821 798 1859 quem
811 1808 973 1844 mandato
987 1810 1163 1848 Cesenniae

195 1872 325 1897 emerat
337 1884 345 1898 ‚
369 1860 469 1896 suum
493 1859 558 1894 effe
581 1859 680 1895 dixit.
712 1861 833 1907 Itaque
844 1857 1074 1895 constitutum
1087 1860 1164 1901 fuit,

196 1924 268 1959 quo
292 1910 347 1945 die
359 1909 394 1944 in
411 1921 484 1945 rem
497 1909 697 1956 praesentem
712 1909 890 1943 veniretur
903 1931 911 1945 ‚
934 1918 973 1943 ut
987 1908 1069 1943 cum
1082 1910 1161 1945 Cae-

197 1961 276 1995 cina
287 1959 330 1994 de
342 1957 547 1993 fundoeffet
559 1957 714 2004 dejetstps
727 1981 736 1994 ‚
750 1956 974 1992 interdictum
988 1955 1006 1992 εἰ
1017 1969 1164 2004 praetore

195 2007 382 2056 postularet
418 2008 552 2041 Verum
571 2005 729 2041 AEbutius
743 2005 853 2040 fundo
869 2016 1041 2053 occupato
1058 2031 1067 2045 ,
1092 2008 1162 2043 Cae.

196 2057 312 2092 cinam
339 2056 374 2090 in
389 2068 471 2090 eum
483 2053 620 2100 ingredi
633 2064 820 2090 conantem
833 2078 842 2092 ‚
867 2054 994 2089 coaffis
1009 2057 1164 2092 armatis—

197 2117 266 2152 que
276 2103 478 2139 hominibus
490 2114 547 2146 per
559 2102 629 2136 vim
639 2102 732 2136 aditu
744 2101 963 2149 ingressuque
975 2103 1164 2146 prohibuit.

197 2152 367 2200 Repuliiis
380 2151 520 2186 Caecina
544 2149 770 2185 interdictum
794 2150 836 2184 de
862 2149 997 2184 armatis
1006 2150 1162 2184 homini-

197 2202 261 2237 bus
276 2214 293 2236 a
307 2199 485 2235 Dolabella
514 2209 658 2244 praetore
670 2199 866 2245 impetravit
880 2222 887 2235 ‚
912 2208 951 2233 ut
963 2198 1057 2232 unde
1068 2197 1162 2245 deje-

198 2251 275 2286 &us
300 2249 380 2284 esset
391 2274 399 2288 ‚
425 2249 467 2283 eo
493 2248 739 2283 restitueretur.
768 2246 929 2284 AEbutius
945 2245 1122 2282 restituisse
1134 2247 1165 2282 se

198 2299 288 2335 dixit
305 2312 313 2333 z
337 2298 372 2332 in
386 2309 529 2345 eamque
540 2309 614 2332 rem
629 2296 763 2344 sponsio
777 2296 863 2332 faeta
875 2294 932 2330 est.
958 2294 1000 2329 de
1012 2308 1080 2344 qua
1092 2298 1163 2330 Re-

200 2357 419 2396 cuperatores
432 2359 448 2380 a
461 2356 607 2394 praetore
617 2345 697 2385 dati,
708 2346 1062 2392 cognoveruntTota
1071 2356 1164 2392 quae-

198 2396 263 2432 stio
289 2393 501 2430 definitionis
523 2393 570 2429 est
582 2420 590 2434 ‚
619 2396 674 2429 An
698 2393 883 2430 interdisto
908 2392 950 2428 de
966 2393 996 2428 vi
1010 2403 1168 2429 teneatur

199 2445 303 2481 etiam
313 2445 338 2479 is
353 2470 361 2484 ,
384 2443 444 2492 qui
469 2456 541 2478 non
552 2441 677 2490 dejecit
690 2443 733 2478 de
745 2441 854 2478 fundo
867 2468 876 2483 ‚
903 2441 957 2477 sed
972 2442 1012 2476 ab
1024 2441 1097 2490 ejus
1110 2442 1166 2477 in-

198 2493 312 2541 gressu
326 2491 503 2540 prohibuit
517 2496 528 2527 ?
540 2491 583 2527 de
596 2504 663 2540 qua
674 2504 710 2527 re
721 2491 847 2527 Cicero
860 2491 894 2525 in
909 2492 1077 2526 Oratore:
1092 2493 1166 2526 To·

199 2555 235 2580 ta
259 2541 348 2577 mihi
372 2542 467 2576 causa
488 2554 550 2588 pro
565 2540 705 2577 Caecina
726 2539 769 2575 de
782 2539 892 2575 verbis
905 2539 1078 2574 interdicti
1092 2539 1167 2574 fuit:

199 2603 253 2628 res
262 2589 436 2625 involutas
449 2588 648 2624 definiendo
659 2587 977 2636 explicavimuS,jus
986 2588 1089 2623 civile
1099 2588 1170 2623 lau-

204 2639 368 2676 davimus
378 2662 387 2677 ,
418 2637 521 2674 verba
534 2638 694 2685 ambigua
703 2637 933 2674 distinximus.

285 2714 381 2747 Anno
394 2708 481 2746 urbis
497 2720 688 2746 Dchxxv.
701 2712 858 2748 Ciceronis
869 2721 998 2749 xxxix.
1009 2721 1104 2748 coss,

318 2817 358 2852 L.
388 2758 761 2852 CAECILIJLlJteSmnlirl
777 2817 886 2852 ETE
900 2819 1054 2859 LLUS‚

431 2864 777 2910 QMARCHJS
805 2866 936 2902 REX.

297 2928 325 2964 E
351 2926 405 2963 his
427 2926 628 2963 consulibus
649 2927 775 2964 Cicero
801 2929 837 2965 in
865 2930 1025 2966 Pisonem
1039 2944 1046 2966 :
1073 2928 1173 2965 Aude

298 2987 394 3013 nunc
408 2975 430 3009 ὃ
442 2975 530 3012 furia
545 2976 589 3012 de
602 2987 664 3013 tuo
679 2977 793 3014 dicere
804 3002 814 3016 ‚
840 2978 938 3026 cujus
953 2979 1018 3015 fuit
1032 2979 1173 3015 initium

202 3023 275 3060 ludi
291 3024 505 3072 compitalitii
520 3050 528 3065 ,
543 3036 621 3061 turn
633 3026 790 3074 primum
805 3027 884 3062 fac‘ti
900 3028 975 3075 post
991 3031 1030 3064 L.
1047 3027 1172 3063 Metel—

201 3073 277 3125 lum
300 3074 336 3110 &
347 3074 576 3119 Qiarcium
589 3086 684 3112 coss.
713 3086 835 3112 contra
844 3078 1088 3113 auetoritatem
1104 3078 1172 3112 hu-

190 3134 252 3178 ⁴¹ius
267 3121 410 3160 ordinis.
438 3124 490 3162 Ita
501 3123 595 3160 enim
610 3123 703 3162 reite
721 3125 843 3161 Paulus
855 3126 1036 3168 Manutius
1053 3125 1170 3163 nomi-

1186 476 1190 535 ξ
1213 485 1301 533 fugit
1314 485 1421 521 ruine.

690 534 880 583 Q-Catulo
892 533 1091 572 dedicatum
1104 532 1162 573 est,
1186 548 1191 583 Ι

200 590 425 627 Cassiodorus
446 591 481 624 &
505 586 626 623 Livius
641 585 766 627 lib.9>5.
791 583 933 618 Tacitus
957 583 1015 618 lib.
1033 581 1161 624 19.Pl.i-
1185 586 1195 624 1¹
1624 608 1764 653 filerunt,

1192 572 1194 575 >
1311 564 1404 596 Anno
1416 557 1501 596 urbis
1519 570 1728 597 DCLxxxvi-
1743 560 1897 599 Ciceronis
1912 572 1972 597 XL·
1984 573 2082 600 coss.

1265 666 1305 700 C.
1333 665 1715 702 CALPURNIUS
1743 667 1896 703 Piso,
1932 667 1983 702 M.
2013 668 2130 707 ACI-

1480 716 1611 753 LIUS
1650 715 1924 751 GLABRIO.

1192 776 1193 815 Ῐ
1216 781 1326 861 HI
1353 780 1508 815 consules
1533 779 1981 816 nominantur-aeicerone
1997 780 2054 816 lib.
2074 782 2179 819 12'.ad

1311 831 1382 865 Att.
1398 830 1432 864 &
1444 829 1629 877 Philippica
1639 829 1785 864 secunda
1797 852 1807 867 ,
1818 828 1944 876 quibus
1957 830 2001 866 C.
2013 830 2181 871 Triarius,

1211 879 1341 926 legatus
1368 878 1504 913 Luculli
1529 878 1547 913 ἐι
1562 878 1762 914 Mithridate
1792 877 1905 913 vidtus
1928 878 1994 915 fuit
2008 905 2016 917 ‚
2042 890 2080 915 ut
2099 880 2184 922 Di0,'

1213 927 1412 963 Plutarchus
1426 929 1459 963 ὃ(
1472 927 1643 975 Appianus
1658 927 1811 963 scribunt
1825 952 1833 966 ‚
1846 927 1909 975 qui
1921 926 2051 964 addunt
2066 954 2074 968 ‚
2087 929 2178 964 ceci-

1212 977 1293 1012 disse
1315 987 1392 1013 tum
1414 977 1636 1012 centuriones
1661 988 1718 1012 eL.
1729 976 1888 1012 tribunos
1914 987 2017 1012 xxiv.
2030 979 2064 1012 &
2074 977 2180 1013 castra

1213 1028 1457 1061 Romanorum
1483 1024 1500 1059 ὲ
1515 1024 1715 1061 Mithridate
1728 1035 1825 1072 capta
1836 1025 1943 1060 fuisse.
1966 1027 2051 1061 Haec
2063 1026 2110 1061 est
2122 1026 2179 1062 illa

1212 1075 1383 1110 calamitas
1397 1100 1405 1115 ‚
1427 1085 1531 1122 quam
1546 1074 1672 1109 Cicero
1700 1074 1735 1110 in
1750 1073 1938 1109 Maniliana
1950 1084 2081 1111 tantam
2096 1074 2177 1110 fuis-
2218 1089 2223 1092 ·

1211 1124 1242 1159 se
1255 1124 1300 1159 ait
1313 1149 1322 1164 ‚
1348 1134 1385 1158 ut
1414 1134 1489 1158 eam
1502 1123 1541 1157 ad
1557 1135 1654 1159 aures
1668 1126 1705 1159 L.
1719 1122 1859 1159 Luculli
1875 1123 2091 1170 imperatoris
2104 1136 2176 1159 non

1211 1186 1253 1209 ex
1280 1172 1400 1220 praelio
1413 1171 1562 1207 nuncius
1575 1198 1584 1213 ‚
1609 1171 1663 1207 sed
1676 1184 1719 1208 ex
1731 1172 1888 1208 sermone
1900 1184 2024 1207 rumor
2035 1171 2181 1208 afferret.

1211 1222 1268 1256 hic
1279 1222 1315 1256 in
1334 1221 1403 1269 ipso
1414 1221 1474 1256 illo
1487 1221 1579 1256 malo
1593 1244 1603 1259 ‚
1615 1221 1880 1269 gravissimaque
1892 1220 1972 1256 belli
1986 1219 2178 1256 offensione

1214 1273 1251 1306 L.
1266 1269 1434 1306 Lucullus
1448 1294 1457 1307 ,
1481 1270 1539 1318 qui
1564 1280 1679 1306 tamen
1703 1270 1814 1318 aliqua
1826 1282 1869 1306 ex
1882 1270 2025 1317 parteiis
2037 1270 2177 1309 incom-

1213 1319 1325 1355 modis
1348 1319 1475 1354 mederi
1509 1319 1645 1355 fortasse
1659 1319 1818 1367 potuiffet
1831 1345 1839 1359 ‚
1865 1317 2082 1366 vestrojuffu
2096 1331 2178 1354 coa·

1213 1369 1287 1404 &us
1300 1393 1309 1407 ‚
1336 1368 1430 1416 quod
1458 1368 1591 1417 imperii
1617 1367 1837 1404 diuturnitati
1859 1367 2007 1403 modum
2030 1366 2181 1403 statuen-

1212 1417 1298 1453 dum
1327 1417 1434 1453 veteri
1461 1417 1622 1465 exemplo
1646 1416 1822 1465 putavistis
1836 1442 1844 1457 ,
1868 1425 1998 1463 partem
2011 1416 2178 1455 militum,

1211 1466 1271 1515 qui
1283 1465 1351 1512 jam
1366 1466 1539 1513 stipendiis
1553 1465 1720 1505 confeffis
1733 1476 1829 1501 erant
1842 1489 1851 1503 ,
1874 1463 2002 1500 dimisit
2014 1489 2023 1502 ‚
2045 1475 2177 1513 paitem

1213 1515 1394 1551 Glabrioni
1407 1515 1557 1551 tradidit.
1586 1515 1751 1551 haelenus
1761 1513 1902 1554 Cicero..
1926 1513 2106 1550 Confeffis
2119 1514 2178 1549 sti-

1212 1565 1344 1613 pendiis
1358 1575 1454 1600 erant
1466 1564 1590 1600 milites
1605 1564 1799 1605 Valeriani,
1824 1562 1982 1604 έκλέωοι
2006 1564 2035 1596 οἱ
2054 1562 2082 1598 ⁴7³
2102 1576 2178 1609 spx-

1211 1614 1300 1652 τεὶοις
1315 1612 1478 1658 ἀφεθέντες
1490 1638 1500 1652 ,
1513 1624 1551 1649 ut
1564 1613 1632 1649 Dio
1646 1613 1803 1662 loquitur
1816 1637 1826 1651 ,
1839 1612 1896 1661 qui
1911 1610 2005 1647 addit
2015 1636 2024 1650 ‚
2036 1612 2178 1651 turbam

1210 1663 1314 1701 etiam
1326 1674 1404 1699 tum
1417 1663 1541 1699 faetam
1554 1687 1564 1702 ‚
1590 1675 1672 1699 cum
1686 1662 1811 1698 milites
1823 1660 1975 1697 Acilium
1987 1661 2177 1702 consulem,

1211 1713 1270 1761 qui
1291 1723 1329 1748 ut
1343 1712 1493 1749 Lucullo
1506 1711 1702 1748 succederet
1712 1737 1721 1753 ,
1745 1710 1863 1746 miffus
1876 1720 1946 1745 erat
1958 1733 1966 1748 ‚
1992 1709 2178 1746 adventare

1211 1762 1430 1797 audiverunt.
1455 1772 1558 1810 atque
1571 1761 1698 1797 Acilius
1713 1760 1856 1795 Glabrio
1868 1758 1916 1794 est
1930 1784 1937 1797 ‚
1951 1771 2056 1806 quem
2073 1759 2178 1794 Cice-

1212 1823 1250 1846 ro
1270 1811 1307 1846 in
1321 1810 1508 1846 Maniliana
1522 1810 1670 1847 Lucullo
1694 1807 1879 1845 successisse
1891 1807 1946 1842 ait·
1973 1809 2055 1842 Huc
2071 1807 2177 1855 perti-

1212 1870 1296 1895 nent
1322 1860 1425 1896 verba
1447 1859 1504 1894 illa
1519 1858 1677 1896 Sallustii,
1690 1871 1765 1906 quae
1780 1869 1822 1894 ex
1836 1857 1893 1892 lib·
1908 1867 1938 1897 5.
1952 1855 2069 1891 histor.
2087 1856 2178 1903 apud

1212 1908 1421 1945 priscianum
1443 1907 1564 1943 lib.18.
1580 1907 1764 1955 leguntur:
1790 1905 1959 1953 Legiones
1976 1905 2178 1942 Valerianae‚

1212 1968 1393 2006 comperto
1418 1957 1492 2005 lege
1503 1956 1650 1991 Gabinia
1666 1955 1867 2003 Bithyniam
1880 1957 1912 1990 δε
1926 1955 2079 1988 Pontum
2090 1966 2180 1988 con-

1211 2006 1274 2042 suli
1288 2006 1403 2042 datam
1416 2030 1425 2044 ‚
1449 2007 1480 2041 fia
1503 2004 1620 2040 missos
1632 2005 1706 2041 effe.
1734 2003 1814 2039 Fuit
1822 2002 1917 2039 enim
1929 2002 1998 2035 hoc
2010 2014 2102 2035 anno
2114 2001 2179 2036 tri-

1211 2055 1328 2090 bunus
1340 2055 1386 2100 pl.
1399 2055 1635 2087 A.Gabinius:
1660 2052 1743 2098 qui,
1758 2051 1838 2084 curn
1851 2050 1965 2096 piratae
1980 2061 2050 2083 non
2065 2048 2178 2084 solum

1212 2100 1319 2136 maria
1333 2123 1342 2137 ‚
1367 2111 1490 2134 verum
1503 2099 1605 2133 etiam
1619 2111 1695 2134 oras
1708 2098 1897 2133 maritimas
1908 2096 1973 2132 suis
1988 2097 2179 2133 latrociniis

1210 2147 1347 2184 infestas
1368 2147 1553 2183 redderent
1564 2171 1573 2185 ‚
1600 2157 1639 2182 ut
1660 2157 1781 2194 praeter
1801 2145 1983 2181 historicos
2004 2147 2130 2181 Cicero
2143 2146 2180 2182 in

1212 2196 1402 2233 Maniliana
1415 2196 1461 2231 ait
1474 2220 1483 2233 ‚
1507 2196 1550 2230 de
1563 2208 1636 2231 uno
1651 2205 1855 2243 imperatore
1868 2206 1990 2230 contra
2000 2195 2178 2241 praedones

1211 2245 1455 2281 constituendo
1468 2244 1581 2292 legem
1597 2244 1696 2280 initio
1707 2244 1753 2279 sui
1766 2244 1962 2281 tribunatus
1976 2245 2178 2292 promulga-

1212 2294 1275 2330 vit·
1302 2294 1397 2330 unde
1421 2293 1513 2329 idem
1533 2293 1607 2341 post
1630 2293 1780 2328 reditum
1795 2293 1829 2327 in
1844 2293 1959 2329 senatu
1972 2293 2015 2328 de
2028 2293 2181 2329 Gabinio

1215 2343 1327 2396 inquit
1342 2367 1351 2380 ‚
1376 2343 1446 2391 Qi
1472 2343 1509 2377 in
1523 2341 1721 2390 magistratu
1747 2341 1810 2377 nisi
1822 2342 2041 2389 rogationem
2064 2342 2109 2379 de
2128 2343 2181 2391 pi-

1214 2403 1321 2427 ratico
1334 2391 1427 2426 bello
1443 2391 1572 2428 tuliffet
1584 2417 1593 2432 ‚
1616 2390 1775 2439 profeffl)
1788 2393 1821 2426 ὃς
1837 2390 1984 2438 egestate
1997 2393 2031 2427 &
2047 2391 2180 2440 impro-

1213 2441 1319 2476 bitate
1340 2441 1480 2476 coafitus
1493 2466 1502 2481 ,
1527 2440 1704 2488 piraticam
1729 2439 1794 2488 ipse
1819 2440 1956 2476 fecisset·
1976 2442 2075 2475 Tum
2087 2443 2180 2476 Hor-

1213 2489 1343 2526 tensius
1363 2489 1398 2524 in
1411 2489 1525 2525 senatu
1539 2500 1661 2525 contra
1672 2489 1863 2525 Gabinium
1874 2489 2028 2537 graviter
2041 2513 2050 2527 ‚
2075 2502 2179 2525 orna—

1215 2550 1317 2586 teque
1330 2538 1427 2573 dixit.
1439 2539 1483 2580 Q.
1499 2538 1645 2574 Catulus
1669 2551 1751 2573 cum
1766 2550 1807 2574 ex
1821 2538 1951 2587 populo
1965 2541 2070 2574 Rom.
2082 2551 2180 2587 quae-

1216 2598 1305 2624 reret
1318 2613 1326 2625 ‚
1354 2586 1377 2622 fi
1401 2587 1435 2622 in
1450 2600 1522 2623 uno
1536 2586 1700 2635 Pompejo
1714 2588 1831 2622 omnia
1843 2598 2013 2635 ponerent
2027 2613 2035 2628 ,
2059 2586 2083 2622 fi
2095 2587 2180 2635 quid

1217 2649 1259 2677 eo
1272 2636 1401 2671 faetum
1414 2636 1493 2672 effet
1509 2663 1517 2677 ‚
1531 2636 1565 2671 in
1580 2649 1651 2685 quo
1663 2637 1754 2684 spem
1765 2636 1871 2672 essent
1882 2635 2055 2674 habituri,
2073 2635 2181 2683 coepit

1219 2697 1386 2732 magnum
1406 2686 1470 2721 suae
1493 2685 1630 2721 virtutis
1653 2685 1809 2722 fructum
1823 2698 1859 2722 ac
1871 2685 2049 2732 dlgnitatis
2062 2709 2072 2723 ‚
2095 2696 2180 2720 cum

1218 2746 1341 2770 omnes
1363 2747 1431 2770 una
1454 2747 1561 2782 prope
1575 2747 1661 2770 voce
1673 2761 1681 2775 ‚
1708 2734 1745 2769 in
1755 2747 1797 2770 eo
1810 2734 1882 2783 ipso
1893 2734 1925 2770 se
1936 2734 2026 2782 spem
2040 2734 2180 2769 habitu-

1220 2796 1274 2819 ros
1289 2783 1354 2818 esse
1366 2783 1541 2819 dixerunt.
1568 2785 1640 2819 haec
1651 2785 1776 2819 Cicero
1790 2796 1852 2831 pro
1866 2783 1940 2831 lege
1953 2783 2107 2819 Manilia.
2120 2782 2180 2817 ubi

1219 2832 1264 2868 ait
1277 2831 1380 2867 etiam
1395 2858 1403 2872 ,
1429 2833 1633 2881 Pompejum
1642 2833 1710 2868 hoc
1723 2832 1857 2869 bellum
1866 2832 2049 2880 piraticum
2061 2855 2070 2870 ‚
2083 2830 2181 2879 quod

1218 2881 1286 2930 ipse
1309 2893 1393 2916 cum
1407 2881 1565 2916 Sallustio
1587 2882 1805 2918 maritimum
1819 2881 1978 2917 nominat
1991 2906 2000 2921 ,
2027 2890 2182 2916 extrema

1218 2932 1347 2979 hyeme
1371 2929 1535 2977 apparasse
1547 2954 1556 2968 ‚
1582 2931 1723 2966 ineunte
1751 2943 1833 2967 vere
1855 2929 2027 2978 sustepiffe
2037 2953 2046 2968 ‚
2068 2927 2181 2964 media

1219 2978 1330 3014 aestate
1343 2978 1536 3015 confecisse.
1549 2981 1646 3015 Inter
1659 2977 1800 3015 Gabinii
1812 2978 1961 3026 collegas
1976 2978 2043 3014 fuit
2052 2979 2090 3013 L.
2103 2978 2181 3012 Ro-

1219 3028 1306 3063 scius
1321 3028 1419 3063 Otho
1431 3051 1440 3066 ,
1451 3040 1557 3076 quem
1570 3028 1697 3064 Cicero
1709 3042 1770 3076 pro
1783 3031 1931 3064 Murena
1942 3026 1989 3063 ait
2001 3022 2181 3063 restituisse

1220 3075 1365 3126 equestri
1389 3076 1507 3112 ordini
1530 3089 1602 3112 non
1625 3077 1737 3112 solum
1759 3077 1963 3125 dignitatem
1976 3100 1985 3115 ‚
2009 3075 2063 3112 sed
2075 3074 2179 3110 etiam

1220 3126 1448 3173 voluptatem.
1462 3125 1562 3163 Tulit
1573 3126 1667 3163 enim
1680 3127 1749 3163 hoc
1762 3139 1854 3163 anno
1867 3123 2106 3174 tribunuspleb
2119 3122 2181 3158 ,ἰε-

1693 3197 1740 3254 “t
1763 3216 1811 3237 d
2085 3183 2178 3220 gem,
