2360 3400
10 0 35 89 7&ss

136 699 156 736 ι
167 702 186 735 7
205 728 452 805 ANromns
471 729 514 760 Id.
527 732 601 760 Mai.
611 728 647 759 ad
659 731 770 759 Forum
777 728 854 767 Julii
862 735 933 756 cum
944 723 1052 764 primis
1061 722 1159 762 copiis

449 127 660 175 Epis-r.
699 138 775 170 AD
813 125 915 171 CN.
953 122 1294 182 PL.ANcuM‚
1330 141 1409 174 ΕΤ
1446 131 1671 187 Amos,
1708 132 1916 183 L113.X.

205 217 289 241 runt.
313 208 456 242 Servilius
466 216 584 250 rogatus
593 227 602 242 ‚
622 214 686 236 rem
699 204 823 237 distulit.
842 214 898 247 ego
910 214 974 236 earn
986 199 1162 237 sententiam

211 252 290 286 dixi,
307 252 356 282 cui
378 252 448 281 sunt
459 248 561 280 assensi
573 249 608 279 ad
621 257 727 278 unum.
739 257 844 288 eaquae
853 249 943 278 suerit
955 267 964 281 ,
984 257 1023 277 ex
1034 248 1164 277 senatus-

206 294 348 325 consulto
367 292 537 334 cognosces.
561 293 610 321 Tu
623 310 632 323 ,
653 298 835 330 quamquam
857 287 984 320 consilio
1000 298 1064 319 non
1084 298 1163 329 eges,

207 335 258 366 vel
267 334 400 365 abundas
408 332 509 374 potius
521 352 530 366 ,
553 341 654 362 tamen
665 333 721 361 hoc
731 333 834 361 animo
844 330 902 361 effe
912 330 1003 361 debes
1013 350 1022 364 ,
1044 338 1077 360 ut
1086 330 1164 359 nihil

206 376 266 406 huc
288 377 421 416 rejicias:
441 384 518 405 neve
528 376 560 404 in
571 374 658 404 rebus
669 382 729 403 tam
739 372 863 406 subitis,
882 382 1003 412 tamque
1011 370 1164 412 angustisa

205 417 307 448 senatu
324 415 485 447 confilium
505 415 671 456 petendum
688 423 783 455 putes.
826 415 892 454 Ipse
910 414 965 444 tibi
983 412 1018 443 fis
1037 413 1163 443 senat-us.

207 468 401 499 quocumque
414 467 447 488 ⁴te
468 460 543 488 ratio
553 457 744 498 reip.ducet‚
768 456 897 496 sequare.
921 457 1032 488 Cures,
1052 454 1161 484 utante

203 499 321 530 §aetum
336 499 459 540 aliquod
479 500 494 530 a
514 509 542 530 te
561 501 712 540 egregium
729 497 884 528 audiamus
895 517 904 530 ,
923 495 1013 537 quam
1023 494 1161 525 futurum

204 543 383 582 putarimus.
406 542 485 572 Illud
497 541 552 571 tibi
563 543 708 581 promitto
720 559 729 573 ,
750 538 897 580 quidquid
907 538 923 568 a
932 547 960 568 te
968 539 1023 568 erit
1031 536 1160 571 fadsum,

203 583 237 614 id
257 583 392 613 senatum
410 593 475 614 non
494 582 588 613 modo
600 592 631 614 ut
643 581 790 616 fideliter,
811 580 860 611 sed
871 582 960 611 etiam
970 587 1002 610 ut
1015 579 1162 620 sapienter

202 623 329 659 fastum,
338 625 617 666 comprobaturum.

411 685 647 716 PLANCUS
680 682 948 713 CICERONI.

294 775 388 802 venit.
411 771 573 802 Ventidius
590 770 674 801 bidui
694 770 786 808 spatio
803 766 884 797 abest
903 766 998 796 abeo.
1025 763 1159 811 Lepidus

205 813 242 843 ad
262 816 373 844 Forum
402 814 536 843 Voconii
554 811 643 843 castra
659 811 763 840 habet:
780 810 832 849 qui
853 808 937 837 locus
955 805 971 836 a
989 808 1067 835 Foro
1076 804 1159 846 *Julii

201 855 389 894 quattu0r‚&
398 856 505 896 viginti
514 854 613 883 millia
620 850 716 892 passus
725 850 823 880 abestr.
833 849 936 889 ibique
946 857 996 877 me
1005 846 1157 897 exspesm-

201 907 234 926 ie
252 896 408 928 constituit
420 916 430 930 ‚
449 893 708 936 quemadmodum
728 892 790 932 ipse
799 891 878 921 mihi
890 887 1008 929 scripsit.
1030 888 1122 928 Quod
1134 886 1155 917 fi

204 940 311 968 omnia
328 939 405 968 mihi
427 939 539 977 integra
559 935 681 974 &ipse‚
703 933 737 963 &2
758 932 1023 963 fortunaservarit:
1043 932 1156 970 reci-pio

202 980 312 1013 vobis,
332 979 467 1010 celeriter
483 987 534 1007 me
551 978 710 1018 negotium
728 984 766 1005 ex
775 975 921 1005 sententia
929 971 1153 1019 confedfflrum.

202 1023 335 1051 Fratrem
354 1029 458 1050 meum
470 1039 480 1052 ‚
500 1017 617 1049 assiduis
628 1017 797 1050 laboribus,
817 1013 1155 1054 concursationibusque

201 1060 378 1093 muscetum
388 1081 396 1095 ,
418 1063 545 1102 graviter
556 1060 583 1090 se
595 1057 725 1091 habuisse
735 1078 743 1092 ‚
756 1067 841 1088 antea
851 1057 906 1088 tibi
916 1054 1013 1096 scripsi
1026 1066 1031 1085 z
1051 1055 1100 1086 sed
1113 1065 1154 1086 ta-

201 1113 275 1134 men
293 1101 366 1134 cum
382 1101 519 1143 primum
537 1100 619 1142 posse
636 1100 753 1143 ingredi
770 1101 880 1139 coepit,
901 1108 966 1128 non
983 1099 1077 1138 magis
1087 1095 1152 1130 fibi,

200 1145 292 1186 qusm
303 1145 415 1185 reipub.
427 1145 455 1175 se
464 1141 648 1175 convaluisse
660 1141 836 1172 existimans
847 1161 855 1174 ‚
866 1140 902 1171 ad
912 1141 1017 1170 omnia
1024 1139 1154 1179 pericula

198 1189 338 1227 princeps
359 1185 417 1216 esse
431 1196 495 1216 non
504 1186 658 1216 recusabat.
682 1184 738 1215 Sed
750 1193 805 1224 ego
814 1193 886 1213 eum
897 1192 960 1212 non
971 1181 1072 1212 solum
1082 1182 1153 1211 hor-

199 1237 278 1259 tatus
299 1229 366 1258 sum
378 1248 387 1262 ,
407 1238 512 1258 verum
523 1230 613 1257 etiam
623 1227 707 1266 coegi
717 1224 775 1256 isto
784 1224 932 1265 proficisci
944 1234 950 1254 :
965 1222 1048 1265 quod
1060 1223 1154 1269 Scilla

199 1270 369 1301 valio-rdine
388 1270 484 1310 magis
502 1267 650 1299 conficere
665 1270 693 1298 se
705 1287 713 1301 ‚
733 1267 825 1308 quam
841 1277 892 1297 me
897 1263 1106 1306 juvareposset
1119 1266 1151 1294 in

201 1311 320 1343 castris:
340 1312 372 1342 δε
389 1310 471 1352 quod
486 1309 671 1341 acerbissimo
693 1310 816 1339 interitu
830 1308 994 1338 consulum
1011 1306 1150 1346 rempub.

199 1353 343 1384 nudatam
358 1373 366 1386 ‚
377 1354 427 1383 tali
438 1354 504 1382 cive
517 1361 640 1391 praetore
649 1353 681 1381 in
691 1351 812 1381 urbanis
822 1348 932 1380 officiis
942 1348 1076 1390 indigere
1086 1350 1152 1378 exi-

199 1394 368 1426 stimabam.
391 1393 481 1435 Qod
500 1392 520 1423 fi
531 1395 581 1434 qui
592 1391 723 1423 vestrum
735 1401 799 1421 non
810 1391 964 1432 probabit,
994 1391 1071 1420 mihi
1080 1399 1153 1430 pru-

197 1437 333 1467 dentiam
354 1438 386 1465 in
403 1433 532 1465 consilio
553 1433 678 1464 defuisse
697 1434 784 1467 sciat,
807 1443 871 1463 non
889 1433 936 1463 illi
951 1442 1016 1473 erga
1024 1434 1150 1472 patriam

199 1477 386 1509 fidelitatem.
410 1476 543 1516 Lepidus
552 1485 653 1507 tamen
664 1495 673 1510 ,
684 1475 765 1516 quod
775 1485 829 1516 ego
839 1473 1037 1505 desiderabam
1047 1493 1056 1507 ,
1067 1472 1150 1506 fecit,

194 1527 235 1550 ‘ut
251 1519 387 1559 Apellam
406 1519 443 1549 ad
459 1527 509 1548 me
520 1519 669 1550 mitteret,
692 1521 702 1536 ¹
715 1527 776 1558 quo
784 1515 887 1547 obside
898 1536 908 1550 ,
932 1514 990 1546 fide
1000 1516 1101 1549 illius,
1119 1515 1152 1545 &

197 1562 345 1592 societatis
369 1562 402 1590 in
420 1559 776 1600 repub-<administranda
795 1567 899 1589 uterer.
921 1557 1062 1589 Studium
1074 1558 1151 1587 mihi

193 1603 285 1634 suum
303 1604 338 1633 L.
356 1602 473 1632 Gellius
485 1621 494 1636 ,
515 1602 551 1631 de
570 1602 664 1632 tribus
679 1600 816 1631 fratribus
834 1603 996 1641 Segaviano
1005 1599 1151 1639 probavit:

196 1654 258 1686 quo
277 1654 332 1686 ego
341 1646 499 1684 interprete
509 1642 670 1673 novissime
682 1643 716 1673 ad
727 1642 878 1683 Lepidum
888 1642 953 1672 surn
965 1642 1042 1672 usus.
1063 1643 1151 1671 Arni—

191 1696 267 1717 turn
286 1696 357 1716 eum
378 1684 602 1726 reip-cognosse
613 1686 735 1716 videor:
758 1685 945 1725 libenterque
955 1686 982 1713 ei
993 1684 1058 1714 suni
1070 1682 1152 1713 testi-

195 1730 307 1758 monio
318 1747 327 1761 ,
348 1727 381 1757 &
390 1727 535 1757 omnibus
548 1738 599 1758 ero
611 1748 619 1761 ,
630 1729 683 1768 qui
693 1727 770 1757 bene
781 1735 943 1757 merentur.
968 1728 1023 1756 Fac
1033 1725 1129 1756 valeas
1140 1745 1149 1759 ‚

195 1779 307 1810 meque
325 1768 435 1799 mutuo
444 1768 549 1810 diligas
559 1789 568 1803 ,
587 1769 824 1810 dignitatemque
833 1777 933 1798 meam
947 1786 956 1801 ‚
977 1765 998 1796 sl
1012 1777 1149 1801 mereor,

194 1812 316 1845 tuearis,
325 1809 397 1842 ficut
407 1810 502 1841 adhuc
514 1810 651 1851 singulari
660 1821 731 1842 cum
742 1810 951 1840 benivolentia
957 1807 1066 1839 fecisti.

409 1869 641 1898 PLANCUS
663 1869 931 1898 CICERONI.

289 1914 359 1943 Un)
377 1913 409 1943 in
430 1914 536 1943 animo
558 1913 734 1947 habuerim,
758 1912 829 1943 cum
838 1915 947 1943 Laevus
960 1932 970 1947 ,
992 1915 1151 1953 Nervaque

290 1953 471 1985 dicesserunt
480 1954 497 1985 a
507 1965 556 1985 me
567 1974 576 1988 ,
601 1955 634 1985 &
644 1965 682 1985 ex
692 1955 799 1985 litteris
811 1975 821 1988 ,
840 1965 910 1995 quas
923 1957 948 1985 ei
959 1954 1045 1987 dedi,
1066 1955 1099 1985 δε
1109 1964 1147 1984 ex

193 1995 262 2035 ipsis
271 1997 448 2037 cognoscere
456 1996 580 2036 potuisti
593 2016 602 2030 ,
616 1999 667 2038 qui
678 1997 823 2027 omnibus
833 1997 919 2026 rebus
930 2017 939 2030 ‚
960 1995 1147 2037 consiliisque

193 2040 273 2068 meis
295 2037 506 2068 interfuerunt.
529 2039 648 2069 Accidit
668 2039 763 2071 mihi,
784 2038 866 2078 quod
879 2039 999 2068 homini
1011 2037 1147 2078 pudenti,

192 2081 228 2110 ἃ
253 2079 364 2119 cupido
382 2079 580 2110 satisfaciendi
599 2080 727 2121 reipubl.
745 2080 890 2121 bonisque
909 2080 1053 2110 omnibus
1072 2082 1150 2110 acci-

187 2122 261 2152 dere
271 2121 361 2152 solet:
372 2130 404 2151 ut
413 2120 574 2152 consilium
588 2123 722 2163 sequerer
733 2122 936 2162 periculosum
949 2123 1041 2163 magis
1051 2141 1059 2155 ,
1070 2121 1146 2152 dum

193 2172 245 2193 me
253 2163 412 2203 probarem
424 2183 432 2197 ‚
454 2163 544 2204 quam
555 2172 652 2193 tutum
663 2183 671 2197 ‚
689 2164 772 2205 quod
783 2164 889 2194 habere
899 2162 993 2204 posset
1002 2162 1148 2194 obtrecsta·

190 2208 320 2234 tionem.
342 2207 447 2246 Itaque
454 2204 521 2245 post
530 2204 688 2235 discessum
699 2208 864 2246 legatorum
875 2225 884 2239 ,
905 2204 976 2235 cum
987 2205 1067 2235 binis
1074 2215 1147 2235 con-

189 2248 286 2277 iinuis
295 2247 401 2276 litteris
413 2247 445 2277 δε
458 2247 590 2287 Lepidus
598 2257 649 2277 me
660 2267 668 2281 ,
681 2257 712 2278 ut
721 2249 855 2278 venirem
867 2266 875 2280 ,
891 2257 1005 2288 rogaret
1016 2267 1024 2280 ‚
1045 2246 1078 2277 δε
1090 2249 1147 2277 La—

189 2286 309 2318 terensis
331 2287 431 2318 multo
449 2291 540 2318 etiam
559 2293 654 2330 magis
663 2290 753 2329 prope
765 2290 934 2329 implorans
943 2288 1146 2319 obtestaretur:

193 2339 258 2360 non
277 2330 370 2360 ullam
392 2340 456 2360 rem
474 2331 562 2360 aliam
572 2332 787 2365 exumcscens,
807 2329 898 2371 quam
909 2330 1035 2361 eandem
1051 2351 1059 2364 ‚
1082 2340 1147 2371 quae

192 2372 272 2401 mihi
281 2381 400 2412 quoque
409 2371 480 2402 facit
489 2374 922 2412 timorem,varietatem,atque
934 2370 1144 2402 infidelitatem

189 2415 338 2443 exercitus
349 2414 429 2453 ejus:
441 2424 505 2444 non
516 2413 714 2445 dubitandum
724 2416 838 2455 putavi,
849 2416 924 2454 quin
934 2414 1145 2448 succurrerem,

189 2464 303 2495 rii-eque
320 2457 482 2485 communi
501 2457 634 2496 periculo
651 2455 804 2487 offerrem.
824 2456 961 2487 Sciebam
981 2458 1066 2486 enim
1080 2476 1089 2489 ‚
1113 2456 1145 2486 ὃς
1164 2482 1167 2497 ‹

188 2505 305 2526 cautius
323 2496 402 2526 illud
419 2506 479 2527 erat
498 2497 660 2528 consilium
680 2519 690 2531 ,
713 2497 882 2538 exspestare
898 2507 948 2527 me
965 2497 1001 2528 ad
1020 2497 1142 2531 Isaram,

187 2538 266 2568 dum
286 2539 392 2568 Brutus
409 2540 553 2578 trajiceret
569 2541 736 2570 exercitum
751 2550 757 2569 ε
770 2540 881 2570 &cum
892 2539 1008 2579 collega
1015 2540 1144 2570 consen-

189 2581 284 2609 tiente
294 2600 303 2612 ,
321 2578 392 2609 ficut
403 2581 516 2610 milites
524 2579 639 2611 faciunt
649 2601 657 2614 ‚
668 2581 807 2611 hostibus
816 2580 938 2614 obviam
948 2581 1000 2610 ire.
1023 2583 1144 2611 Tamen

186 2619 211 2651 si
229 2621 301 2661 quid
321 2621 455 2661 Lepidus
473 2621 550 2651 benc
561 2623 690 2653 sentiens
705 2643 714 2656 ‚
736 2623 912 2652 detrimenti
923 2620 1062 2661 cepisset,
1082 2623 1143 2654 hoc

185 2671 285 2694 >omne
301 2661 473 2704 assignatum
485 2665 522 2693 iri
533 2666 757 2704 autpertinaciae
767 2673 842 2695 meae
852 2683 861 2698 2
882 2672 932 2695 aut
941 2665 1046 2694 timori
1057 2664 1143 2696 vide-

2069 151 2160 198 721

1205 208 1274 239 bam
1287 228 1296 243 ,
1308 207 1328 239 fi
1337 210 1555 243 authominem
1563 211 1713 245 offensum
1724 216 1813 250 mihi,
1824 214 2103 256 conjundiumcurn
2115 228 2163 248 re-

1203 250 1274 296 pub.
1295 261 1359 297 non
1377 252 1572 284 sublevassem
1589 265 1595 284 ;
1616 265 1665 286 aut
1683 257 1941 296 ipseacertarnine
1951 259 2022 290 belli
2035 269 2095 290 tam
2105 270 2162 290 ne·

1203 290 1314 322 cessarii
1334 303 1383 323 me
1405 294 1608 326 removissem.
1633 300 1735 338 Itaque
1755 299 1858 338 potius
1874 301 2034 340 periclitari
2053 302 2140 332 volui
2149 321 2160 336 ,

1205 330 1224 361 si
1242 332 1357 372 possem
1379 345 1446 366 mea
1463 338 1617 376 praesentia
1627 338 1659 369 ὃ(
1671 342 1820 380 Lepidum
1831 343 1904 372 tueri
1915 362 1924 377 ,
1944 342 1977 373 δε
1991 345 2159 374 exercitum

1199 371 1295 423 facere
1305 376 1475 412 meliorem,
1488 378 1579 419 quam
1591 382 1685 411 nimis
1697 391 1800 412 cautus
1811 383 1915 413 videri.
1937 385 2156 416 Sollicitiorem

1201 424 1279 445 certe
1291 417 1451 448 hominem
1463 429 1526 450 non
1535 421 1595 450 suis
1606 421 1766 453 coiitraClis
1779 445 1787 457 ,
1808 427 1964 456 neminem
1977 435 2048 461 puto
2058 425 2157 456 suisse-

1204 457 1284 504 Nam
1296 476 1311 504 ,ἡ
1324 468 1389 498 quae
1403 470 1447 492 res
1458 462 1573 492 nullam
1585 463 1707 494 habebat
1716 465 1932 496 dubitationem
1945 487 1954 501 ‚
1976 462 1995 497 ii
2010 470 2157 498 ffi-zcrcimz

1203 498 1313 537 Lepidi
1335 498 1406 530 absit
1420 511 1468 531 :ea
1477 512 1558 533 nunc
1570 514 1706 544 magnam
1719 505 1803 537 affert
1813 509 2048 539 sollicitudinem
2063 522 2069 543 ς
2094 520 2159 539 arri.-

1202 548 1359 579 gnumque
1368 541 1658 575 habetcasumlvsihi
1669 549 1751 578 enini
1761 548 1780 578 li
1790 549 2006 592 contigissenut
2017 554 2095 581 orior
2106 562 2159 582 oe-

1197 590 1345 610 currerem
1356 584 1571 617 Antoni0,non
1583 588 1767 619 mehercules
1779 591 1881 621 horam
1893 583 2079 623 constitisset:
2093 602 2139 624 rari
2152 612 2158 616 -

1200 629 1267 669 turn
1278 631 1334 663 ego
1347 623 1380 652 ὃς
1391 625 1469 653 mihi
1480 625 1614 660 confido,
1628 628 1660 657 ἃς
1671 628 1707 659 sic
1715 633 1858 669 perculsas
1869 634 1947 663 illius
1960 637 2157 674 copias,Vc:i—-

1197 662 1323 703 tidiique
1333 664 1484 695 Mulionis
1494 666 1585 697 castra
1594 668 1735 708 despicio.
1756 673 1810 702 512-st
1822 684 1884 704 non
1896 675 2013 715 possum
2027 686 2090 706 non
2103 687 2156 705 ev

1197 705 1375 739 horrescere,
1387 708 1401 725 ²
1410 704 1431 735 fi
1441 707 1514 747 quid
1525 710 1599 738 intra
1610 719 1709 740 cutem
1718 713 1815 743 subest
1827 716 1970 750 vulneris,
1981 717 2060 757 quod
2072 720 2138 757 prii:
2149 730 2157 744 z

1196 754 1306 776 nocere
1314 746 1513 788 potest‚quam
1523 750 1753 792 sciri2cuiarique
1763 754 1857 793 possit.
1870 758 1923 787 fied
1936 768 2011 788 cerm>
2024 760 2077 789 nisi
2092 770 2155 789 um

1199 787 1268 818 loco
1278 797 1328 818 me
1341 797 1473 819 tenerem
1485 810 1493 824 ,
1513 800 1659 832 magnum
1669 796 1836 833 periculum
1852 799 1909 833 inse
1921 800 2052 838 Lepidus
2062 821 2069 834 ,
2091 811 2155 831 ma-

1195 839 1291 870 gnum
1301 839 1333 861 ea
1343 839 1408 870 pars
1417 834 1566 862 exercitus
1575 834 1676 867 adiret,
1712 845 1753 865 uec
1766 836 1839 867 bene
1849 834 1883 868 de
1894 849 1942 878 rep
1968 842 1991 859 ΓΦ
2017 851 2061 871 τις,
2086 845 2152 873 Mi-

1193 881 1284 912 gnam
1295 873 1384 902 etiam
1394 873 1503 912 perditi
1513 873 1612 905 hostes
1621 845 1814 908 accessionem
1825 877 1876 909 sibi
1886 879 1931 910 set
1948 882 1977 911 (7.
1989 901 2004 911 v.
2062 883 2070 887 ⁴

1194 914 1296 953 copias
1307 913 1322 944 a
1343 913 1460 954 Lepido
1479 915 1691 948 abstraxissent.
1715 921 1790 957 Qua:
1803 919 1823 950 si
1840 922 1914 951 adve
1973 947 1983 951 ,,
2015 935 2070 954 tici„
2079 936 2088 954 ς
2107 937 2154 956 ie—

1193 953 1327 994 presserit
1339 975 1348 989 ‚
1362 965 1445 997 agam
1455 960 1561 997 gratias
1571 958 1710 994 fortunae,
1722 961 1953 1004 constsmtizeqm¹
1974 975 2048 995 mer.
2059 988 2066 999 ,
2088 977 2155 1007 qux

1193 995 1229 1026 ad
1249 996 1324 1027 hanc
1347 1000 1564 1037 experientiam
1577 1002 1729 1032 excitavit.
1752 1005 1852 1044 Itaque
1866 1005 1902 1035 ad
1917 1016 1981 1035 xii.
2002 1008 2065 1036 Kal
2076 1010 2147 1048 sz.

1193 1036 1230 1067 ab
1240 1038 1315 1068 Isara
1324 1038 1415 1069 castra
1427 1043 1521 1070 movi:
1531 1051 1656 1081 pontem
1670 1052 1771 1075 tamen
1781 1055 1872 1086 quem
1887 1049 1917 1077 in
1927 1048 2000 1077 Isara
2009 1047 2133 1080 &seri-,n
2140 1072 2147 1082 ,

1194 1078 1321 1110 castellis
1329 1080 1448 1111 duobus
1457 1082 1492 1112 ad
1503 1085 1596 1123 capita
1617 1083 1718 1123 positis
1729 1106 1737 1119 ,
1756 1089 1882 1128 reliqui:
1902 1088 2090 1129 praesidiaqu:
2114 1094 2152 1122 ὕοι

1194 1119 1281 1151 firma
1289 1131 1329 1161 po
1335 1123 1392 1156 sui,
1406 1131 1439 1153 ut
1448 1126 1585 1155 venienti
1595 1128 1696 1160 Bruto,
1710 1130 1914 1170 exercituique
1923 1131 1986 1164 ejus
1997 1130 2057 1161 line
2067 1143 2096 1162 ni
2103 1143 2153 1163 ola

1192 1161 1329 1193 taansitus
1340 1163 1411 1194 esset
1423 1174 1547 1205 paratus.
1569 1168 1634 1207 Ipse
1644 1187 1652 1201 ,
1665 1178 1697 1199 ut
1708 1170 1791 1209 spero
1803 1191 1810 1204 ,
1823 1170 1929 1201 diebus
1938 1167 2008 1202 ‘oc-‚m
2019 1193 2027 1205 ‚
2040 1175 2150 1214 quibus

1190 1206 1241 1235 has
1251 1205 1361 1237 litteras
1370 1206 1475 1238 dabam
1490 1228 1498 1241 .
1509 1218 1580 1239 cum
1589 1210 1697 1250 Lepidi
1706 1214 1802 1252 copiis
1814 1222 1862 1243 me
1872 1216 2068 1255 conjungam.

1450 1270 1647 1301 CICERO
1675 1274 1890 1305 PLANCO.

1284 1315 1474 1354 UAMQJAM
1491 1317 1651 1355 gratiarum
1672 1318 1823 1350 afflonem
1843 1321 1859 1350 ii
1877 1330 1904 1350 te
1923 1330 1960 1351 nc
1968 1330 1986 1350 n
2005 1320 2150 1351 deii-:lem-

1286 1355 1365 1390 bam,
1376 1357 1448 1387 cum
1459 1366 1487 1387 te
1497 1367 1529 1387 re
1538 1358 1598 1397 ipsa
1607 1379 1616 1392 ‚
1629 1368 1718 1401 atque
1727 1363 1832 1392 animo
1843 1363 1948 1392 scirem
1959 1363 2016 1392 eise
2026 1362 2150 1404 gratilli-

1190 1405 1276 1427 mum
1289 1408 1296 1427 z
1308 1398 1429 1437 tamen(
1441 1397 1596 1430 fatendum
1609 1400 1652 1431 est
1664 1404 1768 1442 enim)
1786 1403 1845 1434 fuit
1856 1414 1888 1433 ea
1898 1406 1976 1434 mihi
1985 1406 2148 1444 perjucun-

1189 1437 1234 1467 da·
1255 1437 1293 1469 sic
1303 1442 1386 1469 enim
1398 1441 1461 1470 vidi
1474 1461 1482 1474 ,
1496 1440 1575 1481 quasi
1589 1452 1632 1476 ea,
1646 1453 1712 1484 quae
1722 1445 1818 1475 oculis
1826 1455 1991 1475 cernuntur
2001 1465 2009 1479 ,
2030 1456 2080 1475 me
2090 1446 2106 1475 a
2120 1454 2149 1475 te.

1189 1482 1290 1509 amari·
1315 1483 1406 1511 Dices
1416 1502 1425 1515 ‚
1446 1485 1518 1522 quid
1538 1488 1643 1514 antea?
1661 1488 1786 1526 Semper
1802 1487 1944 1527 equidem
1957 1507 1965 1520 ,
1988 1488 2036 1517 sed
2054 1497 2146 1516 num-

1189 1531 1279 1561 quam
1290 1522 1447 1553 illustrius.
1461 1526 1579 1554 Littera:
1591 1534 1647 1556 tuae
1660 1528 1929 1569 mirabilitergratae
1942 1529 2009 1558 sunt
2019 1529 2145 1562 senatui,

1189 1562 1259 1593 curn
1268 1563 1354 1594 rebus
1366 1563 1512 1606 ipfis‚quae
1522 1567 1828 1608 erantgravifl'irne,&
1839 1572 1976 1599 maxime
1989 1569 2148 1600 fortissimi

1188 1607 1304 1639 animi,
1327 1606 1497 1647 summique
1506 1606 1624 1638 consilii
1637 1620 1642 1638 ;
1655 1619 1719 1640 turn
1732 1613 1821 1640 etiam
1832 1613 1972 1652 gravitate
1984 1612 2148 1642 sententia-

1189 1656 1256 1676 rum
1269 1668 1278 1681 ‚
1288 1656 1376 1689 atque
1389 1649 1561 1679 verborum.
1584 1650 1640 1681 Sed
1654 1671 1662 1685 ,
1673 1654 1718 1681 mi
1729 1653 1835 1682 Plance
1844 1673 1852 1686 ,
1864 1653 2019 1686 incumbe,
2033 1662 2065 1683 ut
2075 1653 2149 1683 belli

1190 1698 1324 1720 extrema
1342 1689 1485 1730 perficias.
1510 1693 1543 1721 in
1562 1692 1620 1722 hoc
1632 1695 1687 1723 erit
1699 1694 1816 1724 summa
1828 1694 1959 1736 &gratia
1970 1715 1978 1728 ,
1999 1695 2032 1725 &
2041 1695 2147 1734 gloria.

1190 1733 1288 1771 Cupio
1298 1732 1522 1773 omniareipub.
1533 1734 1630 1764 causa:
1643 1735 1689 1765 sed
1703 1756 1711 1769 ‚
1725 1737 1909 1766 mehercules
1919 1756 1928 1770 ,
1943 1738 2017 1766 inea
2027 1737 2149 1767 conser-

1189 1773 1285 1804 vanda
1293 1773 1353 1810 iarn
1368 1773 1541 1815 defatigatus
1551 1795 1559 1809 ,
1573 1785 1637 1806 non
1649 1776 1749 1807 multo
1759 1778 1827 1817 plus
1836 1782 1936 1818 patriae
1944 1777 2043 1811 faveo,
2054 1778 2148 1819 quam

1189 1822 1246 1845 tuae
1264 1815 1384 1856 gloriae:
1405 1817 1492 1855 cujus
1502 1819 1670 1848 maximam
1684 1818 1854 1849 facultatem
1864 1820 1920 1849 tibi
1930 1819 1973 1849 dii
1988 1820 2144 1854 mortales,

1189 1865 1222 1885 ut
1232 1856 1316 1896 spero
1327 1876 1337 1890 ,
1355 1857 1464 1887 dedere
1475 1869 1480 1887 :
1491 1868 1582 1898 quam
1591 1859 1812 1899 comp1e6iere,
1834 1860 1966 1890 obsecro¹
1990 1863 2050 1901 Qj
2061 1864 2147 1892 enim

1188 1900 1360 1927 Antonium
1371 1898 1543 1938 oppresserit
1554 1919 1563 1933 ,
1584 1902 1608 1930 is
1621 1902 1679 1931 hoc
1690 1901 1804 1932 bellurn
1815 1904 2017 1937 teterrimum,
2028 1905 2146 1944 pericu-

1187 1936 1428 1981 losissimumque
1437 1939 1612 1971 confecerit.

1448 1999 1644 2030 CICERO
1672 2001 1890 2034 PLANCO.

1230 2044 1283 2072 TA
1302 2051 1382 2073 erant
1391 2045 1516 2078 omnia,
1534 2055 1601 2085 quae
1613 2044 1698 2076 istinc
1710 2045 1924 2083 afferebantur,
1947 2050 2077 2084 incerta,
2100 2059 2142 2082 ur,

1229 2083 1302 2123 quid
1320 2084 1355 2114 ad
1376 2093 1404 2115 te
1414 2086 1585 2120 scriberem,
1604 2097 1667 2117 non
1677 2097 1852 2121 occurreret.
1876 2091 1973 2122 Modo
1983 2094 2144 2133 enimquae

1186 2126 1333 2156 vellemus
1345 2126 1381 2156 de
1391 2127 1508 2167 Lepido
1519 2148 1528 2162 ,
1542 2127 1637 2158 modo
1648 2130 1750 2160 contri«
1759 2132 1981 2163 nuntiabantur.
2005 2136 2053 2164 De
2064 2143 2091 2164 te
2102 2144 2146 2164 ta-

1186 2176 1259 2196 men
1269 2166 1348 2197 fama
1359 2168 1498 2199 constans
1509 2189 1518 2202 ,
1530 2180 1586 2200 nec
1596 2170 1691 2210 decipi
1703 2170 1783 2211 posse
1797 2193 1806 2207 ,
1817 2183 1872 2204 nec
1881 2176 1980 2205 vinci:
1999 2185 2142 2216 quorum-

1186 2207 1306 2238 altcrius
1314 2208 1435 2240 fortuna
1443 2220 1558 2250 partem
1569 2212 1655 2242 habet
1665 2213 1815 2253 quandam
1828 2227 1832 2243 1
1846 2216 2143 2258 alteriim‚proprii:m

1185 2248 1228 2279 est
1247 2250 1413 2289 prudentiae
1435 2261 1502 2283 tuae.
1525 2253 1581 2283 Sed
1590 2263 1687 2294 accepi
1698 2255 1956 2299 litterasacollega
1968 2268 2020 2289 tuo
2030 2280 2041 2292 ‚
2062 2259 2142 2289 datis

1184 2290 1284 2321 idibus
1294 2294 1384 2322 Maiis
1399 2304 1404 2322 ;
1415 2293 1449 2323 in
1458 2294 1567 2335 quibus
1577 2304 1636 2325 erat
1648 2316 1656 2328 ,
1674 2305 1701 2326 te
1711 2295 1885 2338 adscripsisse
1895 2319 1904 2333 ‚
1925 2303 1940 2330 a
1950 2300 2066 2340 Lepido
2077 2311 2142 2330 non

1184 2335 1275 2373 recipi
1297 2336 1479 2365 Antonium.
1506 2336 1598 2374 Quod
1619 2338 1674 2367 erit
1695 2340 1818 2373 certius,
1840 2339 1862 2370 si
1884 2350 1915 2371 tu
1932 2342 1966 2371 ad
1984 2352 2040 2371 nos
2059 2342 2140 2372 idern

1185 2374 1340 2414 scripseris.
1360 2376 1409 2406 sed
1429 2376 1534 2407 minus
1549 2378 1639 2408 audes
1655 2377 1772 2410 fortasse
1786 2391 1906 2422 propter
1928 2393 2051 2413 inanem
2063 2384 2139 2413 laeti-

1185 2416 1256 2446 liam
1276 2417 1444 2448 litterarum
1466 2420 1664 2459 superiorum.
1707 2422 1844 2452 3Verum
1857 2444 1865 2456 ‚
1887 2434 1917 2454 ut
1936 2434 2059 2455 errarem
2076 2444 2084 2457 ,
2106 2425 2137 2455 id

1184 2458 1290 2488 Plance
1300 2459 1424 2490 voluisti
1441 2460 1528 2501 (quis
1540 2462 1625 2491 enim
1638 2461 1667 2491 id
1677 2461 1815 2504 effugerit
1826 2466 1854 2503 ?)
1876 2464 1913 2495 sic
1923 2465 2018 2506 decipi
2030 2475 2058 2496 te
2071 2476 2137 2497 non

1180 2499 1311 2539 potuisse
1324 2521 1333 2533 ‚
1349 2504 1418 2542 quis
1436 2512 1500 2532 non
1518 2503 1619 2533 videt?
1638 2506 1730 2534 Nunc
1746 2504 1819 2535 vero
1836 2507 1926 2536 etiam
1949 2508 2007 2542 iam
2031 2511 2140 2539 erroris

1180 2542 1263 2572 causa
1281 2542 1393 2573 sublata
1401 2542 1453 2573 est.
1477 2544 1571 2584 Culpa
1581 2546 1664 2576 enirn
1675 2545 1736 2579 illa,
1748 2555 1797 2576 nis
1808 2556 1851 2577 An
1862 2557 2013 2582 euNnEM,
2025 2550 2139 2590 vulgari

1181 2584 1356 2623 reprehensa
1364 2585 1524 2624 proverbio
1534 2584 1587 2615 est'.
1609 2587 1674 2619 Sin,
1686 2595 1718 2616 ut
1729 2586 1863 2627 scripsisti
1875 2589 1912 2619 ad
1921 2590 2067 2632 collegam
2079 2611 2088 2625 ,
2100 2593 2140 2621 ita

1180 2625 1210 2655 se
1220 2635 1267 2655 res
1280 2625 1368 2655 habet
1379 2646 1388 2659 ,
1409 2628 1497 2656 omni
1508 2636 1576 2656 cura
1588 2627 1703 2657 liberati
1714 2627 1814 2658 sumus
1828 2640 1833 2658 ;
1854 2640 1909 2661 nec
1919 2640 2019 2662 tamen
2027 2634 2142 2663 erimus

1178 2665 1275 2707 prius,
1291 2668 1380 2708 quam
1391 2669 1431 2698 ita
1441 2667 1512 2699 esset
1521 2676 1552 2698 tu
1563 2677 1620 2699 nos
1634 2667 1738 2700 feceris
1749 2672 1899 2703 certiores.
1919 2675 1993 2705 Mea
1999 2674 2136 2715 quidem.

2105 2727 2139 2747 ut

204 2759 226 2763 -.
1010 2765 1081 2770 ,,,-
1296 2767 1397 2772 ...,,,
1418 2766 1761 2776 ..-.——..-......
1848 2771 1860 2777 ..
1916 2771 1920 2778 ,
2129 2774 2131 2776 .

229 2794 240 2812 1
248 2806 254 2813 .
272 2788 320 2820 Qu
328 2787 448 2822 obfidefidr
457 2789 520 2812 illius
530 2788 706 2823 &fta-ictam]
721 2789 764 2814 Ita
774 2787 908 2814 Palatinus
920 2788 1031 2824 primus.
1043 2789 1141 2815 Sextus

188 2826 294 2848 tantum
307 2841 315 2854 ,
326 2824 404 2857 fidei,
423 2822 465 2849 sed
477 2832 535 2849 curti
548 2830 610 2850 nota
621 2823 808 2860 expun&ionis
819 2824 944 2850 elementi
954 2827 973 2850 i.
994 2825 1081 2850 Miror
1090 2825 1142 2850 ini-

186 2856 346 2891 probitatem
357 2858 480 2886 Lambini
493 2879 501 2891 ,
511 2859 557 2895 qui
568 2860 685 2886 hocloco
696 2860 810 2886 vistorii
819 2860 1030 2887 emendationem
1044 2860 1144 2886 vcriffi-

189 2900 261 2918 niam
272 2894 299 2918 &
309 2894 508 2922 ei-uditiffimam
521 2915 529 2928 ,
540 2905 621 2931 quum
632 2896 722 2923 omnia
731 2897 783 2923 alia
792 2896 876 2930 ejusde
882 2906 906 2922 m
920 2896 1020 2922 viscatis
1031 2895 1081 2922 suis
1093 2906 1143 2922 un-

190 2926 262 2961 gulis
272 2928 405 2956 abstulerit
416 2949 425 2962 ,
435 2931 577 2966 ignorarit.
594 2933 619 2957 O
631 2932 729 2959 litterae
741 2952 748 2964 ‚
760 2933 935 2959 &humanitas
948 2952 956 2964 ‚
977 2932 1009 2958 sic
1019 2941 1064 2958 vos
1076 2931 1143 2958 sole-

193 2962 228 2989 tis
239 2963 355 2992 homiues
373 2965 532 2993 immutare!
554 2967 627 3003 Quid
646 2969 758 2995 multis?
778 2970 819 2994 Ita
837 2977 943 3004 quoque
963 2968 1081 2995 Vaticani
1094 2977 1142 2994 ex-

193 3006 291 3034 cerpta.
313 3000 407 3035 vulgus
420 3020 428 3034 ‚
446 3000 648 3038 imperitiae's'uae
658 3004 790 3032 velificans
805 3005 970 3040 obliquavit:
986 3004 1145 3037 Ῑῐλεὶίὲ-Ἡὼ·
1163 2974 1167 3043 i

186 3034 297 3074 sacietate
308 3053 317 3066 ,
332 3035 384 3065 dyc.
403 3037 469 3063 Mox
486 3038 571 3065 statim
582 3039 643 3074 lego
661 3049 695 3066 ex
706 3040 819 3067 Victorii
839 3041 957 3067 editione
974 3042 1001 3066 ὅε
1024 3040 1144 3066 Palatino

194 3078 282 3102 primo
293 3080 299 3096 :
306 3071 411 3103 studium
419 3074 475 3098 mihi
477 3074 547 3106 situm
556 3077 588 3100 L.
598 3077 696 3108 Gellius,
707 3076 733 3102 de
742 3078 945 3110 tribui-fratribus
953 3079 1082 3109 Segaviano
1088 3084 1144 3108 pro·
1165 3054 1167 3113 Ξ

193 3108 280 3131 cia-mr:
300 3114 358 3132 cum
376 3105 464 3134 sextus
482 3107 591 3136 habeat:
612 3114 640 3136 In
650 3121 678 3137 ea
698 3121 722 3138 re
733 3113 839 3145 studium
858 3115 914 3139 mihi
927 3113 999 3146 fimm
1017 3114 1145 3137 &Gellius
1165 3120 1167 3148 ζ

193 3141 219 3166 η’.
238 3148 257 3166 t.
272 3142 306 3174 ft.
325 3144 445 3174 eganiano.
473 3144 630 3173 Vaticanus:
645 3148 751 3180 studium
768 3150 825 3174 mihi
846 3152 877 3175 L.
898 3150 995 3174 Gellius.
1014 3148 1146 3174 editiones
1165 3155 1167 3176 ε

194 3178 275 3208 κῇ),-
292 3178 396 3212 studium
414 3181 440 3207 lu
458 3188 486 3206 ea
504 3189 528 3207 rc
539 3181 610 3217 ficum
627 3185 822 3214 miniaceam
831 3185 857 3214 de
875 3186 954 3213 tribus
967 3185 1089 3220 fratribus
1104 3188 1147 3213 Se·
1164 3177 1167 3216 l

1196 2799 1303 2816 amana.

1182 2800 1195 2824 g
1222 2835 1250 2852 2.
1270 2827 1364 2860 siquid
1378 2829 1446 2852 intra
1457 2833 1530 2852 cutem
1541 2827 1623 2860 firkes!
1633 2827 1766 2862 vulneris]
1787 2828 1920 2856 Delicium
1937 2829 2072 2866 quondam
2091 2829 2142 2856 suae

1185 2862 1280 2888 Galli-2
1300 2862 1488 2889 Cl.l'utcanus
1502 2882 1510 2893 ,
1529 2862 1644 2889 malebat
1664 2864 1764 2897 ulceris5
1785 2864 1894 2901 jureque
1911 2874 2040 2901 praetei·ea
2058 2867 2141 2893 caruit

1188 2898 1345 2924 Lambinum
1360 2918 1368 2930 ,
1387 2898 1464 2934 paulo
1476 2906 1537 2924 ante
1547 2907 1720 2934 reponentem
1732 2909 1740 2930 5
1760 2902 1871 2927 hominem
1881 2904 2012 2931 rationibm
2023 2903 2075 2936 fici,-
2084 2895 2144 2928 »iile

1187 2935 1323 2965 contrat-”lis⁷
1335 2934 1410 2969 plant:
1421 2942 1513 2960 contra
1524 2934 1614 2961 Planci
1625 2934 1792 2963 sententiam.
2124 2966 2127 2969 ,

1224 2977 1249 3004 3.
1269 2970 1351 2995 Veram
1365 2989 1372 3001 ‚
1382 2977 1409 2995 ut
1418 2979 1522 2995 errarem
1533 2989 1541 3002 ,
1552 2970 1579 2995 id
1585 2972 1674 2996 Plance
1682 2973 1803 3006 voluisti]
1825 2972 1959 3000 Defendat
1970 2974 2101 3005 vulgatam
2115 2974 2143 2998 Sc

1187 3004 1363 3040 :implefflatur
1374 3005 1519 3032 Lambinus
1532 3016 1538 3032 ;
1559 3015 1644 3032 verum
1652 3015 1679 3032 ur
1692 3017 1785 3040 errare,
1795 3011 1828 3034 mi
1836 3010 1926 3036 Plance
1936 3004 2046 3043 ‚poticJ-'i
2058 3029 2066 3041 ,
2077 3010 2141 3035 wilzi

1188 3040 1235 3066 illa
1245 3041 1333 3076 potior
1343 3041 1379 3068 est
1392 3060 1400 3072 ‚
1418 3051 1496 3077 quani
1509 3042 1594 3078 reperi
1606 3043 1632 3069 in
1644 3042 1764 3070 Palatino
1773 3044 1861 3080 primo
1883 3048 1952 3076 (nani
1967 3046 1992 3072 in
2004 3045 2079 3072 sexto
2091 3046 2143 3071 uli-

1188 3084 1255 3112 quot
1274 3077 1365 3103 harum
1384 3086 1398 3103 e
1408 3077 1552 3104 wittoni-um
1572 3077 1675 3112 desunt)
1701 3080 1728 3106 &
1749 3080 1866 3107 Vaticani
1885 3082 2017 3117 excerptis
2029 3093 2036 3110 ;
2066 3090 2145 3112 quim.

1188 3122 1247 3138 cum
1260 3112 1329 3139 sicin
1343 3113 1386 3139 Me
1409 3114 1463 3140 'icco
1475 3113 1606 3140 incidisset
1618 3115 1748 3150 Egnatius
1760 3135 1769 3148 ,
1789 3116 1894 3152 legebat
1906 3128 1911 3144 :
1932 3119 2050 3144 Verumln
2060 3113 2147 3142 chains

1188 3149 1215 3175 id
1223 3150 1311 3174 ‘Plance
1320 3151 1425 3180 validm,
1435 3153 1476 3184 qni
1485 3152 1545 3176 enim
1554 3151 1579 3176 iri
1587 3151 1703 3184 refugeret
1716 3153 1724 3184 ‚'
1738 3154 1819 3187 autstc
1831 3153 1903 3186 decipi
1912 3161 1933 3178 te
1942 3163 1986 3179 non
1992 3153 2086 3186 potutffe
2096 3161 2148 3186 qux

1190 3194 1235 3214 non
1245 3185 1322 3215 videt.
1342 3184 1481 3223 Additque
1492 3185 1592 3217 sensum
1602 3186 1653 3213 csse
1661 3188 1798 3218 ironicum
1808 3189 1835 3217 δε
1848 3190 1863 3219 a
1873 3190 2020 3219 contrario.

1594 3223 1706 3261 Yyyy
2065 3225 2149 3250 ¹·M0

2171 1284 2214 1317 ω

2164 2009 2208 2027 ''1''
