2360 3400
481 138 556 169 DE
601 123 872 174 F1N113us
921 117 1152 168 Bo'NoR.

161 209 257 242 acrior
268 206 311 239 est
318 206 388 238 cu'm
399 205 506 237 Stoicis
514 213 609 246 parata
620 206 787 236 contentio.
808 213 874 245 quae
886 204 970 249 enim
981 201 1017 232 de
1027 201 1117 247 yolu-

160 261 239 293 ptate
249 251 407 282 dicuntur,
418 257 450 278 ea
459 258 515 278 nec
525 246 688 278 acutiffime
699 267 708 280 ‚
723 257 778 277 nec
788 244 962 276 abscondite
971 242 1120 288 disierun-

163 303 219 324 tur.
242 300 338 331 neque
350 292 433 320 enirn
442 290 494 330 qui
506 289 674 320 defendunt
683 298 748 319 earn
759 309 768 323 ‚
788 288 897 318 versuti
908 288 940 316 in
951 283 1120 315 diflerendo

161 335 230 365 sunt
241 353 251 366 ‚
272 342 329 362 nec
338 333 389 373 qui
399 331 502 362 contra
513 331 618 361 dicunt
629 351 638 365 ‚
657 331 773 361 causam
787 328 944 360 difficilem
957 326 1117 366 repellunt.

161 375 227 415 lpse
247 376 336 404 etiam
356 373 431 404 dicit
444 375 590 413 Epicurus
602 393 609 406 ,
631 383 663 402 ne
679 370 936 413 argumentandum
948 367 1061 410 quadem
1074 365 1122 404 εΙῘὲ

161 416 380 455 devoluptate,
401 414 483 456 quod
500 414 534 444 sit
550 414 678 454 positum
693 413 916 454 ejusjudicium
930 412 962 440 in
976 408 1118 455 sensibus,

161 466 195 488 ut
202 458 395 488 commoneri
406 467 461 486 nos
475 457 538 487 satis
549 455 582 486 sit
592 476 600 490 ‚
614 457 692 486 ni‘nil
704 458 825 486 attineat
834 454 950 484 doceri.
972 460 1060 498 quare
1071 451 1122 480 illa

160 499 251 530 nobis
271 497 398 538 simplex
420 498 477 529 fuit
500 501 532 528 in
553 508 710 539 utramque
727 505 841 537 partem
861 495 1033 534 disputatio.
1065 501 1121 522 nec

159 543 245 571 enim
265 542 298 570 in
318 543 463 581 Torquati
484 541 621 571 sermone
639 539 805 581 quidquam
823 537 1024 584 implicatum'
1033 553 1044 566 ,
1071 543 1121 563 aut

160 583 329 613 tortuosum
341 582 417 613 fuit:
436 581 594 623 nostraque
604 601 613 616 ‚
630 592 662 611 ut
673 583 750 611 mihi
762 579 880 610 videtui·
892 598 900 611 ‚
912 577 1044 623 diluciaa
1054 584 1120 605 ora-

161 626 216 655 tio.
239 626 410 655 Stoicorum
429 634 530 654 autem
550 633 615 653 nori
633 625 751 664 ignoras
768 620 860 663 quam
876 618 911 650 fit
924 618 1030 665 subtile
1042 636 1051 651 ,
1071 616 1120 664 yel

157 667 314 707 spinosum
323 665 600 706 potius‚d1fferendi
610 674 719 706 genus:
736 663 826 704 idque
835 661 906 692 cum
920 663 1042 692 Graecis,
1053 667 1120 688 turn

160 711 258 750 magis
269 709 359 738 nobis
368 728 377 741 ,
389 708 500 749 quibus
511 709 601 737 etiam
612 706 699 736 verba
708 704 848 746 parienda
857 704 942 736 sunt,
956 704 1120 741 imponen-

160 750 257 791 daque
269 760 348 780 nova
361 751 451 779 novis
464 749 552 779 rebus
562 751 700 778 nomina.
723 746 805 788 quod
815 745 939 788 quidem
950 752 1044 774 nemo
1054 751 1122 771 me-

159 790 415 822 diocritei·do&us
428 790 603 823 mirabitur,
622 792 755 829 cogitans
766 809 774 821 ,
793 798 803 816 1
815 797 836 816 N
855 796 875 816 0
885 796 911 815 M
922 795 943 815 N
957 795 968 814 1
992 793 1015 814 A
1025 794 1046 813 n
1056 793 1075 813 τ
1085 792 1115 830 e,

159 835 247 874 cujus
261 834 328 863 usus
343 833 472 873 vulgaris
489 832 722 870 communisque
737 839 800 859 non
814 827 866 861 fit,
886 827 1014 856 multam
1029 835 1120 855 novi-

158 884 251 906 tatem
262 875 427 904 nominum
439 871 496 903 ess'e
505 892 514 905 ‚
525 871 595 902 cum
607 872 826 901 constituantur
836 878 935 899 earum
949 877 1049 898 rerum
1061 876 1117 896 vo-

159 917 261 948 cabula
272 937 280 949 ,
293 926 357 956 quae
373 917 405 944 in
415 924 528 955 quaque
541 922 599 942 arte
613 913 775 942 versentur.
800 915 900 951 Itaque
913 910 945 939 δε
956 907 1118 941 dialec'hci,

160 956 318 997 &Physici
328 956 425 986 verbis
444 964 570 985 utuntur
590 956 646 987 iis,
665 957 674 973 ¹
691 951 818 994 quaeipsi
829 954 952 982 Graeciae
962 959 1032 980 nota
1042 950 1118 979 sunt.

157 1008 316 1042 geometrae
326 996 398 1028 vero
410 1017 418 1030 ‚
431 995 534 1026 musici
544 1016 552 1030 ‚
565 997 775 1036 grammatici,
788 996 878 1025 etiam
890 1002 977 1023 more
987 991 1119 1032 quodam

157 1044 324 1081 loquuntur
334 1040 399 1069 suo.
423 1041 496 1068 item
516 1038 585 1078 ipsae
602 1038 757 1067 rhetorum
776 1046 851 1067 artes
863 1056 871 1070 ‚
889 1045 954 1076 quae
969 1035 1038 1065 sunt
1051 1042 1120 1063 totae

156 1081 290 1113 forenses
301 1101 309 1116 ,
337 1090 423 1121 atque
444 1080 603 1120 populares
613 1099 622 1112 ‚
645 1083 660 1098 ²
671 1079 770 1109 verbis
790 1087 908 1108 tantum
927 1080 960 1107 in
979 1075 1119 1106 docendo

156 1122 237 1165 quafi
249 1125 369 1163 privatis
381 1131 503 1152 utuntur
516 1141 524 1154 ,
538 1131 571 1151 ac
582 1121 650 1151 suis.
676 1123 775 1161 Atque
784 1139 793 1153 ‚
812 1129 845 1150 ut
857 1121 997 1150 omittam
1009 1119 1058 1164 has
1069 1127 1116 1146 ar-

155 1168 212 1196 teis
225 1165 385 1206 eleganteis
398 1184 406 1197 ,
428 1164 614 1204 &ingenuas
625 1182 633 1196 ‚
657 1172 695 1192 ne
708 1161 830 1202 opifices
843 1161 967 1201 quidem
982 1159 1119 1206 tueiisua

154 1205 277 1238 artificia
291 1205 406 1246 poss'ent
416 1225 424 1239 ‚
446 1204 502 1235 nisi
514 1205 669 1236 vocabulis
680 1213 831 1234 uterentur
839 1202 931 1232 nobis
943 1204 1117 1247 incognitis,

154 1247 267 1279 usitatis
277 1247 340 1277 fibl.
357 1249 440 1288 Qin
450 1248 539 1276 etiam
550 1247 727 1287 agricultura
736 1265 745 1279 ‚
755 1255 820 1286 quae
831 1245 971 1275 abhorret
980 1243 1016 1273 ab
1026 1252 1113 1272 omni

153 1291 298 1331 politiore
308 1290 452 1330 elegantia
464 1308 472 1322 ‚
486 1297 587 1318 tamen
598 1297 645 1318 eas
655 1298 699 1317 res
710 1307 719 1321 ,
736 1289 767 1317 in
778 1287 886 1327 quibus
898 1285 1027 1317 versatur
1036 1303 1045 1318 ‚
1054 1293 1117 1331 ¹no-

154 1331 294 1362 minibus
313 1332 430 1360 notavit
446 1332 544 1360 novis.
567 1340 627 1369 quo
637 1332 731 1368 magis
742 1331 797 1359 hoc
810 1329 991 1368 philosopho
1002 1325 1116 1356 facien-

156 1373 230 1404 dum
241 1372 292 1403 est.
314 1383 361 1401 ars
375 1370 418 1402 est*
431 1373 506 1401 enim
513 1372 687 1412 philosophia
700 1372 783 1399 vitae:
802 1371 838 1400 de
849 1380 907 1410 qua
917 1367 1058 1399 diss’erens
1070 1377 1115 1397 ai·-

157 1417 254 1455 ripere
269 1415 357 1444 verba
371 1414 407 1443 de
420 1413 489 1443 foro
502 1422 565 1442 non
578 1411 684 1451 potest.
710 1415 901 1452 Qamquam
916 1421 954 1441 ex
969 1409 1115 1440 omnibus

151 1456 339 1498 philosophis
353 1474 361 1488 ‚
384 1455 500 1484 3Stoici
518 1454 649 1493 plurima
668 1455 912 1483 nominaverunt.
936 1453 1023 1482 Zeno
1037 1461 1112 1492 quo—

152 1508 210 1540 que
223 1506 327 1527 eorum
341 1498 477 1535 princeps
491 1505 556 1524 non
575 1504 634 1524 tam
651 1504 751 1524 rerum
766 1497 909 1524 inventor
920 1493 978 1523 fuit
990 1513 998 1527 ,
1016 1494 1106 1533 quam

153 1548 309 1570 novorum
325 1537 499 1568 verborum.
522 1535 612 1577 Qod
623 1534 643 1565 fi
653 1538 685 1566 in
696 1546 728 1565 ea
739 1537 841 1577 lingua
852 1555 861 1568 ,
878 1545 967 1576 quam
979 1536 1113 1580 plerique

154 1581 328 1611 uberiorem
344 1588 448 1619 putant
458 1599 466 1612 ,
486 1576 657 1609 concefl'um
668 1578 684 1608 a
695 1580 809 1609 Graecia
821 1577 882 1610 est,
903 1585 936 1608 ut
946 1574 1111 1606 dofflffimi

151 1623 296 1653 homines
315 1621 377 1651 4de
390 1621 477 1651 rebus
488 1631 551 1651 non
563 1620 741 1661 pervulgatis
751 1641 761 1656 ,
777 1618 923 1651 inusitatis
936 1618 1036 1649 verbis
1046 1626 1110 1647 ute-

150 1673 273 1695 rentur:
294 1666 308 1690 5
320 1672 432 1704 quanto
444 1662 474 1693 id
487 1663 576 1693 nobis
586 1673 681 1704 magis
690 1663 733 1694 est
746 1662 974 1694 concedendum
987 1681 997 1695 ‚
1016 1661 1112 1701 quiea

151 1716 236 1736 nunc
254 1704 390 1745 primum
410 1705 554 1735 aud-emus
566 1707 707 1746 attingere
720 1711 730 1737 .>
752 1704 811 1736 Etfi
822 1725 833 1739 ,
849 1704 930 1746 quod
945 1704 1019 1744 saepe
1029 1703 1111 1733 dixi-

153 1757 237 1781 mus,
250 1748 282 1777 &
292 1747 417 1788 quidem
426 1757 496 1778 curn
506 1746 603 1787 aliqua
613 1748 732 1787 querela
741 1757 804 1777 non
816 1749 992 1778 Graecoruin
1004 1743 1112 1778 modo,

151 1789 204 1820 sed
218 1791 306 1819 etiam
318 1798 423 1819 eorum
437 1808 446 1822 ,
467 1789 557 1829 quise
569 1791 689 1819 Graecos
699 1792 793 1830 magis
803 1809 811 1822 ‚
830 1789 920 1829 quam
932 1787 1050 1818 nostros
1060 1789 1113 1816 ha-

153 1831 218 1861 beri
235 1831 361 1863 volunt,
383 1840 438 1860 nos
454 1840 518 1860 non
531 1828 627 1860 modo
642 1840 704 1860 non
719 1834 800 1861 vinci
810 1831 825 1861 ὲ
837 1833 948 1860 Graecis
964 1827 1111 1858 verborum

152 1874 233 1914 copia
244 1893 251 1906 ,
264 1872 313 1902 sed
325 1871 382 1902 effe
392 1874 425 1901 in
435 1882 467 1902 ea
475 1874 565 1902 etiam
577 1872 769 1911 superioreis:
783 1871 996 1902 elaborandum
1008 1871 1050 1901 est
1062 1891 1070 1904 ,
1083 1881 1115 1901 ut

150 1915 212 1945 hoc
232 1924 295 1944 non
315 1916 347 1943 in
367 1912 477 1944 nostris
495 1913 595 1944 solum
613 1913 723 1943 artibus
735 1934 743 1947 ,
766 1914 817 1944 sed
834 1915 927 1943 etiam
941 1916 974 1943 in
988 1914 1113 1942 illorum

151 1956 287 1996 ipsorum
301 1953 504 1996 ⁶consequam
511 1965 545 1985 ur
554 1974 563 1988 ‚
583 1955 674 1996 quam
686 1965 719 1986 ea
730 1956 817 1985 verba
828 1975 836 1989 ‚
855 1955 966 1996 quibus
978 1965 1015 1985 ex
1025 1953 1111 1985 insti-

150 2007 217 2029 tuto
233 2007 368 2028 veterum
387 2006 500 2027 utimur
516 2007 570 2037 pro
581 1998 696 2027 Latinis
708 2018 716 2031 ,
739 1998 841 2038 utipsa
849 1997 1039 2037 philosophia
1050 2016 1062 2030 ,
1080 2006 1113 2027 ut

150 2041 299 2070 rhetorica
319 2059 327 2072 ‚
355 2038 510 2069 dialefflca
521 2059 530 2073 ,
553 2041 744 2079 grammatica
754 2059 762 2073 ‚
785 2042 950 2081 geometria
962 2059 971 2073 ,
991 2037 1110 2069 musica.

149 2091 334 2122 quamquam
346 2081 453 2111 Latine
467 2091 501 2111 ea
513 2081 573 2111 dici
583 2089 717 2120 poterant
729 2101 738 2115 ,
758 2091 859 2112 tamen
870 2101 878 2115 ‚
899 2083 1044 2122 quoniam
1057 2082 1111 2120 usic

111 2134 132 2159 2
153 2131 289 2165 pracepta
299 2124 366 2153 sunt
376 2143 384 2156 ‚
399 2122 497 2153 nostra
506 2123 660 2153 ducamus.
703 2127 800 2164 Atque
810 2125 872 2153 haec
882 2123 1006 2164 quidem
1018 2123 1053 2153 de
1063 2133 1110 2153 re-

149 2175 220 2196 rum
231 2164 423 2195 nominibus.
435 2167 483 2194 De
493 2164 560 2204 ipfis
571 2164 659 2194 rebus
670 2173 770 2195 autem
780 2166 998 2205 saepenumero,
1010 2167 1108 2199 Brute,

147 2217 255 2238 vereor
266 2227 276 2240 ‚
293 2217 331 2236 ne
343 2207 538 2246 reprehendar
548 2226 556 2240 ,
575 2206 646 2236 cum
660 2207 721 2237 haec
729 2206 765 2237 ad
777 2216 804 2237 te
815 2207 939 2237 scribam
951 2226 959 2240 ,
971 2209 1022 2247 qui
1034 2206 1106 2237 curn

149 2250 182 2280 in
194 2249 384 2289 philosophia
394 2267 401 2281 ‚
414 2257 479 2278 tum
492 2250 523 2277 in
534 2250 653 2288 optimo
663 2259 769 2290 genere
780 2249 977 2289 philosophiae
989 2248 1104 2278 tantum

146 2289 332 2331 processeris.
354 2289 435 2330 quod
450 2288 468 2318 fi
484 2288 611 2320 facerem
623 2310 633 2323 ,
652 2289 733 2331 quasi
751 2299 779 2320 te
798 2290 937 2320 erudiens
948 2310 957 2324 ‚
973 2291 1041 2330 jure
1058 2301 1103 2320 re-

146 2332 356 2373 prehenderer.
378 2331 428 2362 sed
438 2331 473 2362 ab
481 2342 519 2362 eo
527 2332 696 2373 plurimum
708 2331 812 2364 absum
823 2343 828 2362 :
839 2342 938 2373 neque
946 2351 954 2367 ‚
966 2341 998 2363 ut
1007 2342 1040 2363 ea
1049 2342 1104 2364 co-

1200 137 1280 171 ΕἹ·
1325 125 1481 174 MAL.
1535 130 1794 182 L1n.111.
2001 155 2121 190 1021

1164 204 1287 246 gnoscas
1298 226 1306 241 ‚
1322 217 1389 248 quae
1399 208 1454 239 tibi
1465 210 1616 243 notiffima
1629 215 1696 246 sunt
1706 236 1716 249 ‚
1729 216 1763 247 ad
1773 225 1800 247 te
1810 217 1900 248 mitto
1911 237 1920 253 ‚
1943 217 1991 249 sed
2000 221 2069 260 quia
2079 219 2125 251 f-a-

1165 248 1282 279 cillime
1291 251 1323 279 in
1334 252 1465 281 nomine
1476 261 1529 283 tuo
1538 256 1693 295 acquiesco
1703 277 1711 291 ‚
1729 259 1762 289 δε
1772 261 1840 300 quia
1850 269 1878 290 te
1889 260 1985 291 habeo
1995 258 2124 303 aequiffi-

1163 298 1250 337 mum
1264 300 1370 321 eorum
1382 292 1549 325 studiorum
1559 315 1568 329 ‚
1579 307 1645 338 quae
1656 300 1732 329 mihi
1744 304 1922 333 eommunia
1933 311 2032 334 tecum
2043 305 2128 338 suntr

1163 331 1401 377 existimatorem
1413 354 1423 368 ,
1435 335 1622 375 &judicem.
1647 342 1791 372 Attendes
1801 345 1891 384 igitur
1901 363 1910 378 ,
1925 354 1956 375 ut
1968 345 2043 376 soles
2055 366 2063 380 ,
2076 345 2125 375 di-

1163 372 1289 412 ligenter
1299 393 1307 407 ‚
1318 384 1443 416 eamque
1454 379 1684 413 controverfiam
1695 383 1887 422 dijudicabis‚
1900 396 1965 427 qua:
1977 388 2054 417 mihi
2063 387 2124 418 fuit

1162 423 1231 443 cum
1252 417 1402 446 avunculo
1421 427 1493 452 tuo,
1513 420 1641 456 divino,
1662 433 1695 454 ac
1713 424 1849 467 singulari
1865 430 1942 457 viro.
1966 431 2067 462 Nam,
2089 440 2122 460 in

1163 456 1336 503 Tusculano
1345 458 1416 488 essim
1428 459 1515 490 essem
1529 481 1537 495 ‚
1557 464 1726 506 vellemque
1736 468 1752 496 e
1767 467 1947 500 bibliotheca
1959 473 2044 510 pueri
2058 473 2123 501 Lu-

1161 497 1234 526 culli
1244 498 1421 537 quibusdam
1434 501 1517 531 libris
1529 505 1571 534 uti
1585 525 1593 538 ,
1609 510 1677 537 veni
1693 510 1723 537 in
1735 510 1799 548 ejus
1810 510 1912 540 villam
1926 532 1935 544 ,
1955 521 1988 542 ut
1997 522 2047 542 eos
2060 513 2121 552 ipse

1163 540 1187 575 (7
1198 547 1228 568 nt
1239 539 1383 579 solebam)
1397 542 1467 572 inde
1476 553 1658 588 promerem.
1676 549 1738 590 quo
1749 549 1819 581 cum
1830 551 1975 583 venissem
1989 574 1998 587 ,
2010 556 2120 585 Mea-

1163 588 1267 610 tonem
1278 599 1286 613 ³
1305 591 1403 629 quem·
1418 584 1459 612 ibi
1480 584 1536 615 este
1555 589 1716 621 nescieram
1727 612 1736 625 ‚
1754 592 1818 622 vidi
1831 595 1862 623 in
1876 594 2060 626 bibliotheca
2074 597 2119 626 se-

1161 620 1283 668 dentem
1294 641 1305 669 ³.
1316 623 1420 653 multis
1429 626 1646 660 circumfusum
1658 635 1826 664 Stoicorum
1839 634 1933 665 libris.
1953 646 2013 667 erat
2021 639 2119 672 enim,

1162 671 1193 692 ut
1204 663 1258 692 scis
1268 683 1276 697 ‚
1284 706 1289 711 .
1298 674 1331 693 iri
1341 674 1378 694 eo
1391 667 1563 713 inexhausta
1573 672 1697 703 aviditas
1708 675 1824 715 legendi
1838 697 1847 710 ,
1865 687 1919 708 nec
1930 678 2023 709 satiari
2033 688 2120 719 pote-

1161 713 1203 749 rat
1216 715 1221 732 z
1239 714 1350 745 quippe
1361 716 1412 746 qur
1422 717 1454 735 ne
1464 711 1686 752 reprehensionem
1695 717 1808 756 quidem
1818 718 1903 759 vargi
1911 720 2022 749 inanem
2031 721 2120 761 refor-

1160 745 1271 774 midam
1282 766 1291 780 ,
1311 757 1342 776 in
1358 748 1417 786 ipsa
1425 759 1505 780 curia
1515 752 1621 783 soleret
1633 755 1728 796 legere
1739 759 1812 798 saepe
1822 780 1830 793 ,
1851 760 1925 791 dum
1937 762 2052 793 senatus
2062 772 2117 792 co-

1159 796 1275 834 geretur
1287 809 1294 821 ,
1313 789 1392 835 nihil
1411 800 1509 830 operae
1525 795 1598 834 reip.
1618 795 1789 833 detrahens,
1809 812 1870 841 quo
1890 805 1985 844 magis
2001 814 2067 834 tum
2087 814 2122 835 in·

1160 831 1282 859 summo
1303 839 1387 878 otio,
1406 835 1599 876 maximaque
1618 841 1702 878 copia
1719 835 1821 881 Squasi
1840 844 1952 874 heluari
1973 845 2077 879 libris,
2098 845 2120 876 fi

1160 871 1218 918 hoc
1231 871 1325 901 verbo
1343 883 1376 902 in
1392 881 1455 904 tam
1465 875 1540 906 clara
1553 887 1583 907 re
1597 881 1744 911 utendum
1758 882 1819 917 est,
1838 886 2000 916 videbatur.
2025 888 2118 918 (mod

1159 922 1231 942 cum
1248 912 1398 960 accidisset
1409 935 1417 949 ,
1440 925 1473 946 ur
1490 918 1563 948 alter
1583 920 1710 953 alterum
1725 926 1921 965 nec—opinato
1937 915 2120 963 videremus,

1159 954 1286 984 surrexit
1299 955 1409 986 statim.
1433 957 1543 990 deinde
1552 963 1648 1001 prima
1668 965 1734 999 illa,
1753 976 1819 1007 quae
1830 969 1862 997 iu
1872 969 2028 1010 congreffu
2040 971 2121 1001 sole-

1159 1005 1247 1044 rnus:
1271 998 1352 1043 Qid
1364 1018 1372 1031 ,
1389 1008 1418 1029 tu
1432 1019 1440 1033 ‚
1452 1001 1569 1043 inquit,
1583 1005 1660 1035 huc?
1679 1006 1694 1036 {1
1706 1009 1778 1038 villa
1794 1011 1889 1044 enim,
1902 1012 2012 1041 credo:
2033 1012 2084 1046 &,
2097 1011 2119 1042 fi

1159 1038 1203 1067 ibi
1215 1047 1241 1067 te
1253 1038 1311 1069 efle
1323 1039 1437 1070 scifleni
1450 1062 1458 1075 ,
1472 1044 1508 1073 ad
1519 1053 1545 1073 te
1554 1046 1616 1085 ipse
1626 1047 1781 1079 venifl'em.
1806 1053 1900 1085 Heri,
1914 1054 2036 1093 inquam
2049 1074 2058 1088 ,
2071 1055 2119 1083 lu-

1158 1080 1196 1108 dts
1216 1081 1381 1120 commissis,
1400 1093 1434 1111 ex
1451 1083 1516 1113 urbe
1527 1087 1665 1126 profec‘im
1683 1093 1698 1116 9
1710 1093 1779 1121 veni
1795 1092 1829 1122 ad
1845 1094 2011 1133 vesperum.
2034 1097 2119 1126 causa

1158 1131 1258 1152 autem
1277 1122 1336 1153 fuit
1351 1125 1412 1171 huc
1429 1129 1571 1157 veniendi
1584 1149 1592 1162 ‚
1615 1133 1798 1171 utquosdam
1810 1135 1880 1165 hinc
1892 1136 1984 1166 libros
1995 1146 2117 1176 prome-

1156 1173 1237 1193 rem:
1263 1164 1429 1205 &quidem
1442 1187 1450 1200 ,
1472 1170 1547 1199 Cato
1558 1190 1567 1203 ‚
1587 1180 1681 1203 totam
1698 1175 1772 1205 hanc
1787 1178 2119 1215 copiamjavaucullo

1159 1204 1262 1236 nostro
1274 1216 1379 1237 notam
1389 1207 1447 1238 effe
1457 1212 1616 1250 oportebit.
1639 1224 1709 1244 nam
1721 1217 1768 1246 liis
1783 1227 1902 1248 Liuius
1917 1229 1991 1249 EUM
2008 1230 2115 1256 Min-Lo.

1158 1256 1255 1294 QAiu
1276 1258 1430 1289 REino
1447 1260 1582 1283 oRNATu
1603 1265 1725 1286 VILLAE
1745 1268 1948 1290 mariamnam.
1972 1261 2014 1292 est
2030 1264 2117 1293 enim

1158 1290 1236 1319 mihi
1257 1300 1372 1331 magna:
1392 1302 1469 1323 curae
1489 1305 1495 1323 z
1521 1305 1705 1337 quamquam
1731 1301 1789 1330 lioc
1810 1303 1934 1342 quidem
1956 1305 2112 1342 proprium

1156 1340 1241 1378 tuum
1255 1341 1364 1362 munus
1375 1333 1418 1364 est
1428 1354 1437 1368 ‚
1455 1344 1488 1365 ur
1497 1337 1537 1367 ita
1545 1338 1708 1374 erudiatur,
1723 1350 1755 1372 ut
1766 1343 1799 1372 δε
1808 1346 1892 1383 patri,
1911 1347 1940 1363 ¹0
1952 1345 1984 1374 ὃς
1995 1347 2117 1385 Caep‘io-

1155 1383 1188 1403 ni
1198 1372 1302 1404 nostro
1314 1394 1322 1407 ‚
1343 1374 1440 1406 &tibi
1460 1386 1519 1408 tam
1537 1383 1708 1423 propinquo
1725 1385 1909 1424 respondeat.
1933 1387 2053 1417 Laboro
2062 1397 2116 1417 au-

1156 1424 1217 1462 tem
1229 1425 1293 1462 non
1304 1415 1364 1446 fine
1377 1419 1468 1448 causa.
1492 1430 1562 1450 narn
1575 1422 1608 1452 &
1618 1428 1666 1453 avi
1676 1426 1738 1462 ejus
1749 1429 1898 1458 memoria
1909 1437 2036 1458 moveor
2046 1429 2116 1468 (nec

1155 1466 1389 1504 enim-ignoras,
1408 1463 1511 1499 quanti
1525 1461 1649 1494 fecerim
1660 1468 1852 1506 Caepionem:
1873 1471 1943 1510 qui,
1967 1473 2117 1510 utopinio

1157 1507 1222 1544 mea
1235 1501 1310 1532 tert,
1333 1510 1362 1528 m
1376 1501 1552 1542 principibus
1564 1505 1629 1542 jam
1647 1506 1727 1544 effer,
1747 1508 1767 1537 fi
1782 1512 1907 1550 viveret)
1926 1512 1958 1540 &
1969 1512 2115 1542 Lucullus

1157 1540 1235 1568 mibi
1255 1541 1382 1570 versatur
1401 1552 1467 1572 ante
1487 1546 1614 1579 oculos,
1636 1551 1683 1577 vir
1701 1549 1772 1578 cum
1791 1551 1936 1581 omnibus
1950 1553 2115 1587 excellens,

1155 1589 1223 1628 tum·
1232 1591 1353 1611 mecum
1366 1582 1398 1612 ὃς
1408 1586 1542 1616 amicitia
1551 1606 1560 1620 ‚
1574 1588 1606 1617 ὃς
1616 1592 1704 1619 omni
1715 1592 1870 1621 voluntate
1881 1613 1890 1626 ,
1910 1593 2116 1634 sententiaque

1153 1622 1346 1662 conjuneffls.
1370 1626 1508 1656 Praeclare
1521 1648 1530 1660 ‚
1551 1631 1651 1670 inquit
1661 1650 1669 1663 ‚
1689 1630 1760 1661 facis
1772 1652 1780 1666 ‚
1802 1633 1872 1663 cum
1887 1634 2037 1665 &eorum
2049 1645 2117 1665 me·

1154 1667 1285 1695 moriam
1304 1675 1387 1696 tenes
1405 1687 1413 1700 ‚
1439 1678 1570 1708 quorum
1593 1680 1716 1713 uterque
1735 1674 1790 1704 tibi
1808 1675 1988 1706 testamento
2003 1677 2116 1709 liberos

1154 1707 1221 1737 suos
1230 1709 1469 1744 commendavit,
1483 1711 1515 1741 ὃς
1525 1722 1652 1752 puerum
1663 1716 1774 1756 diligis.
1795 1716 1883 1757 Qod
1895 1727 1995 1748 autem
2007 1729 2114 1749 meum

1154 1759 1270 1779 munus
1286 1750 1379 1785 dicis,
1401 1762 1465 1782 non
1485 1755 1624 1794 equidem
1644 1759 1745 1788 recuso
1766 1769 1772 1787 :
1804 1759 1851 1788 sed
1870 1769 1898 1789 te
1915 1760 2046 1801 adjtingo
2065 1761 2115 1791 so-

1154 1793 1247 1821 cium.
1271 1792 1348 1822 addo
1359 1795 1448 1824 etiam
1459 1795 1534 1825 illud
1548 1816 1556 1829 ,
1578 1798 1741 1837 multajam
1750 1800 1821 1828 miln'
1829 1802 1895 1830 dare
1904 1802 1986 1842 signa
1996 1810 2114 1843 puerum

1155 1833 1325 1874 &pudorm
1341 1835 1500 1876 &ingenii·
1525 1838 1574 1868 sed
1594 1849 1707 1870 aetatem
1726 1842 1820 1871 vides.
1844 1844 1943 1873 Video
1956 1844 2112 1885 equidem,

1156 1884 1299 1914 inquam:
1322 1879 1347 1894 ¹¹
1362 1877 1410 1906 sed
1428 1887 1528 1908 tamen
1539 1881 1601 1919 jam
1615 1881 1698 1911 infici
1712 1883 1799 1912 debet
1813 1884 1851 1913 iis
1863 1885 1985 1919 artibus,
1996 1896 2067 1926 quas
2077 1885 2111 1921 fi,

1153 1915 1223 1944 dum
1231 1916 1275 1945 ess?
1285 1924 1367 1950 tener,
1378 1928 1446 1948 com
1452 1919 1572 1954 biberit,
1583 1922 1617 1952 ad
1629 1925 1741 1962 majora
1750 1927 1853 1956 veniet
1865 1929 1891 1945 ¹²
1900 1930 2026 1966 paratior
2038 1938 2043 1956 2
2058 1926 2111 1962 fic,

1154 1957 1321 1998 &quidem
1333 1959 1524 2000 diligentius,
1533 1963 1697 2004 saepiusque
1708 1965 1760 1996 ista
1770 1966 1933 2007 loquemur
1948 1971 2025 1999 inter
2040 1979 2110 2003 nos,

1153 2000 1331 2040 agemusque
1340 2004 1559 2033 communiter.
1574 2005 1622 2035 sed
1633 2005 1810 2038 resideamus
1823 2029 1833 2042 ‚
1843 2011 1942 2050 inquit
1954 2031 1961 2044 ,
1974 2010 1993 2040 si
2003 2012 2108 2051 placet-

1154 2043 1252 2081 itaque
1265 2042 1404 2072 fecimus.
1448 2047 1532 2075 Tum
1545 2046 1614 2076 ille:
1635 2051 1683 2078 Tu
1694 2059 1792 2080 autem
1807 2071 1815 2083 ,
1835 2051 1980 2092 cumipse
1991 2062 2105 2083 tantum
2125 2065 2140 2097 3

1153 2083 1300 2113 libi-onim
1314 2084 1437 2119 habeas,
1456 2097 1532 2127 quos
1545 2087 1592 2118 hic
1605 2089 1725 2120 tandem
1740 2094 1887 2132 requiris?
1911 2097 2110 2125 Commenta-

1150 2127 1210 2155 rios
1223 2126 1367 2166 quosdam
1380 2147 1389 2160 ,
1403 2129 1526 2171 inquam
1538 2149 1546 2163 ,
1567 2134 1593 2158 ¹3
1605 2131 1796 2164 Aristotelios
1808 2154 1816 2166 ,
1829 2145 1905 2175 quos
1918 2137 1965 2166 hic
1976 2137 2107 2168 sciebam

1149 2165 1207 2196 esse
1219 2187 1232 2199 ,
1243 2170 1314 2197 veni
1326 2177 1358 2198 ut
1367 2172 1514 2200 auferrem
1527 2191 1535 2204 ‚
1547 2182 1622 2212 quos
1632 2174 1760 2214 legerem
1773 2196 1781 2208 ‚
1793 2176 1866 2206 dum
1877 2176 1968 2207 ess'eni
1981 2179 2111 2209 otiosusz

1149 2209 1230 2249 quod
1244 2209 1367 2249 quidem
1382 2212 1471 2241 nobis
1481 2213 1528 2250 (ut
1537 2214 1603 2253 scis)
1620 2226 1671 2244 nnn
1681 2216 1747 2258 sape
1760 2218 1906 2259 contingit.
1930 2220 2028 2261 Qam
2041 2221 2106 2250 vel-

1150 2251 1210 2297 lem
1222 2271 1230 2284 ,
1250 2253 1369 2291 inquit,
1392 2262 1419 2282 te
1429 2253 1464 2284 ad
1474 2257 1810 2288 Stoicosinclinawsses.
1834 2270 1892 2291 erat
1902 2264 2004 2296 enim,
2020 2260 2041 2291 si
2051 2272 2107 2292 cu-

1144 2292 1293 2333 jusquam,
1308 2294 1386 2324 certe
1406 2303 1504 2329 tuum,
1522 2307 1625 2327 N1fflL
1641 2309 1785 2330 PRAETER
1797 2311 1976 2332 vin-mrem
1993 2313 2031 2333 iN
2047 2313 2106 2333 130-

1151 2343 1205 2364 ms
1218 2344 1365 2366 DUCERF..
1388 2337 1465 2367 Vide
1474 2357 1484 2372 2
1496 2348 1532 2369 ne
1543 2342 1791 2383 magi321nqriam
1803 2363 1814 2377 ‚
1823 2353 1908 2374 tuum
1918 2344 2019 2379 suerit,
2028 2345 2108 2376 cum

2071 2397 2107 2417 re

187 2457 211 2474 x.
231 2448 493 2481 ,·z‹aeips1'G›·aeei.2·nom
503 2450 573 2482 fient.
592 2451 678 2476 Nolui
690 2450 812 2478 fraudare
830 2451 953 2489 deinceps
974 2453 1102 2480 leetorem

146 2482 275 2519 scriptura
284 2484 352 2509 Pali.
362 2492 485 2520 quatuor.
497 2486 602 2521 pellime
612 2485 736 2513 hastenus
747 2487 874 2522 publicati
887 2508 895 2519 ‚
913 2499 958 2515 non
967 2497 1023 2515 nota
1033 2491 1104 2522 sunt.

145 2520 242 2581 qllisssus
253 2519 324 2569 quim
344 2519 429 2555 quaeso
449 2528 561 2548 utuntur
571 2523 687 2549 Romani
709 2523 839 2550 vocabulis
857 2524 1054 2559 indialeffica‚
1074 2527 1101 2553 in

211 2564 248 2581 ις’).
260 2567 265 2581 ’.

145 2565 162 2591 p
183 2565 210 2617 ζ..
230 2591 308 2617 Ver-bis
317 2598 410 2617 temtum
421 2594 447 2618 in
464 2593 586 2626 docenda]
608 2595 650 2620 Ita
659 2595 716 2621 Pal.
727 2604 768 2630 pr.
787 2596 880 2623 melius
891 2596 972 2632 longe
983 2606 1061 2633 quam
1074 2597 1100 2624 in

142 2626 295 2654 huncdiem
309 2646 317 2659 ,
335 2635 413 2653 tamen
431 2631 457 2653 in
474 2629 578 2655 dicendo.
598 2631 719 2664 quamvis
731 2632 759 2656 &
772 2631 858 2658 Aldus
878 2642 959 2669 nepos
979 2633 1102 2669 vulgavit
1120 2651 1122 2656 ν

142 2664 251 2689 docendo.

182 2707 208 2735 3.
229 2700 301 2725 stoici
317 2700 422 2731 plurima
435 2700 615 2735 nova-verunt]
638 2702 679 2728 Est
692 2702 705 2727 ἐι
717 2703 775 2728 Pal.
794 2703 874 2739 prim.
894 2704 996 2731 &tert.
1015 2705 1043 2730 8<
1063 2705 1100 2732 ita

143 2734 202 2761 feri:
221 2745 253 2761 ex
267 2735 373 2761 vetustis
385 2735 529 2763 Lambinus
542 2755 551 2769 ,
571 2747 664 2773 nempe
682 2746 814 2765 novarum.
834 2740 885 2767 cusi
906 2741 986 2776 vulgo
998 2760 1008 2773 2
1025 2745 1100 2767 nomi-

138 2779 274 2797 naverunt..

178 2814 207 2839 4.
233 2811 267 2834 De
287 2809 356 2833 rebm-
374 2816 418 2832 non
434 2809 598 2844 samagam]
621 2810 664 2836 Sic
674 2809 809 2838 Viam-'ius
822 2811 874 2843 ,sic
884 2811 1096 2849 Pall.quiiique.
1118 2841 1119 2845 ,

139 2841 206 2869 editi
217 2843 281 2869 olini
290 2844 444 2876 pervulgatis.

179 2887 206 2910 5.
225 2880 353 2912 Qamoid
367 2880 431 2905 nobis
449 2880 548 2914 magis]
570 2881 670 2917 Vulgg.
688 2890 776 2915 quanto
785 2883 811 2908 id
827 2885 870 2908 vel
883 2885 956 2910 nobis.
977 2884 1018 2911 sed
1029 2884 1098 2912 illud

141 2913 258 2941 velabest
270 2915 324 2941 Pal.
337 2925 377 2950 pr.
388 2915 551 2943 Gulielmius
563 2918 722 2951 conjecerat,
733 2926 821 2952 quanto
828 2920 889 2944 idem
897 2921 969 2946 noa—is.

179 2949 208 2975 6.
227 2952 407 2984 Cmskquamitr,
417 2951 489 2985 tymim
499 2962 526 2978 ea
535 2956 613 2979 verba
624 2973 631 2984 ‚
642 2955 708 2988 [ἵνα]
727 2955 871 2986 Publicati,
881 2965 1024 2989 quamquam
1035 2976 1043 2987 ‚
1054 2956 1098 2983 sed
1116 2970 1117 2983 ι

141 2993 201 3010 cam
212 2984 352 3012 letffioneni
363 2986 470 3014 damnat
482 2988 539 3014 Pal.
551 2998 591 3025 pr.
612 2999 675 3016 mox
687 2991 767 3017 etiam
787 2991 890 3026 repoliri
905 2994 1096 3027 prxceptasimt‚

141 3020 201 3046 loco
210 3028 326 3053 percepta,
337 3021 388 3048 fide
400 3023 456 3049 Pal.
468 3025 552 3051 tertii.

175 3064 204 3090 7.
224 3058 356 3090 Utfhlcbam
364 3058 417 3083 inde
424 3061 574 3094 promerem]
596 3061 651 3088 Pal.
665 3071 705 3097 pr.
716 3059 881 3089 solummodo
895 3081 904 3094 ‚
913 3062 1043 3096 tir-fidebam
1055 3067 1096 3091 Ae-

131 3098 271 3124 promertmt
292 3092 364 3118 Idem
375 3094 461 3119 statim
474 3104 526 3122 non
536 3096 613 3123 habet
628 3107 714 3124 vocem
727 3101 876 3131 methfia.

148 3161 152 3165 η
172 3127 200 3153 8.
219 3129 293 3162 Qast
300 3129 399 3154 bethim
407 3130 502 3169 (ὠνὴ-1
521 3133 578 3158 Cur
589 3142 639 3159 nou
652 3143 801 3161 revocarem
823 3135 960 3162 inventum
971 3136 1093 3163 omnibus

132 3160 220 3191 Meris
231 3164 258 3192 in
269 3164 317 3192 ms.
331 3172 414 3192 veteri
426 3166 565 3202 iiJolepho
575 3168 710 3205 Scaliger-o
720 3171 819 3199 collato
830 3189 839 3204 ‚
859 3171 925 3200 item
935 3174 963 3200 in
973 3173 1095 3201 Palatino
1111 3176 1116 3204 l

1143 2456 1230 2492 primo
1243 2476 1251 2488 ‚
1272 2456 1399 2496 nisiquod
1410 2457 1553 2493 adspiratio
1563 2458 1600 2485 ibi
1610 2459 1647 2485 ita
1666 2459 1735 2494 pie‘tu
1754 2460 1817 2486 effer
1832 2467 1861 2485 ut
1872 2462 1891 2484 Β
1904 2458 1984 2492 videri
2004 2458 2081 2494 pol'fit
2091 2470 2099 2486 :

1125 2491 1126 2507 ³
1145 2491 1212 2518 unde
1223 2493 1302 2519 etiam
1315 2494 1414 2520 tae-tuni
1429 2513 1436 2524 ‚
1458 2494 1521 2521 utin
1534 2495 1678 2527 Cujacisino
1688 2496 1714 2520 ὃς
1727 2495 1784 2521 Pal.
1796 2503 1890 2531 quarm
1900 2494 1930 2520 ad
1942 2504 2015 2520 orani
2028 2495 2102 2530 lege-

1144 2530 1340 2556 returbeluasis.
1362 2529 1487 2556 musteum
1501 2538 1634 2566 receptum
1654 2532 1719 2556 hemo
1736 2532 1848 2557 libiorum
1864 2550 1872 2563 ,
1891 2531 2101 2559 immillo-exstat

1143 2564 1187 2590 1³21
1194 2564 1211 2590 l.
1223 2564 1320 2591 liabent
1330 2566 1399 2592 enini
1411 2576 1454 2592 oui
1460 2576 1516 2598 nes,
1526 2569 1588 2592 heluo
1597 2568 1663 2592 libri.

1178 2608 1207 2635 9.
1227 2604 1283 2626 Veni
1292 2602 1325 2626 ad
1341 2605 1473 2635 vesperum.
1493 2604 1566 2635 causta
1588 2602 1691 2635 aurem]
1713 2604 1773 2628 Nec
1791 2602 1850 2628 heic
1869 2602 1940 2628 volui
1955 2602 2104 2629 excludere

1142 2636 1212 2672 quod
1223 2644 1280 2663 erat
1291 2637 1317 2663 in
1329 2638 1386 2663 Pal.
1398 2647 1438 2673 pr.
1457 2638 1527 2673 quod
1538 2640 1564 2664 ἃ
1576 2639 1685 2674 quintus
1705 2639 1732 2664 δε
1743 2638 1810 2665 sext.
1827 2645 1902 2675 parte
1912 2638 1955 2666 lua
1964 2639 2099 2673 juvarent.

1141 2672 1194 2698 cufi
1206 2681 1214 2703 5
1227 2675 1358 2706 vesperam.
1371 2675 1442 2706 caufh
1451 2678 1520 2699 enim.
1542 2675 1640 2710 inepte.

1181 2717 1221 2734 10.
1242 2712 1273 2733 Et
1283 2711 1380 2741 Caepioni
1388 2711 1485 2743 nostro]
1509 2710 1569 2736 Hoc
1580 2719 1685 2746 quoque
1694 2709 1813 2736 debitum
1827 2709 1883 2736 Pal.
1894 2711 1990 2746 primo.
2002 2720 2102 2747 quein-

1140 2743 1283 2770 admodum
1294 2744 1393 2771 dudum
1406 2746 1554 2775 coniecerat
1565 2747 1595 2772 P.
1607 2747 1741 2772 Manutius
1755 2766 1763 2777 ‚
1774 2746 1815 2772 sed
1827 2756 1878 2772 non
1891 2748 1968 2773 etiam
1981 2747 2098 2774 stabilie-

1141 2787 1184 2806 rat
1195 2779 1324 2806 librorum
1335 2780 1394 2807 fidis
1411 2781 1574 2808 tibi-sinibus.
1595 2782 1694 2817 vulgati
1705 2785 1816 2815 Scipioni,
1826 2783 1853 2808 Sc
1866 2782 1922 2808 heic
1932 2782 2013 2810 infra.

1180 2825 1188 2841 i
1199 2825 1220 2841 i.
1238 2817 1284 2841 Sed
1291 2819 1356 2850 infici
1365 2824 1442 2842 tamen
1452 2819 1507 2850 jam
1515 2818 1579 2844 debet
1590 2837 1598 2848 ‚
1609 2818 1675 2851 ἕνα]
1697 2818 1814 2853 Scaliger
1825 2819 1911 2845 noster
1922 2838 1931 2850 ‚
1948 2818 2094 2855 adscripfir,

1140 2851 1229 2887 legere
1248 2851 1271 2878 se
1284 2853 1415 2885 -l'edsuffi'th
1435 2854 1478 2878 Sic
1488 2853 1585 2880 Cicero
1597 2854 1759 2880 Hortensio:
1782 2857 1820 2879 Uti
1833 2859 1874 2886 qui
1891 2857 1987 2881 combibi
2000 2863 2100 2889 surpta--

1117 2894 1119 2911 2
1136 2897 1189 2913 ram
1199 2888 1469 2920 volet‚Jic(I1‘ciuntprius
1477 2891 1559 2915 lanam
1568 2890 1738 2915 medicamentis
1746 2890 1895 2924 quibusdam,
1906 2891 1957 2920 (lyr.

1178 2933 1219 2949 12.
1238 2928 1367 2950 Paratiar:
1383 2926 1417 2958 fic
1430 2944 1436 2955 ‚
1457 2926 1485 2955 ᾠ-
1502 2926 1595 2959 quidem
1612 2926 1765 2959 diligentius,
1784 2925 1860 2960 den]
1885 2926 2030 2954 Emendavi
2049 2927 2099 2955 lo·-

1136 2968 1196 2986 cum
1208 2963 1222 2985 i:
1234 2960 1291 2986 Pal.
1302 2969 1343 2996 pr.
1353 2960 1379 2987 in
1391 2970 1444 2996 quo
1455 2963 1704 2995 tamenparatiorfit.
1724 2963 1753 2992 (ἔγ
1761 2962 1867 2996 quidem.-
1887 2962 1982 2989 Leetio
1993 2963 2092 2996 nostr-i,

1115 3007 1116 3027 ῃ
1137 2995 1273 3022 sententia:
1285 3005 1368 3031 magis
1381 2997 1504 3032 quadrat,
1517 3007 1594 3032 quani
1606 2997 1809 3025 Lambiuianum
1822 3017 1829 3030 ‚
1841 2998 1919 3025 nimis
1931 2999 2042 3026 licenter
2051 3000 2099 3027 iu·-

1140 3030 1420 3102 ve‘igtime'stristoteliosfl
1442 3069 1483 3095 Ita
1493 3068 1536 3094 Pal
1545 3089 1550 3094 .
1560 3077 1601 3104 pr.
1613 3069 1746 3104 quomodo
1765 3069 1793 3094 1&
1803 3068 1828 3096 in
1840 3069 1889 3096 suis
1902 3071 2001 3106 reperit
2012 3072 2099 3097 Lam<-

1113 3107 1116 3130 .'
1137 3101 1225 3129 binus.
1246 3103 1314 3129 idem
1328 3104 1416 3139 paullo
1427 3105 1480 3140 post·
1492 3105 1634 3140 ignorabat
1647 3105 1765 3131 voculam
1777 3112 1814 3136 nt,
1825 3106 1921 3132 deinde
1931 3106 2099 3143 praepolkio-

1136 3148 1194 3164 nem
1206 3142 1242 3169 in.
1253 3139 1366 3175 ideoque
1377 3148 1517 3176 utramque
1527 3141 1657 3177 expunxi3
1669 3142 1786 3169 monitus
1799 3150 1925 3177 praeterea
1936 3146 1952 3170 :i
1961 3143 2101 3170 Lambino«

1135 3174 1247 3203 abfuisse
1258 3194 1267 3210 ,
1281 3176 1346 3204 item
1358 3175 1446 3204 irssiis.

1416 3214 1443 3241 N
1456 3222 1472 3240 n
1483 3222 1498 3241 ii
1510 3222 1552 3241 nn
1564 3223 1578 3241 n
1604 3221 1616 3248 3
1975 3223 1995 3241 i.
2008 3215 2109 3241 Ouium-ai
