2301 3395
134 114 170 161 4

135 179 322 212 stitutionem
331 180 422 211 ciusae
432 181 675 222 cognoverimus.
696 180 854 211 Causarum
864 177 1095 209 constitutiones

135 222 186 252 alii
196 231 334 263 quattuor
343 220 480 252 fecerunt
493 233 497 249 z
516 225 526 242 ¹
539 221 639 252 noster
648 221 754 252 doctor
766 224 923 251 Hei-meres
934 221 1002 249 treis
1011 227 1095 259 puta-

137 266 183 294 vit
200 262 270 294 esse.
301 273 364 293 non
376 272 408 293 ut
418 263 453 293 de
464 263 588 293 illorum
599 266 758 304 quicquam
770 262 934 292 detraheret
945 261 1098 291 inventio—

139 315 189 339 ne,
200 305 248 335 sed
261 314 292 335 ut
304 304 480 338 ostenderet,
492 304 618 345 id‚quod
630 302 803 344 oportuisset
813 301 1030 343 simpliciter,ac
1040 299 1098 330 sin-

139 347 230 388 gulari
242 346 336 376 modo
346 346 453 376 docere
464 366 473 379 ,
497 346 565 375 illos
578 344 756 375 distribuisse
767 344 926 385 dupliciter
936 344 968 374 &
979 343 1099 383 biperti-

140 387 183 418 τὸ.
207 386 389 423 constitutio
399 387 441 417 cst
449 390 544 427 prima
555 387 719 426 deprecatio
730 385 893 416 defensoris
902 395 974 415 cum
983 384 1100 415 accusa-

140 432 213 460 toris
226 428 444 459 insimulatione
455 430 628 467 conjuncta.
651 427 888 458 Constitutiones
899 429 995 467 itaque
1006 435 1038 456 ut
1047 436 1100 455 an-

141 481 168 500 te
179 471 314 501 diximus
327 491 333 503 ,
348 480 403 500 ties
416 470 483 499 sunt
493 490 501 503 ,
515 469 723 500 con‘eStumlis
735 489 742 503 ‚
754 470 902 511 legitima,
912 467 1100 507 juridicialis.

141 510 368 548 Conjedlu-iulis,
380 510 422 541 est
432 510 504 540 curn
515 511 550 541 de
575 510 640 541 τιξῐο
651 509 847 541 controversia
856 509 910 543 est,
921 511 978 539 hoc
989 508 1082 539 modo
1095 518 1100 536 2

142 558 234 593 ,Λμκ
244 565 271 582 ιη
278 553 366 593 filzia,
383 551 540 593 postquam
551 553 747 593 rescivit,quae
757 551 873 583 fecisset
882 562 933 592 per
943 551 1100 582 insaniam,

142 596 242 636 gladio
254 594 399 624 incubuit.
423 592 540 633 Ulyss'es
551 597 712 624 intervenit
726 605 731 623 z
753 594 885 624 occisum
898 593 1084 632 conspicatur
1097 602 1102 619 ·.

138 640 160 666 'e
170 645 293 675 corpore
303 636 396 665 telum
408 645 564 665 cruentum
573 636 684 666 educit.
708 638 825 666 Teucer
834 636 996 665 intervenit
1010 645 1017 667 ·,
1030 631 1100 662 cum

141 677 261 708 fratrem
280 676 411 707 occisum
423 697 432 710 ‚
456 677 490 708 &
509 679 671 707 inimicum
682 676 776 707 fratris
788 687 857 706 cum
869 676 967 717 gladio
978 683 1102 704 cruento

141 719 340 757 videt‚capitis
349 716 470 748 arceffit.
491 720 561 752 Hic,
572 721 717 759 quoniam
727 728 794 758 conj
800 718 896 748 cetura
907 727 1010 747 verum
1023 726 1102 757 qua:-

143 762 218 791 ritur
227 780 235 793 ,
260 760 296 789 de
305 758 385 790 faeto
395 761 452 790 erit
460 758 656 790 controversia
667 781 675 794 ,
689 761 721 790 &
731 771 769 790 ex
780 771 815 790 eo
825 759 1001 789 constitutio
1012 757 1103 787 causa:

144 800 353 839 conje&uralis
363 802 547 831 nominatur.
576 803 725 842 Legitima
735 801 925 835 constitutio,
935 800 977 830 est
987 798 1058 830 cum
1071 800 1103 828 in

144 844 253 883 scripto
264 863 273 877 ‚
283 851 332 872 aut
342 852 380 872 ex
391 843 498 883 scripto
507 843 620 884 aliquid
629 842 835 873 controversiae
845 843 983 872 nascitur.
1007 844 1049 871 Ea
1058 839 1104 869 di-

144 885 258 915 viditur
267 886 300 914 in
308 886 414 924 parteis
424 884 485 918 sex,
499 885 639 924 scriptum
652 885 684 915 &
695 885 882 917 sententiam,
893 884 1050 913 contrarias
1062 881 1104 910 lc—

145 937 206 969 ges,
218 925 405 967 ambiguum,
417 924 639 959 definitionem,
651 926 870 956 transsationem
884 946 892 959 ‚
903 925 1104 955 ratiocinatio-

139 968 233 999 nem.
254 970 300 997 Ex
310 967 416 1007 scripto
425 966 459 996 ὃ(
470 967 612 997 sententia
621 969 747 998 nascitur
756 965 965 999 controversia,
976 963 1047 995 cum
1058 966 1105 993 vi-

148 1009 235 1040 detur
252 1009 400 1049 scriptoris
419 1008 549 1038 voluntas
566 1019 638 1039 cum
660 1010 763 1049 scripto
784 1009 847 1049 ipso
857 1006 1008 1038 dissentire
1018 1027 1026 1039 ‚
1047 1007 1105 1035 hoc

150 1050 244 1081 modo
257 1061 263 1079 ι
282 1052 326 1080 Sit
334 1050 383 1079 lex
394 1070 402 1083 ,
423 1060 488 1091 quae
495 1050 593 1089 jubeat
603 1070 612 1084 ,
631 1061 671 1079 eos
684 1071 692 1083 ,
711 1052 762 1092 qm'
773 1059 890 1090 propter
899 1047 1103 1089 tempestatem

149 1094 251 1123 navim
262 1092 445 1132 reliquerint,
456 1093 560 1122 omnia
568 1092 688 1132 perdere
703 1103 763 1122 :eei
771 1102 823 1122 um
835 1098 1103 1128 navim‚ceteraque

151 1133 219 1168 ess'e,
231 1132 251 1163 si
261 1143 345 1164 navis
357 1133 524 1163 conseivata
534 1131 577 1167 sit,
588 1136 640 1174 qui
649 1135 843 1164 remanserint
853 1135 885 1162 in
896 1133 976 1162 navi.
987 1132 1104 1171 magni-

151 1174 255 1206 tudine
274 1173 452 1215 tempestatis
470 1185 577 1205 omnes
598 1177 743 1215 perterriti
769 1177 873 1205 navim
899 1173 1103 1213 reliquerunt,

154 1221 168 1236 ²
179 1217 313 1256 scapham
325 1215 671 1256 conscenderant,praeter
680 1227 777 1246 unum
786 1224 942 1257 aegrotum.
957 1216 979 1243 is
987 1222 1107 1253 proprcr

154 1258 309 1292 morbum,
320 1257 449 1290 exne,&
458 1257 557 1299 fugere
566 1268 629 1288 non
640 1260 748 1298 potuit.
771 1259 835 1288 casu
845 1255 1011 1287 &fortuitu
1021 1255 1106 1284 navis

152 1301 184 1330 in
195 1309 315 1340 portum
326 1299 489 1329 incolumis
498 1299 591 1330 delata
600 1299 652 1330 est.
671 1300 753 1329 illam
765 1308 889 1341 aegrotus
897 1295 1032 1338 poffidet.
1053 1305 1091 1325 na

152 1343 219 1372 vim
228 1343 303 1381 petit
311 1341 372 1374 ille,
384 1341 469 1380 cujus
476 1339 581 1372 fuerat.
610 1343 682 1371 Haec
690 1340 865 1371 constitutio
874 1340 1007 1380 legitima
1017 1336 1058 1367 est
1068 1346 1106 1366 ex

153 1384 262 1423 icripto
273 1383 305 1413 δε
316 1382 469 1413 sententia.
491 1385 536 1413 Ex
544 1384 695 1413 contrariis
706 1382 819 1422 legibus
828 1378 1023 1412 controversia
1033 1389 1106 1409 con-

155 1423 210 1454 stat
219 1445 227 1458 ‚
239 1422 310 1454 cum
320 1424 375 1453 alia
384 1424 542 1463 lexjubet,
563 1433 612 1454 aut
619 1422 782 1464 permittit,
802 1424 857 1454 alia
864 1431 943 1453 vetat
951 1422 1104 1463 quippiam

156 1465 231 1500 fieri,
243 1466 301 1495 hoc
310 1465 404 1495 modo
415 1476 420 1494 z
443 1467 508 1496 Lex
519 1475 596 1496 vetat
605 1486 614 1500 ,
625 1476 688 1495 eum
700 1487 707 1499 ,
719 1467 770 1506 qui
780 1465 816 1495 de
825 1466 958 1505 pecuniis
969 1471 1106 1502 repetun-

156 1507 203 1537 dis
213 1507 369 1537 damnatus
380 1505 422 1541 sit,
435 1509 465 1537 in
475 1509 622 1537 concione
632 1509 799 1538 orationem
809 1507 926 1538 habere.
948 1505 1047 1536 Altera
1057 1504 1107 1533 lex

152 1549 257 1590 jubet,
269 1558 404 1589 augurem
415 1569 423 1583 ‚
436 1550 469 1579 in
479 1548 629 1579 demortui
638 1549 739 1579 locum
749 1551 800 1589 qui
810 1557 887 1588 petat
897 1568 906 1581 ‚
916 1550 948 1577 in
958 1548 1106 1577 concione

158 1592 328 1621 nominare.
353 1593 456 1632 Augur
472 1590 594 1630 quidam
613 1590 766 1620 damnatus
777 1590 813 1619 de
822 1591 956 1630 pecuniis
966 1597 1106 1628 repetun-

156 1632 203 1662 dis
212 1652 220 1666 ,
239 1635 250 1659 3
263 1634 295 1662 in
305 1631 455 1662 demortui
466 1632 568 1661 locum
578 1634 757 1662 nominavit.
776 1634 885 1671 petitur
893 1631 927 1661 ab
937 1641 973 1660 eo
984 1628 1107 1659 molita.

159 1672 342 1705 Constitutio
351 1674 412 1704 haec
422 1674 552 1715 legitima
561 1673 603 1704 est
612 1684 650 1704 ex
659 1675 810 1704 contrariis
820 1673 945 1714 legibus.
977 1675 1023 1702 Ex
1042 1681 1108 1700 am-

158 1717 251 1756 biguo
261 1713 457 1746 controversia
467 1716 591 1745 nascitur
600 1735 608 1749 ‚
619 1725 714 1756 quum
722 1716 863 1755 scriptum
874 1715 945 1744 duas
956 1735 965 1748 ,
983 1723 1033 1743 aut
1041 1712 1109 1753 plu-

160 1760 217 1786 reis
228 1757 384 1787 sententias
394 1755 544 1798 significat,
555 1758 613 1787 hoc
623 1757 715 1787 modo
729 1767 733 1786 :
748 1754 957 1787 Paterfamilias
967 1765 1063 1796 quum
1075 1752 1111 1784 fi-

161 1799 239 1828 lium
251 1798 390 1829 heredem
399 1797 506 1828 faceret
516 1819 524 1832 ‚
545 1797 719 1829 testamento
729 1800 792 1829 vasa
799 1807 932 1840 argentea
942 1798 1029 1827 uxori
1041 1797 1110 1826 41e—

160 1841 239 1881 gavit
251 1860 259 1873 ,
279 1841 338 1869 hoc
348 1839 441 1869 modo
453 1851 458 1868 :
478 1841 585 1870 Tullius
595 1841 665 1869 lieres
673 1850 748 1869 meus
759 1860 766 1874 ‚
778 1841 926 1870 Terentiae
936 1840 1025 1869 uxori
1035 1848 1111 1867 meae

163 1891 247 1912 xxx.
266 1881 369 1921 pondo
387 1881 525 1912 vasorum
542 1891 746 1922 argenteorum
766 1881 834 1911 dato
843 1891 908 1922 quae
916 1881 1008 1910 volet.
1044 1878 1113 1910 Post

164 1932 294 1953 mortem
305 1924 369 1961 ejus
377 1924 442 1953 vasa
449 1924 574 1963 pretiosa
585 1923 616 1953 δε
626 1924 714 1954 celata
729 1927 742 1951 5
752 1921 910 1963 magnifice
920 1943 929 1956 ‚
951 1923 1025 1962 petit
1043 1931 1113 1951 mu-

162 1965 229 1994 lier.
261 1965 381 1995 Tullius
398 1965 427 1994 st·
436 1984 445 1997 ‚
468 1975 532 2005 quae
549 1965 610 2004 ipse
628 1966 710 1995 volet
718 1968 752 1995 in
763 1975 844 1995 xxx.
855 1964 959 2004 pondo
968 1966 995 1993 ei
1006 1963 1111 1993 debere

104 2007 115 2031 Ι
128 2008 145 2031 2·
163 2005 246 2036 dicit.
270 2005 450 2036 Constitiitio
459 2005 502 2036 est
509 2007 644 2048 legitima
652 2017 689 2036 ex
699 2007 852 2049 ambiguo.
884 2009 930 2035 Ex
940 2004 1116 2035 definitione

163 2047 278 2078 constat
287 2048 368 2078 causa
378 2068 386 2081 ,
402 2046 416 2066 ⁶
427 2046 496 2078 cum
509 2048 578 2078 inde
589 2047 785 2079 controversia
794 2048 836 2078 est
847 2068 855 2082 ‚
866 2058 926 2088 quo
936 2048 1063 2076 nomine
1072 2045 1117 2076 fa-

166 2089 248 2119 &um
258 2089 428 2128 appelletur.
460 2099 492 2119 ea
501 2089 543 2118 est
553 2090 742 2128 hujusmodi:
766 2093 834 2119 Cum
843 2093 881 2118 L.
894 2088 1062 2119 Saturninus
1074 2088 1117 2116 le-

167 2141 235 2171 gem
246 2129 471 2160 frumentariam
482 2131 518 2160 dc
529 2129 692 2160 stmiffibus
705 2131 737 2160 ὅ(
746 2130 903 2160 trientibus
914 2130 1021 2159 laturus
1032 2126 1113 2161 effer,

168 2174 268 2211 Caepxo
279 2191 286 2205 ‚
298 2173 348 2212 qui
359 2181 409 2211 per
417 2171 448 2201 id
459 2174 599 2212 temporis
609 2171 871 2212 quaestorurbanus
881 2179 952 2203 erat,
961 2170 1063 2199 docuit
1072 2169 1116 2198 se-

168 2215 420 2246 natum,aei-.u-ium
430 2215 487 2252 pati
497 2223 561 2243 non
571 2212 650 2254 posse
660 2214 848 2253 largitionem
858 2220 982 2241 tantam.
993 2214 1116 2240 Senatus

168 2254 316 2288 decrevit,
338 2253 358 2283 fi
376 2264 440 2284 eam
461 2255 556 2295 legem
567 2255 601 2284 ad
611 2255 757 2294 populum
767 2255 840 2284 ferat
850 2273 858 2287 ,
877 2252 1011 2282 adversus
1020 2261 1116 2291 remp.

167 2296 263 2327 videri
273 2305 344 2325 eum
354 2295 458 2326 facere.
481 2298 655 2326 Saturninus
664 2295 738 2326 ferre
749 2297 843 2335 caepit.
855 2294 983 2335 Collegae
992 2295 1119 2323 interce—

169 2337 247 2368 dere.
260 2338 310 2367 illc
321 2337 521 2367 nihilominus
530 2343 544 2365 7
552 2336 697 2367 cistellim
707 2337 823 2367 detulit.
858 2337 957 2375 Caepio
968 2355 976 2369 ,
989 2335 1118 2364 utillum

170 2387 272 2410 contra
280 2381 311 2409 S.
324 2380 358 2408 G.
368 2378 618 2409 intercedentibus
636 2379 758 2420 collegis
776 2377 911 2410 adversus
929 2386 1025 2417 remp.
1044 2376 1121 2406 vidit

222 2514 244 2530 r.
265 2508 343 2537 Noster
361 2507 435 2533 dovor
451 2507 602 2540 Hermen-L]
633 2504 712 2533 Haud
731 2506 809 2532 :iliter
826 2504 960 2531 Victorius
981 2523 991 2535 ‚
1008 2505 1036 2530 8(
1055 2503 1123 2529 allu-

174 2540 240 2567 dunt
254 2541 319 2567 Pall.
340 2542 365 2567 'iu
376 2541 449 2577 quib.
467 2541 522 2568 feri.-
534 2544 657 2575 Hcrmcstes
669 2561 676 2574 ,
695 2549 739 2568 :nit
750 2547 863 2572 Hermc53
884 2539 1028 2567 Lambinus
1047 2549 1124 2575 repo-

175 2576 224 2638 is'uit
235 2580 396 2609 Hermagoras.
416 2578 576 2604 Gulielmius
587 2578 677 2605 mallet
688 2578 751 2605 nihil
762 2576 845 2605 adesse
858 2596 865 2609 ,
876 2578 959 2612 quam
967 2585 1062 2603 noineii
1074 2575 1125 2602 ial-

189 2621 242 2639 um.

214 2656 242 2674 2.
260 2650 374 2680 Scapham
382 2649 589 2683 conscenderant]
620 2649 663 2676 Est
674 2648 741 2675 Pau.
752 2655 846 2684 quarto
858 2648 885 2673 8:
895 2646 970 2673 sexto
983 2666 990 2679 ‚
1000 2647 1027 2673 δε
1038 2647 1124 2679 insca-

172 2686 245 2717 pbam
254 2685 437 2717 eonfimdernnt.
465 2684 608 2710 Lambinus
620 2685 732 2720 reposuit
744 2703 752 2716 ,
772 2694 804 2710 ex
815 2684 921 2720 optimis
935 2702 943 2714 ,
954 2690 983 2709 ut
994 2683 1124 2718 loquitur,

179 2719 336 2745 membranis
349 2739 357 2751 ,
366 2719 394 2749 d..
403 2720 543 2753 infialham
551 2721 722 2754 dficnderum.
741 2729 774 2747 ex
785 2730 838 2755 quo
848 2719 955 2755 putabat
964 2718 1125 2745 Gulielmius

178 2754 327 2782 faciendum
337 2756 492 2784 escenderunt.

216 2799 241 2826 3.
259 2793 316 2817 Inde
324 2793 485 2817 mormilcenm
494 2792 651 2826 nomInaw't]
671 2792 714 2818 Sic
723 2791 784 2827 lego
793 2790 952 2818 austeritate
962 2789 1124 2827 Paukprd'ec.

178 2835 266 2862 quart.
278 2826 380 2853 sexti&
392 2826 572 2854 Brunca-niis.

213 2870 240 2895 4.
261 2865 362 2895 Legavit
373 2881 380 2893 ,
390 2863 429 2887 hot
437 2863 523 2897 modo]
545 2863 600 2889 Pal.
611 2871 719 2899 quai-tus
730 2873 782 2890 non
793 2862 868 2889 habet
878 2861 947 2889 illud
956 2863 996 2888 hoc
1005 2863 1064 2889 modo
1075 2881 1084 2894 ‚
1094 2862 1121 2888 &

179 2907 231 2925 non
245 2897 347 2924 videtur
357 2897 406 2924 esse
416 2897 542 2924 auftoris.
810 2924 813 2929 .

220 2941 244 2966 5.
263 2934 469 2967 fflagnificbpetit
478 2934 656 2960 m1‹.'i.=r.7⁴ullim
661 2934 686 2965 [ὲ
696 2943 745 2968 ‘71¹ae
753 2935 797 2968 ipse
806 2936 867 2960 volet
875 2937 901 2960 in
910 2932 1122 2967 xxx.pondo‚&c.]

180 2968 223 2995 Sic
232 2969 341 2997 omnino
351 2968 419 2996 Pali.
429 2969 546 3005 plerique
556 2970 582 2996 8<
594 2969 777 2996 Gulielmiani.
795 2971 866 3006 prius
876 2969 941 2996 editi
959 2970 1078 3004 magnifici
1085 2970 1127 2994 illa

174 3007 245 3039 perit.
264 3005 379 3037 Tullius-se
388 3014 436 3038 quie
445 3006 716 3038 ve.'i1ipsexxx.p0ndo,
725 3006 776 3035 &aa

215 3040 243 3066 6.
261 3042 319 3065 Cum
327 3041 380 3066 inde
387 3042 564 3076 controrerfia]
583 3042 624 3068 lta
633 3041 689 3068 Pal.
700 3050 740 3077 pr.
751 3048 838 3077 quart.
849 3041 934 3068 Bruil.
945 3042 972 3067 &
983 3039 1061 3067 Fabr.
1072 3049 1124 3067 non

175 3077 212 3107 in,
223 3082 253 3105 ut
260 3083 336 3102 antea
348 3076 457 3110 vulgati.

213 3119 242 3148 7.
260 3113 372 3146 &stellam
381 3112 490 3148 astulia]
512 3112 555 3140 Sic
565 3112 677 3149 vulgati-ii
687 3121 778 3142 omnes
789 3112 816 3140 δε
827 3111 930 3141 Pali-:id
938 3121 1032 3142 unum·
1044 3112 1126 3155 Lam·

585 102 666 146 An
701 101 1123 151 Hssussuuiuri,
1163 99 1357 144 LinER
1390 98 1646 144 PniMus.

1143 175 1217 208 ferre
1228 196 1237 211 ,
1259 186 1329 208 cum
1339 179 1413 208 viris
1423 177 1510 208 bonis
1530 179 1677 217 impetum
1687 174 1758 205 facit
1767 194 1776 207 ‚
1799 168 1815 193 8
1823 174 1940 214 ponteis
1949 171 2102 204 disturbat·

1143 217 1228 250 cistas
1239 218 1341 258 dejicit
1351 231 1359 253 5
1371 219 1592 259 impedimento
1603 217 1645 248 est
1656 237 1663 251 ‚
1676 226 1736 257 quo
1748 213 1841 245 secius
1850 214 1958 245 feratur
1969 215 2034 244 lex:
2057 223 2102 244 at-

1144 258 1259 291 ceffitur
1278 262 1377 300 Caepio
1397 260 1566 300 majestatis.
1596 257 1777 289 Constitutio
1787 255 1971 298 estlegitima
1980 266 2017 286 ex
2027 253 2102 285 defi-

1146 303 1276 332 nitione.
1299 302 1489 332 Vocabulum
1501 303 1583 331 enim
1595 298 1736 330 definitur
1747 298 1856 338 ipsum,
1868 296 1938 328 cum
1949 300 2100 339 quaeritur,

1145 343 1218 384 quid
1237 341 1269 373 sit
1286 345 1408 372 minuere
1424 341 1604 382 majestatem.
1637 345 1682 372 Ex
1701 339 1889 370 transsatione
1906 337 2104 369 controversia

1147 385 1275 414 nascitur
1284 406 1292 419 ‚
1313 384 1385 415 cui-n
1403 394 1451 414 aut
1471 394 1587 424 tempus
1606 381 1807 412 differendum
1819 400 1827 414 ,
1846 390 1895 411 aut
1904 381 2100 411 accusatorem

1149 425 1405 465 mutandum,autj
1412 426 1511 455 udices
1523 424 1682 455 mutandos
1693 433 1757 452 reus
1769 422 1852 452 dicit.
1866 425 1928 452 Hac
1938 432 2016 462 parte
2027 431 2101 452 con-

1150 467 1312 497 stitutionis
1326 488 1334 501 ,
1355 470 1451 497 Graeci
1460 469 1492 496 in
1499 467 1621 506 judiciis
1632 486 1640 499 ‚
1653 475 1708 495 nos
1718 467 1750 494 in
1761 465 1823 497 iure
1834 464 1916 493 civili
1926 465 2101 504 plerumque

1150 511 1274 538 utimur.
1298 511 1329 538 in
1340 510 1393 538 hac
1402 517 1480 548 parte
1491 518 1547 537 nos
1554 509 1627 547 juris
1637 507 1736 536 civilis
1746 507 1866 536 scientia
1876 507 2009 535 maxime
2018 505 2102 543 adju-

1148 551 1240 580 vabit.
1264 550 1430 590 Injudiciis
1441 559 1540 579 tamen
1552 549 1694 578 nonnihil
1705 558 1736 577 ea
1752 551 1766 574 9
1778 549 1892 577 utimur
1901 567 1909 581 ‚
1921 549 1978 577 hoc
1987 546 2100 577 modo:

1149 592 1243 632 Siquis
1259 592 1410 632 peculatus
1429 591 1595 624 accusatur,
1613 588 1695 630 quod
1714 590 1780 618 vasa
1797 597 1930 629 argentea
1939 589 2056 628 publica
2066 587 2102 618 de

1151 634 1218 663 loco
1228 636 1340 673 privato
1351 633 1463 663 dicatur
1473 631 1616 662 sustulisse
1628 652 1636 664 ‚
1648 630 1734 671 possit
1743 630 1839 660 dicere
1851 651 1859 664 ‚
1870 629 1940 660 cum
1951 629 2103 672 definitio-

1124 688 1126 701 ι
1151 684 1189 704 ne
1201 673 1234 704 sit
1245 676 1311 704 usus
1322 695 1330 708 ,
1341 674 1413 715 quid
1423 673 1588 706 susurrum,
1600 672 1671 714 quid
1680 672 1830 712 peculatus
1843 683 1847 700 z
1863 672 2036 710 ficumrurti
2044 672 2102 712 agi,

1151 726 1215 745 non
1226 717 1375 755 peculatus
1386 725 1531 755 oportere.
1556 718 1628 745 Haec
1635 716 1754 754 partitio
1765 715 1905 755 legitima:
1915 713 2103 743 constitutio-

1153 760 1200 787 nis
1211 759 1255 787 his
1266 758 1301 787 de
1311 756 1399 787 causis
1408 756 1472 787 raro
1482 759 1605 786 venitin
1617 756 1760 793 judicium
1773 775 1782 788 ‚
1800 755 1881 796 quod
1901 756 1933 785 &
1952 757 1984 785 in
1994 756 2105 795 privata

1150 798 1268 828 alitione
1280 801 1422 839 praetoriae
1434 801 1624 837 exceptiones
1634 799 1718 830 sunt,
1741 798 1773 827 ὃς
1792 798 1875 827 causa
1892 797 1971 829 cadit
1986 799 2010 826 is
2022 817 2030 830 ,
2050 798 2103 837 qui

1150 851 1213 870 non
1224 861 1232 873 ‚
1254 839 1512 880 quemadmodum
1522 848 1654 879 oportet,
1673 841 1779 880 egerit:
1804 839 1878 868 &in
1888 839 2015 879 publicis
2023 848 2104 878 quae-

1151 881 1297 911 stionibus
1307 891 1425 911 cavetur
1434 882 1559 922 legibuS,
1572 880 1689 913 inante,
1702 879 1722 909 si
1732 890 1782 910 reo
1792 880 1991 911 commodum
2003 879 2045 913 sit,
2054 880 2104 918 ju-

1150 923 1265 953 dicium
1275 923 1311 953 de
1321 923 1483 953 accusatore
1494 921 1543 952 fiat
1552 943 1561 956 ,
1573 921 1673 952 utrum
1685 922 1729 951 illi
1741 922 1825 951 liceat
1834 922 1964 952 accusare
1974 942 1982 955 ,
1993 931 2100 951 necne.

1141 967 1198 995 Ex
1209 966 1433 994 ratiocinatione
1442 962 1638 995 controversia
1646 963 1769 996 constat,
1779 962 1850 993 curn
1862 974 1906 993 res
1917 962 1976 993 sine
1986 965 2102 1003 propria

1150 1006 1213 1046 lege
1223 1007 1306 1036 venit
1314 1008 1347 1035 in
1357 1006 1502 1042 judicium
1516 1026 1523 1039 ,
1535 1016 1600 1046 quae
1610 1015 1710 1035 tamen
1719 1005 1755 1034 ab
1764 1006 1828 1034 aliis
1839 1005 1952 1046 legibus
1963 1003 2103 1034 similitu—

1149 1046 1254 1077 dinem
1264 1047 1413 1088 quandam
1423 1057 1591 1087 aucupatur.
1614 1057 1647 1076 ea
1655 1046 1697 1076 est
1707 1047 1877 1085 hujusmodi
1891 1057 1896 1075 :
1920 1047 1968 1076 lex
1987 1045 2029 1076 est
2041 1067 2049 1080 ,
2071 1047 2104 1076 Si

1141 1088 1269 1128 furiofiu
1279 1087 1394 1128 exsistit,
1408 1091 1437 1107 ¹0
1445 1100 1460 1118 a
1481 1087 1818 1128 iiatfim,gentiliumque
1829 1090 1861 1118 in
1871 1090 2104 1128 empecuniaque

1149 1130 1174 1169 ej
1180 1140 1212 1159 us
1223 1130 1348 1170 potestas
1358 1130 1432 1159 esso.
1499 1132 1563 1160 Lex
1577 1150 1584 1163 ,
1603 1132 1664 1171 Qi
1674 1138 1825 1168 parentem
1836 1129 1948 1159 necass‘e
1956 1130 2105 1167 judicatus

1149 1173 1222 1205 erit,
1245 1175 1269 1191 ¹¹
1281 1173 1306 1201 is
1316 1172 1476 1201 obvolutus
1495 1172 1527 1201 &
1545 1171 1690 1211 obligatus
1700 1173 1783 1200 corio
1795 1191 1803 1203 ,
1823 1171 1982 1201 devehatur
1990 1173 2023 1200 in
2034 1181 2103 1210 pro-

1150 1211 1307 1243 fluentem.
1332 1213 1363 1242 &
1374 1215 1450 1246 Lex,
1461 1213 1672 1252 Paterfamilias
1682 1214 1725 1242 uti
1735 1212 1819 1250 super
1826 1211 1952 1245 familia,
1961 1214 2103 1252 pecunia-

1149 1264 1187 1284 ve
1199 1255 1248 1284 sua
1256 1255 1406 1295 legaverit,
1417 1257 1457 1284 ita
1462 1255 1510 1294 jus
1520 1254 1594 1284 esto.
1619 1254 1651 1283 δε
1662 1255 1727 1283 Lex
1739 1273 1746 1286 ‚
1765 1256 1796 1283 Si
1806 1254 2015 1293 Paterfamilias
2025 1255 2104 1283 inte-

1151 1295 1240 1326 status
1249 1298 1379 1326 moritur
1388 1316 1396 1329 ,
1408 1295 1522 1325 familia
1532 1316 1540 1329 ,
1560 1297 1744 1336 pecuniaque
1753 1296 1817 1330 ejus
1828 1294 1966 1336 agnatum
1977 1315 1985 1329 ,
2005 1297 2103 1332 genti-

1149 1338 1285 1378 liumque
1304 1337 1378 1367 esto.
1410 1337 1569 1367 Malleolus
1589 1337 1733 1372 iudicatus
1744 1336 1786 1366 est
1794 1346 1919 1367 matrem
1929 1333 2054 1367 necasse.
2077 1339 2106 1367 ci

1150 1379 1292 1409 damnato
1301 1378 1398 1409 statim
1410 1378 1549 1408 folliculo
1560 1380 1666 1419 lupino
1676 1389 1709 1408 os
1719 1378 1898 1408 obvolutum
1908 1378 1960 1412 est,
1974 1379 2005 1408 &
2019 1382 2045 1398 ¹2
2057 1379 2104 1409 so-

1152 1421 1204 1451 leae
1215 1421 1320 1462 ligneae
1329 1420 1454 1461 pedibus
1465 1420 1594 1451 indu&ae
1602 1421 1681 1454 sunt,
1693 1420 1725 1450 &
1736 1422 1767 1449 in
1777 1430 1922 1450 carcerem
1931 1420 2038 1450 duetus
2049 1419 2104 1450 est.

1153 1465 1213 1504 Qi
1223 1461 1423 1493 defendebant
1431 1472 1501 1492 eum
1512 1482 1522 1496 ‚
1540 1463 1651 1492 tabulas
1661 1464 1693 1491 in
1703 1472 1847 1492 carcerem
1857 1461 1983 1492 afferunt
1994 1473 2000 1491 z
2019 1461 2106 1492 testa-

1151 1513 1291 1534 mentum
1310 1504 1375 1544 ipso
1392 1504 1531 1544 praesente
1551 1504 1742 1534 conscribunt
1754 1514 1759 1532 :
1779 1503 1864 1533 testes
1874 1503 1930 1533 rite
1939 1502 2105 1534 affuerunt:

1152 1546 1188 1576 de
1199 1546 1254 1576 illo
1264 1546 1443 1586 supplicium
1452 1545 1554 1585 paullo
1562 1544 1629 1586 post
1640 1545 1778 1575 sumitur.
1787 1547 1820 1579 ii,
1830 1547 1881 1586 qui
1891 1545 2012 1576 heredes
2022 1554 2106 1576 erant

1151 1587 1330 1618 testamento
1337 1607 1346 1621 ‚
1367 1587 1561 1618 hereditatem
1577 1587 1699 1618 adeunt.
1729 1589 1826 1617 Frater
1842 1589 1944 1618 minor
1958 1587 2106 1620 Malleoli,

1153 1633 1182 1657 ¹3
1193 1630 1245 1670 qui
1254 1639 1326 1659 eum
1336 1637 1554 1670 oppugnaverat
1561 1629 1593 1659 in
1603 1629 1666 1667 ejus
1674 1628 1807 1669 periculo
1818 1649 1826 1662 ‚
1839 1629 1920 1659 suam
1929 1639 2015 1660 vocat
2022 1629 2107 1658 here-

1154 1671 1275 1702 ditatem
1295 1671 1353 1711 lege
1369 1671 1533 1710 agnationis.
1557 1669 1616 1701 Hic
1627 1679 1704 1700 certa
1713 1671 1762 1700 lex
1771 1672 1803 1700 in
1812 1681 1876 1700 rem
1886 1671 1968 1702 nulla
1977 1670 2105 1703 affertur.

1157 1714 1189 1743 δε
1199 1721 1301 1743 tamen
1311 1713 1414 1742 multae
1422 1711 1584 1742 afferuntur
1593 1732 1601 1746 ,
1630 1712 1646 1742 ὲ
1658 1711 1766 1753 quibus
1775 1714 1960 1742 ratiocinatio
1968 1713 2106 1745 nascitur,

1154 1764 1241 1796 quare
1258 1756 1388 1794 potuerit
1396 1774 1404 1787 ‚
1425 1762 1475 1782 aut
1491 1764 1554 1784 non
1573 1755 1703 1793 potuerit
1707 1753 1772 1792 jure
1783 1752 1992 1784 testamentum
2000 1753 2108 1783 facere.

1156 1795 1339 1826 constitutio
1348 1795 1481 1836 legitima
1489 1794 1531 1825 est
1542 1805 1579 1825 ex
1588 1796 1826 1825 ratiocinatione.
1857 1795 2034 1834 Cujusmodi
2043 1805 2108 1835 par-

1156 1847 1198 1868 tes
1208 1836 1302 1867 essent
1311 1837 1451 1877 legitimae
1462 1836 1686 1867 constitutionis
1694 1834 1878 1866 ostendimus
1890 1847 1896 1865 :
1924 1846 2006 1866 nunc
2015 1836 2052 1866 de
2058 1847 2068 1876 J
2074 1847 2108 1866 u—

1157 1878 1283 1910 ridiciali
1301 1877 1513 1908 constitutione
1531 1877 1677 1908 dicamus.
1702 1878 1942 1918 JURimciAms
1962 1877 2110 1908 constitu-

1158 1923 1201 1952 tio
1212 1919 1265 1953 est‚
1275 1918 1347 1949 cum
1356 1918 1470 1949 faffiim
1480 1922 1634 1952 convenit,
1645 1918 1810 1956 sedjnman
1822 1920 1928 1958 injuria
1937 1919 2049 1949 facturn
2062 1918 2108 1954 sit,

1159 1964 1309 2003 quaeritur.
1333 1962 1403 2001 Ejus
1415 1960 1638 1991 constitutionis
1648 1968 1741 2000 partes
1751 1961 1818 1990 sunt
1827 1961 1903 1993 duae,
1914 1971 2039 2001 quarum
2050 1971 2110 1992 una

1159 2004 1301 2036 absoluta,
1311 2003 1398 2033 altera
1405 2001 1560 2032 affumtiva
1567 2004 1752 2032 nominatur.
1774 2001 1916 2032 Absoluta
1923 2002 1967 2032 est
1976 2023 1984 2036 ,
1996 2001 2065 2032 cum
2076 2003 2107 2034 id

1161 2046 1269 2086 ipsum,
1280 2044 1361 2085 quod
1371 2043 1484 2074 fa&um
1494 2044 1547 2078 est,
1557 2053 1590 2074 ut
1598 2043 1678 2073 aliud
1688 2043 1766 2072 nihil
1775 2042 1847 2073 foris
1857 2042 2108 2078 astumatui·‚re6ie

1159 2087 1273 2117 ratium
1292 2083 1350 2115 effe
1366 2085 1512 2115 dicemus.
1542 2096 1575 2115 ea
1593 2084 1635 2115 est
1653 2084 1843 2124 hujusmodi:
1862 2086 1975 2115 Jlfimus
1985 2085 2110 2127 quidam

1161 2129 1343 2158 nominatim
1354 2128 1479 2156 Accium
1488 2128 1605 2166 po'e'tam
1617 2131 1647 2154 ¹4
1655 2126 1884 2166 compellavitin
1893 2128 2060 2157 scena-cum
2071 2131 2110 2158 eo

1164 2170 1271 2199 Accius
1282 2169 1325 2206 inj
1331 2170 1460 2198 uriarum
1470 2170 1538 2208 agit.
1562 2169 1610 2198 hie
1621 2168 1698 2198 nihil
1708 2167 1787 2197 aliud
1799 2167 1943 2202 defendit,
1955 2167 2010 2198 nisi
2019 2170 2109 2199 licere

1163 2211 1314 2240 nominari
1334 2219 1404 2238 eum
1416 2229 1425 2242 ,
1447 2211 1531 2248 cujus
1548 2212 1674 2239 nomine
1685 2210 1787 2249 scripta
1795 2209 1903 2240 dentur
1910 2210 2031 2251 agenda.
2054 2211 2110 2241 As-

1163 2253 1289 2281 sumtiva
1297 2260 1360 2290 pars
1369 2249 1411 2279 est
1420 2270 1428 2283 ‚
1440 2250 1512 2281 cuni
1521 2261 1571 2290 per
1582 2253 1607 2281 se
1618 2249 1748 2281 defensio
1758 2250 1879 2282 infirma
1888 2250 1930 2281 est
1938 2271 1947 2284 ‚
1970 2255 1997 2279 ¹5
2007 2251 2054 2282 sed
2064 2252 2109 2283 as·-

1164 2294 1258 2323 sumta
1274 2293 1398 2325 extraria
1415 2302 1445 2321 re
1457 2312 1465 2325 ,
1485 2293 1705 2332 comprobatur.
1735 2291 1911 2323 Affurntivae
1928 2302 2022 2333 partes
2038 2294 2110 2324 sunt

2125 966 2163 1000 ¹3

2128 1797 2171 1829 14

1160 2343 1315 2375 quattuor:
1334 2332 1479 2363 conceffio
1492 2354 1499 2366 ‚
1511 2337 1639 2364 remotio
1649 2336 1796 2367 criminis,
1806 2334 1952 2365 transsatio
1961 2337 2110 2369 criminis,
2147 2330 2149 2332 ’

1166 2376 1360 2415 comparatio.
1377 2374 1531 2406 Conceffio
1540 2375 1594 2410 est,
1603 2375 1676 2407 curn
1685 2386 1751 2406 reus
1761 2375 1888 2416 postulat
1889 2375 1945 2418 fibi
1954 2377 2068 2416 ignosci.
2079 2387 2113 2408 ea
2150 2398 2154 2399 γ

1968 2418 2115 2449 dividitur

1164 2503 1240 2530 binus
1251 2513 1283 2530 ex
1295 2503 1344 2530 suis
1356 2504 1558 2537 maluitfitellaem,

1201 2538 1228 2566 8.
1247 2541 1338 2566 'Ponteis
1347 2541 1460 2569 disturbat
1471 2560 1477 2570 ‚
1497 2543 1564 2567 cislaf
1573 2541 1674 2574 dejicit]
1695 2540 1774 2567 Hand
1784 2540 1856 2567 stcus
1865 2540 1933 2567 Pan.
1943 2539 2024 2567 nosti-i
2036 2559 2044 2572 ,
2062 2538 2112 2567 nifi

1165 2574 1235 2611 quod
1246 2574 1295 2601 sec.
1301 2576 1394 2609 gradus
1400 2577 1475 2608 pomis
1483 2577 1598 2609 disturbat
1609 2596 1616 2608 ‚
1635 2579 1714 2609 cistam
1722 2578 1799 2603 deicit.

1200 2619 1229 2645 9.
1250 2615 1341 2636 Urimur
1357 2613 1396 2637 hoc
1413 2613 1497 2645 modo]
1518 2611 1574 2638 Pal.
1594 2621 1667 2647 quar.
1687 2613 1714 2638 &
1735 2612 1820 2639 Bruil.
1837 2614 1928 2637 utimur
1945 2618 1973 2637 ut
1990 2613 2030 2638 hoe
2038 2611 2110 2638 moda.

1166 2647 1224 2682 quis
1235 2657 1285 2673 non
1300 2646 1371 2672 videt
1381 2666 1388 2677 ‚
1408 2649 1446 2671 hoc
1455 2649 1515 2673 modo
1526 2668 1534 2680 ‚
1551 2647 1693 2674 delendum
1705 2667 1714 2680 ‚
1734 2655 1838 2674 retento
1847 2654 1884 2673 ut.

1206 2691 1246 2708 10.
1265 2683 1575 2717 Aqnattbngcntiliumque.]
1597 2683 1677 2710 Casus
1686 2683 1813 2720 gignendi
1824 2684 1946 2719 antiquus
1960 2701 1968 2715 ,
1978 2691 2025 2719 pro
2035 2691 2112 2717 agna-

1164 2725 1240 2743 torum
1250 2738 1258 2750 ,
1278 2728 1361 2752 neque
1371 2719 1447 2744 aliter
1458 2719 1514 2744 Pal.
1524 2729 1598 2755 quar.
1609 2719 1698 2746 sextus
1709 2740 1717 2751 ,
1738 2720 1815 2746 Fabr.

1207 2763 1215 2779 1
1225 2763 1233 2779 1
1242 2774 1250 2780 ,
1267 2757 1290 2779 Is
1299 2756 1418 2779 obvolutus
1426 2755 1455 2784 6)·
1463 2757 1576 2788 obligatus
1584 2759 1641 2781 corio
1649 2757 1805 2790 damatam]
1824 2755 1867 2782 Sic
1883 2755 1940 2782 mss.
1960 2755 2040 2781 nostri
2050 2764 2112 2782 om-

1166 2798 1210 2815 nes
1223 2809 1231 2820 ‚
1252 2789 1297 2815 nisi
1307 2789 1376 2851 quod
1389 2790 1508 2817 Liliensrs
1521 2811 1528 2821 ,
1545 2800 1568 2816 os
1577 2793 1707 2817 obvolutus.
1734 2792 1877 2828 Stephanus
1887 2798 1960 2827 putei·
1969 2789 2116 2827 publicavit

1165 2827 1224 2850 culco
1235 2844 1243 2856 ,
1254 2834 1306 2860 quo
1334 2827 1361 2851 8<
1373 2826 1484 2852 retinuit
1494 2827 1628 2853 Manutius
1641 2847 1649 2859 ‚
1668 2835 1698 2854 ut
1708 2828 1735 2854 δί
1745 2828 1867 2860 dejiciatur
1875 2830 1901 2853 in
1907 2829 1976 2860 profl.

1205 2869 1247 2886 12.
1266 2862 1511 2894 Sole-,eligueaepedibm
1527 2864 1650 2897 induam]
1670 2863 1842 2898 Bruil.ferreae
1849 2863 1988 2895 inpedibus.
2007 2860 2114 2897 quodin

1165 2896 1242 2923 restat
1252 2897 1328 2923 etiam
1342 2898 1367 2923 iii
1380 2898 1434 2923 1¹:11.
1445 2907 1485 2932 pr.
1496 2907 1570 2933 quar.
1581 2897 1649 2925 sext.

1205 2940 1214 2957 i
1221 2940 1246 2967 3.
1265 2934 1312 2964 Q}
1321 2942 1370 2957 eum
1379 2940 1551 2965 oppugnaverat
1560 2937 1585 2959 in
1602 2936 1652 2969 ejus
1664 2934 1792 2970 periculo]
1810 2934 1876 2961 Tria
1886 2931 1965 2960 verba
1972 2932 2112 2969 postrema,

1167 2967 1291 3003 resipiunt
1300 2967 1408 3002 glossam
1421 2969 1582 3005 interpretis.

1207 3011 1248 3035 14.
1267 3004 1414 3036 compella-»ir
1423 3005 1550 3038 insi-enas]
1571 3004 1690 3032 Debetur
1699 3004 1971 3041 Bechichemo.scripti
1982 3003 2053 3031 enim
2062 3013 2113 3030 no-

1167 3039 1212 3066 stri
1222 3048 1312 3065 omnes
1325 3059 1332 3070 ,
1343 3043 1368 3064 in
1377 3041 1487 3065 cenaculo
1498 3059 1505 3071 ,
1524 3041 1672 3077 placuitque
1682 3042 1840 3068 Gulielmio.

1207 3083 1249 3108 ¹5·
1267 3075 1433 3115 Sedaffhmpta
1441 3079 1552 3102 exararia
1567 3077 1618 3113 re.]
1639 3077 1681 3106 Sic
1698 3077 1755 3107 fere
1772 3087 1863 3107 omnes
1874 3076 1936 3108 libri
1945 3076 2046 3107 nostri,
2065 3074 2116 3103 nisi

1167 3111 1238 3148 quod
1248 3109 1355 3148 quidam
1364 3119 1393 3138 e<
1401 3113 1532 3140 contraria.

2042 3156 2066 3175 ι.
2085 3148 2119 3173 Ee
