2379 3400
242 127 363 191 1098

649 116 715 163 λι
786 112 1038 160 Ἱ“ιτι.ι
1077 110 1319 158 ri.«31
1357 122 1386 156 e
1422 123 1451 156 a
1488 124 1522 156 n
1558 122 1587 155 ο
1623 124 1656 159 n
1694 127 1771 160 rs

239 206 281 238 est
294 227 301 240 ,
323 204 404 246 quod
416 210 473 232 tam
485 197 574 238 longe
590 194 668 226 retro
678 193 820 233 respicere
832 201 895 223 non
907 187 1027 230 possunt
1046 197 1117 218 :nec
1127 197 1190 221 eos,
1228 190 1332 220 omnia
1351 190 1523 222 orirentur,
1544 197 1643 229 quove
1663 190 1850 222 recederent:
1869 189 2060 234 studioseque
2077 187 2114 223 ab
2132 191 2182 225 his

243 253 253 269 ¹
266 251 281 278 a
291 246 397 287 quibus
409 252 467 272 vita
478 243 641 270 hominum
658 234 799 266 instruSta
807 234 914 274 primis
926 230 957 261 sit
968 251 976 265 ‚
996 228 1082 261 i'uifl'e
1091 230 1192 270 pliilo·

1231 229 1358 260 siderum
1381 229 1605 269 magnitudines
1618 249 1627 262 ‚
1648 225 1665 249 ⁸
1683 233 1855 267 intervalla,
1875 235 1976 264 cursus
1985 235 2185 275 anquireban-

243 289 352 328 sophos
373 285 558 314 arbitrantur.
583 281 681 320 Qam
693 285 757 307 rem
769 272 1000 319 antiqtiijlimatii
1011 271 1081 314 cum
1094 271 1192 302 videa-
1230 282 1295 306 tui·-,
1315 273 1347 302 &
1364 272 1470 303 cuneta
1491 270 1630 301 coelestia.
1653 274 1783 302 Socrates
1800 283 1899 305 autern
1920 278 2035 316 primus
2046 276 2182 317 philoso-

212 343 223 350 -
245 338 330 360 mus,
351 330 364 346 ²
384 332 497 355 nomen
518 330 619 352 tamen
639 317 823 350 confitemur
841 315 898 348 este
920 325 1032 345 recens.
1057 316 1138 343 Nam
1152 313 1193 344 sa-

242 371 384 411 pientiam
398 365 522 407 quidem
534 363 627 403 ipsam
645 363 712 402 quis
732 369 837 399 negare
855 356 951 398 potest
963 377 970 390 ‚
985 366 1046 386 non
1060 353 1155 385 modo
1166 364 1195 384 re

244 410 301 442 esse
322 410 495 448 antiquam,
516 403 621 434 vei-sim
641 405 730 433 etiarn
754 401 906 431 nomine?
925 401 991 440 quai
1009 398 1194 430 divinarum,

243 456 503 489 humanarumque
519 456 617 476 rerum
630 465 638 479 ‚
657 454 722 474 tum
742 445 900 473 initiorum
913 461 921 474 ,
950 440 1196 480 3causatumquc,

245 493 388 534 cujusque
401 491 444 520 rei
461 490 637 530 cognitione
657 488 713 516 linc
730 486 968 525 pulcherrimum
987 491 1102 512 nomen
1121 479 1197 520 apud

245 537 385 574 antiquos
395 530 608 572 assequebatur.
631 531 730 569 Itaque
739 527 772 557 S:
782 527 850 557 illos
859 526 969 565 septem
983 545 990 558 ,
1001 526 1054 566 qui
1064 524 1078 553 a
1089 523 1198 552 Graecis

244 578 312 610 ecte?
326 596 333 608 ‚
348 576 491 615 sapientes
501 574 516 602 ii
528 571 638 602 nostris
649 570 681 600 &
693 569 875 599 habebantur
887 587 895 601 ‚
909 567 941 598 δε
953 565 1197 596 nominabantur,

248 619 281 648 δε
302 617 406 647 multis
425 615 493 645 ante
511 614 622 644 saectilis
634 614 805 651 Lycurgum
818 629 826 642 ,
844 607 1125 648 cujusremporibus
1136 608 1200 635 Ho-

247 669 348 690 merus
375 659 464 688 etiam
482 654 569 686 fuisse
588 663 655 684 ante
673 654 748 683 hanc
767 652 872 682 urbem
893 650 1047 681 conditam
1065 648 1199 680 traditur,

247 703 337 732 ctiam
360 701 486 729 heroicis
496 696 630 727 aetatibus
641 694 777 735 Ulyssem
791 714 798 727 ‚
817 694 849 724 δε
862 692 1022 723 Nestorem
1033 692 1201 727 accepimus

248 743 283 773 &
303 740 388 772 fuisse
401 761 409 773 ‚
432 740 463 770 δε
475 739 592 770 habitos
602 736 658 768 effe
671 738 837 777 sapientcis.
861 736 927 764 Nec
938 732 1009 763 veto
1022 733 1105 762 Atlas
1116 728 1201 761 susti-

249 794 320 816 nere
339 784 446 814 caelum
460 802 468 815 ‚
487 791 543 811 nec
558 780 755 811 Prometheus
776 776 883 807 affixus
893 775 1020 806 Caucaso
1032 794 1040 807 ,
1065 783 1120 804 nec
1133 772 1200 803 stel-

249 828 324 856 latus
342 825 477 865 Cepheus
491 832 562 853 cum
582 831 695 855 uxore,
718 829 829 861 genero
841 839 849 853 ‚
871 817 931 848 filia
947 816 1127 849 traderetur,
1147 812 1201 859 “fffi

247 866 411 898 caelestium
432 866 535 896 divina
555 866 690 905 cognitio
712 871 827 892 nomen
847 870 953 890 eorum
965 858 1000 888 ad
1014 867 1147 888 errorem
1158 858 1203 886 ia-

249 909 327 940 bulae
347 905 531 939 traduxiss'et.
554 909 580 936 A
598 905 708 946 quibus
719 903 952 941 duffideinccps
961 909 1088 933 omnes,
1109 900 1203 940 quiin

247 961 350 981 rerum
368 949 638 989 comtemplatione
658 946 752 976 studia
761 944 930 985 ponebant,
955 943 1142 982 sapientes&
1154 942 1204 970 lia-

246 991 412 1026 bebantux,
433 991 465 1021 δε
483 989 736 1020 nominabantur:
750 987 839 1027 idque
861 995 966 1015 eorum
988 983 1206 1024 nomenusque

247 1034 283 1065 ad
301 1035 472 1075 Pythagora».
495 1033 630 1062 manavit
647 1038 783 1059 aeratem:
802 1037 892 1069 quem
908 1048 917 1060 ,
935 1037 967 1056 ut
981 1026 1080 1056 scribit
1090 1027 1208 1055 auditor

247 1074 379 1108 Platonis
393 1076 535 1106 Ponticus
548 1071 780 1104 Heraclides,vir
789 1069 896 1101 doetus
907 1072 937 1099 in
951 1069 1070 1109 primu,
1082 1068 1207 1097 Phliun—

249 1126 312 1149 tem
341 1116 442 1147 ferunt
468 1112 581 1145 veniss‘e
598 1134 606 1148 ‚
637 1122 770 1153 eumque
789 1122 860 1142 cuni
888 1112 1005 1141 Leonte
1030 1130 1038 1144 ‚
1071 1112 1209 1149 Principe

251 1157 446 1191 Phliasiorum
460 1177 468 1191 ‚
491 1156 580 1187 dmste
592 1176 600 1190 ,
623 1155 655 1185 &
673 1153 797 1194 copiose
816 1151 980 1185 differuiss‘e
990 1151 1137 1192 quaedam.
1157 1161 1206 1181 cu—

247 1202 298 1242 jus
307 1202 465 1243 ingenium
481 1219 490 1232 ‚
511 1198 543 1228 &
553 1199 757 1238 eloquentiam
768 1195 840 1226 cum
851 1195 1012 1225 admiratus
1025 1192 1096 1223 esset
1108 1195 1205 1226 Leon,

249 1241 413 1284 quaefiviffe
436 1251 474 1271 ex
493 1251 530 1270 eo
542 1261 550 1274 ‚
569 1250 627 1281 qua
645 1238 781 1268 maxime
800 1247 860 1267 arte
879 1235 1056 1266 confideret.
1081 1243 1108 1264 at
1127 1235 1209 1264 iuiim

250 1294 344 1315 artem
355 1283 468 1324 quidem
484 1283 514 1322 se
516 1283 587 1322 scire
596 1283 702 1310 nullam
716 1301 724 1314 ,
738 1279 843 1320 ft'dss’ffe
857 1278 1059 1324 phii'osbplmm.
1079 1277 1208 1307 admira-

250 1334 319 1358 tum
335 1328 485 1356 Leontem
496 1327 662 1354 novitatem
673 1323 809 1352 nominis
818 1341 826 1354 ,
846 1319 986 1362 quaesisse‚
999 1320 1118 1360 quinam
1129 1317 1209 1356 efferit

246 1368 322 1412 philo
321 1368 399 1408 fhphi
414 1387 422 1400 ,
444 1367 478 1400 dy
488 1365 559 1407 quid
568 1366 637 1394 inter
647 1375 688 1394 eos
698 1384 705 1397 ‚
719 1364 753 1397 &¹
763 1363 882 1404 reliquos
891 1360 1026 1399 inrereffit
1039 1371 1049 1388 .·
1063 1362 1207 1402 Pythago-

249 1420 313 1440 ram
332 1418 430 1440 autem
439 1405 620 1448 respondisse
631 1427 640 1440 ‚
662 1417 674 1436 s
683 1415 818 1435 IMILEM
828 1403 881 1434 sibi
891 1403 987 1434 videri
999 1404 1092 1433 vitam
1104 1404 1208 1432 homi·

250 1459 327 1482 num
346 1471 356 1485 ,
380 1451 412 1481 &
431 1458 596 1480 mercatum
618 1458 689 1478 eum
702 1467 711 1481 ‚
733 1449 787 1488 qui
808 1447 962 1476 haberetur
971 1446 1110 1474 maximo
1120 1444 1208 1474 ludo-

251 1500 321 1524 rum
342 1501 479 1532 apparatu
498 1494 591 1521 totius
608 1491 729 1520 Graeciae
744 1488 923 1519 celebritate.
949 1496 1021 1517 nam
1036 1495 1068 1516 ut
1079 1487 1145 1516 illic
1155 1486 1206 1516 alii

251 1534 429 1574 corporibus
447 1534 614 1563 exercitatis
623 1533 749 1572 gloriam
759 1550 766 1562 ‚
784 1530 816 1560 &
826 1529 1018 1560 nobilitatem
1029 1537 1150 1568 coronae
1156 1537 1208 1568 pe-

253 1578 396 1606 terent:4
413 1575 464 1604 alii
482 1573 622 1606 emendi,
642 1582 690 1602 aut
700 1571 852 1602 vendendi
867 1569 997 1611 quaestu,
1021 1570 1208 1599 &lucrodu-

254 1625 391 1647 cerentur
403 1626 408 1644 ;
420 1614 490 1645 effer
504 1623 603 1644 autem
623 1613 775 1654 quoddam
799 1621 893 1653 genus
905 1620 1016 1640 ‘eorum
1030 1629 1039 1644 ‚
1058 1611 1150 1650 idque
1159 1610 1210 1640 vel

254 1657 392 1688 maxime
415 1658 581 1698 ingenuum
595 1675 604 1689 ,
627 1654 886 1695 quinccplausum
903 1672 912 1685 ,
933 1662 987 1682 nec
997 1652 1113 1682 lucrum
1128 1661 1211 1692 quae-

255 1706 372 1732 terent,
393 1698 441 1728 sed
460 1697 576 1728 visendi
598 1697 681 1727 causa
691 1697 849 1728 venirent,
869 1694 1211 1734 studioseque-perspice-

255 1750 340 1774 rent,
363 1739 434 1780 quid
457 1748 610 1780 ageretur,
631 1738 663 1767 δε
684 1747 746 1777 quo
766 1737 876 1767 modo:
900 1738 995 1765 ritem
1018 1745 1073 1764 nos
1092 1734 1211 1775 quasiin

256 1791 404 1812 mercatus
413 1780 562 1821 quandam
573 1780 776 1809 celebritatem
789 1788 826 1807 ex
841 1777 912 1807 urbe
926 1777 1033 1816 aliqua,
1045 1775 1082 1806 fic
1092 1786 1124 1805 in
1136 1778 1211 1806 hanc

254 1825 346 1854 vitam
359 1832 395 1852 ex
406 1825 460 1852 alia
469 1824 537 1853 vita,
555 1821 587 1851 &
598 1829 697 1850 natura
711 1818 863 1859 profeStos
876 1829 881 1847 :
894 1818 969 1847 alios
979 1818 1079 1857 gloria:
1092 1817 1210 1850 servire,

255 1867 330 1895 alios
339 1865 474 1904 pecunia:
487 1873 492 1891 :
514 1872 592 1892 raros
605 1860 661 1891 effe
671 1860 815 1901 quosdam
829 1879 837 1893 ‚
858 1862 927 1900 qui,
950 1860 1054 1888 ceteris
1066 1858 1211 1888 omnibus

255 1912 310 1948 pro
328 1905 546 1938 nihilohabitis
558 1923 567 1936 ‚
591 1912 690 1933 rerum
711 1911 845 1932 naturam
865 1900 998 1931 studiose
1014 1902 1209 1930 intuerentur:

254 1951 311 1978 hos
321 1948 348 1978 se
359 1947 504 1988 appellare
515 1946 662 1985 sapientia:
676 1943 836 1976 studiosos,
850 1942 879 1973 id
891 1942 942 1975 est,
953 1942 1163 1982 philosophos:
1178 1942 1211 1972 ὅτ.

255 1999 289 2020 ut
308 1987 372 2020 illic
389 1988 627 2018 liberaliffimum
648 1984 717 2016 effer
729 2006 738 2020 ,
761 1985 907 2026 spectare,
926 1982 1031 2013 ⁶nihss
1043 1982 1209 2024 fibiacqui-

256 2041 372 2062 rentem
384 2050 392 2064 ,
409 2029 449 2060 sic
469 2032 500 2060 in
520 2031 581 2060 vita
603 2029 692 2069 longe
705 2027 851 2058 omnibus
865 2025 968 2056 studiis
978 2027 1212 2065 contemplatio-

257 2082 329 2104 nem
347 2082 447 2103 rerum
461 2091 469 2105 ‚
488 2072 755 2112 cognitionemque
774 2068 915 2110 praestare.
939 2070 1005 2098 Nec
1019 2068 1092 2097 vero
1102 2068 1212 2108 Pytha-

256 2124 340 2157 goras
356 2115 492 2144 nominis
512 2112 610 2143 solum
624 2114 784 2145 inventor,
805 2110 854 2140 sed
864 2119 963 2140 rerum
976 2111 1066 2140 etiam
1079 2110 1210 2150 ipsarum

256 2155 456 2197 amplificator
473 2154 542 2185 fuit.
566 2157 626 2194 Qi
648 2153 722 2184 cum
745 2152 811 2193 post
821 2154 902 2182 hunc
919 2150 1082 2182 Phliasium
1096 2152 1212 2182 sermo·

257 2207 330 2229 nem
351 2199 384 2227 in
402 2197 518 2227 Italiam
540 2194 684 2229 venisset,
706 2196 865 2225 exornavit
875 2203 940 2224 cam
955 2195 1100 2223 Graeciam
1113 2213 1122 2226 ,
1146 2202 1212 2233 quae

258 2249 365 2280 magna
374 2238 453 2269 dieta
463 2237 506 2268 cst
519 2258 528 2270 ‚
551 2238 582 2267 δε
593 2238 733 2277 privatim
745 2257 753 2270 ,
776 2236 935 2276 &publice
946 2254 955 2268 ,
966 2234 1212 2275 praestantiffimis

258 2282 292 2312 δε
309 2280 453 2311 institutis
468 2300 475 2313 ‚
499 2279 661 2309 &artibiis.
686 2279 778 2315 Cujus
788 2277 824 2307 de
834 2277 990 2316 disciplina
1001 2277 1082 2306 aliud
1093 2286 1210 2317 tempus

257 2323 349 2353 fuerit
364 2320 485 2352 *fortasse
505 2321 634 2351 dicendi.
658 2321 715 2351 Sed
733 2320 769 2350 ab
789 2320 907 2360 antiqua
919 2319 1108 2358 philosophia
1120 2319 1212 2359 usque

258 2365 484 2396 adsocratem,
512 2364 564 2403 qui
586 2362 765 2392 Archelaum
779 2381 787 2395 ,
810 2365 997 2400 Anaxagorae
1014 2360 1209 2400 discipulum,

260 2406 389 2437 audierat
409 2426 420 2440 ,
444 2406 565 2436 numeri
585 2423 595 2439 ‚
616 2404 776 2444 morusque
795 2402 992 2433 tractabantur
1011 2423 1020 2436 ,
1045 2403 1077 2432 &
1097 2407 1111 2431 7
1131 2402 1211 2432 unde

297 2549 306 2566 i
316 2561 320 2566 .
331 2543 356 2566 A
364 2542 450 2575 quil-m
458 2543 514 2564 vim
523 2541 639 2564 homimem
648 2538 853 2572 instrufflaprimis
859 2539 892 2571 fit
904 2538 918 2572 ]
930 2537 973 2562 Sic
984 2536 1056 2563 Vi&.
1067 2535 1162 2567 editio,
1173 2536 1214 2562 cui

258 2579 370 2609 συμφωνεῖ
380 2575 464 2602 Palat.
475 2582 564 2610 quart.
576 2575 663 2609 quint.
675 2574 719 2610 qui
734 2593 741 2605 ,
757 2575 905 2606 primumfit.
925 2580 951 2599 at
961 2582 1003 2608 pr.
1024 2572 1039 2598 ἃ
1050 2573 1216 2607 quibui-prim)

259 2615 315 2637 wira
324 2615 383 2638 hom.
395 2613 555 2645 instmffafir.
567 2610 653 2646 quint.
664 2612 780 2643 instruft‘a
788 2611 936 2642 primiimſst.
950 2608 1030 2644 vulgo
1041 2619 1046 2634 :
1056 2609 1130 2641 primb
1137 2609 1179 2642 fit.

296 2657 324 2674 2.
345 2651 430 2674 Nomen
448 2654 527 2673 tamen
536 2648 671 2680 confltenmr
681 2646 722 2679 effe
742 2645 846 2680 recens]
869 2646 930 2670 Hoc
941 2645 1079 2670 maluimus
1099 2653 1157 2670 cum
1169 2644 1218 2670 Vi-

261 2681 359 2716 (torio,
372 2684 399 2709 δῖ
413 2683 525 2709 Pal-itin.
537 2683 624 2718 quint.
644 2683 681 2708 ita
691 2689 778 2708 tamen
791 2688 883 2708 utnon
902 2680 1051 2717 improbem
1062 2680 1216 2716 stripttiraiii

263 2728 303 2752 pr.
313 2728 394 2745 noman
404 2726 481 2745 tanim
492 2721 540 2753 ejus
552 2720 628 2752 confit.
641 2726 731 2743 recens.

298 2763 322 2789 3.
343 2756 521 2789 Cau-farumque
538 2754 646 2788 ciy'iifiyue
657 2757 691 2779 rei
700 2753 847 2787 cognitione]
868 2753 990 2780 Genuina
1002 2751 1217 2778 lestiovoetoisio

259 2790 372 2824 primum
386 2810 394 2822 ,
413 2790 509 2817 deinde
522 2790 651 2816 Lambino
664 2797 766 2825 recepta
779 2799 787 2821 3
806 2798 858 2822 Jam
870 2789 982 2825 amplius
995 2789 1020 2815 in
1031 2788 1217 2824 supervacuum

265 2826 432 2861 comprobata
442 2828 456 2852 a
467 2833 581 2862 quatuor
593 2825 649 2852 Pal.
668 2825 742 2852 'solus
754 2833 841 2860 quart.
853 2825 988 2860 paululum
1000 2824 1066 2856 abit,
1076 2825 1217 2858 causarum-

263 2869 306 2895 que
316 2864 380 2894 cisjns
391 2866 468 2896 reique
492 2862 553 2888 Fab.
565 2863 626 2888 Vat.
637 2862 719 2896 vulgo
729 2865 758 2889 τὸ
768 2869 817 2886 ram
827 2869 888 2887 ante
899 2861 1004 2894 cupisque
1013 2859 1150 2887 exturbat.

300 2903 329 2956 τ]
346 2900 396 2955 (3(ῐὶ
414 2898 500 2923 emendi*
518 2906 561 2924 aut
577 2898 719 2932 vendenda]
742 2897 809 2924 Pall.
820 2896 870 2923 sec.
883 2898 970 2933 quint.
991 2897 1034 2922 alii
1050 2896 1137 2922 emendi
1149 2915 1157 2928 ‚
1177 2897 1221 2921 alii

265 2939 311 2956 ven
329 2941 354 2956 871
371 2942 390 2957 Ι.

304 2976 329 2999 5.
348 2969 404 2992 Item
415 2977 453 3005 '3⁰⁷³
468 2970 534 3001 quasi*
548 2972 573 2994 in
583 2976 701 2995 mercatur
710 2969 832 3004 quandam
850 2967 1031 3001 celebritatem]
1055 2967 1120 2993 Non
1141 2966 1218 2993 video

264 3010 310 3028 cur
322 3002 374 3027 haec
384 3002 464 3028 lectio
476 3004 565 3029 Nonio
577 3004 717 3040 produifita,
731 3005 861 3031 Lambino
871 3004 967 3030 deinde
978 3003 1098 3040 probata,
1111 3003 1220 3032 reiicula

263 3036 415 3074 quibusdam
432 3037 480 3063 ess‘e
499 3037 607 3066 debeat:
630 3041 684 3066 illis
696 3048 725 3067 ut
736 3040 839 3068 fastidio
850 3040 894 3067 suo
913 3049 1020 3076 parcant
1032 3059 1041 3071 ,
1059 3047 1219 3074 oggeroau-
1238 3052 1239 3065 l

263 3074 419 3100 &toritatem
431 3073 493 3100 Fab.
505 3082 533 3098 ac
546 3076 604 3100 Vat.
616 3085 674 3101 nam
686 3081 757 3102 certe
769 3076 882 3112 vulgatae
895 3086 946 3102 non
958 3076 1031 3112 potui
1044 3074 1216 3110 acquic-sterce:
1238 3073 1240 3100 i

261 3111 328 3148 ἰη-ψ’
334 3112 360 3135 in
370 3117 488 3134 mercatur
498 3110 616 3142 quandam
626 3113 780 3137 celebritatem
791 3122 819 3138 ex
836 3114 893 3137 urbe
911 3114 994 3148 aliqua
1004 3131 1012 3144 ‚
1034 3110 1118 3139 Palat.
1131 3118 1217 3138 tamen

257 3152 387 3185 quintus,
396 3146 463 3180 quasi
470 3148 495 3172 in
506 3152 634 3171 mercatum
643 3147 748 3179 quadam
757 3149 899 3174 celebritate.
1237 3127 1241 3168 l

1233 316 1333 353 pliiam
1354 314 1512 344 devocavit
1533 313 1549 343 ὲ
1570 313 1670 346 coelo,
1691 312 1724 342 &
1744 315 1776 342 in
1787 315 1909 346 urbibus
1920 318 2080 348 collocavit
2097 339 2104 352 ,
2128 318 2189 349 9&

1233 359 1265 385 in
1277 356 1386 386 domos
1397 358 1488 386 ctiam
1498 354 1668 384 introduxit
1680 375 1688 387 ,
1711 354 1743 384 &
1752 356 1850 396 co'e‘git
1859 356 1895 386 de
1904 360 1962 389 vita
1973 379 1981 393 ,
1991 360 2024 390 &
2036 358 2185 393 moribus,

1235 397 1379 438 rebusque
1391 398 1479 427 bonis
1494 417 1502 429 ,
1522 397 1554 426 δε
1569 397 1657 426 malis
1666 404 1808 436 quaerere.
1833 399 1925 436 CuJ'us
1937 402 2098 441 multiplex
2107 411 2184 432 ratio

1236 439 1405 479 disputandi
1418 459 1425 472 ,
1438 448 1584 480 rerumque
1599 438 1724 466 varic-teu
1733 457 1742 471 ,
1766 437 1801 471 <¹9-
1811 438 1915 478 ingenii
1925 443 2088 484 magnitudo
2100 463 2107 477 ,
2120 444 2190 474 Pla-

1237 484 1319 511 tonis
1341 491 1490 510 memoria
1504 500 1512 514 ,
1532 482 1680 510 &litteris
1693 480 1878 514 consecrata,
1904 484 2134 525 ¹0pluragenera
2145 486 2191 514 ef-

1237 521 1308 552 fecit
1330 521 1571 552 diss'entieut'ium
1593 521 1854 561 philosophorum.
1879 525 1904 541 ¹¹
1927 525 2140 564 Equjbusnos
2159 526 2190 556 jd

1241 563 1429 604 potiffiiriurn
1450 561 1612 594 confestati
1631 563 1734 593 sumus
1747 584 1755 596 ,
1779 573 1839 603 quo
1858 565 2008 595 Socratem
2019 567 2103 597 usum
2113 568 2192 598 arbi-

1239 616 1351 637 tramur
1361 625 1370 640 ‚
1393 615 1425 639 ut
1436 605 1568 635 nostiam
1580 603 1631 644 ipsi
1643 605 1817 635 sententiam
1827 614 2003 645 tegeremus,
2014 617 2110 638 errore
2119 611 2196 640 alios

1242 649 1421 679 levaremus.
1447 648 1478 678 δε
1498 650 1530 677 in
1549 648 1637 676 omni
1660 646 1879 685 disputatione,
1899 648 1970 688 quid
1992 647 2062 678 ess'et
2079 648 2196 682 similli-

1243 701 1330 722 mum
1351 692 1435 724 veri,
1456 692 1668 730 quaereremus.
1692 691 1792 728 Qeni
1814 698 1931 719 morem
1949 689 2022 720 cum
2033 692 2198 723 Carneades

1244 727 1679 771 acutiffime,copiosiffimeque
1693 728 1842 764 tenuisset,
1851 729 1980 761 fecimus
1991 732 2102 762 &alias
2114 733 2199 773 saepe,

1244 777 1277 807 ὃς
1298 785 1393 815 nuper
1412 776 1445 804 in
1465 773 1659 805 Tusculano,
1680 772 1828 807 utadeam
1837 773 2201 815 consuetudinemrdispu-

1243 827 1380 848 tar-emus.
1406 817 1443 846 Et
1461 814 1611 856 quatridui
1636 814 1761 854 quidem
1772 814 2152 856 sermonemsuperioribus
2165 817 2203 848 ad

1246 870 1273 891 te
1293 859 1489 899 perscriptum
1508 856 1591 886 libris
1613 855 1767 885 misimus:
1793 858 1902 896 quinto
1920 866 2019 888 autem
2038 858 2086 888 die
2099 878 2107 893 ‚
2126 857 2200 889 cum

1246 903 1353 932 endem
1371 901 1439 930 loco
1460 896 1695 929 consedissemus
1715 917 1724 931 ‚
1746 896 1783 928 sic
1801 898 1844 928 est
1861 897 2045 939 propositum
2060 920 2069 934 ‚
2088 900 2125 930 de
2141 910 2202 941 quo

1246 944 1472 984 disputaremus.
1502 950 1534 970 A.
1550 942 1615 968 Non
1635 940 1705 968 mim*
1715 939 1828 968 videtur
1838 940 1876 969 ad
1885 939 1963 971 beate
1973 941 2202 982 vivendums'atu
2220 942 2241 974 5

1243 985 1312 1027 pcffe
1330 986 1480 1014 virtutem.
1506 985 1595 1012 M.At
1615 982 1734 1011 hercule
1761 983 1850 1011 Bruto
1874 992 1944 1013 meo
1963 984 2080 1014 videtur
2097 985 2204 1024 :cujus
2232 990 2235 992 “

1248 1038 1302 1070 ego
1321 1027 1471 1066 judicium
1494 1045 1504 1059 ,
1524 1033 1594 1064 pace
1615 1033 1662 1053 tua
1679 1023 1830 1056 dixerim,
1850 1024 1942 1065 longe
1965 1035 2118 1066 antepono
2138 1035 2200 1056 tuo.

1251 1079 1282 1100 A·
1295 1072 1370 1099 Non
1389 1067 1507 1097 dubitet
1531 1068 1595 1095 Nec
1616 1065 1645 1094 id
1665 1074 1746 1094 nunc
1768 1066 1882 1104 agitur,
1901 1075 1933 1096 tu
1955 1067 2044 1097 illurn
2056 1077 2203 1108 quantum

1252 1120 1333 1141 ames
1348 1120 1353 1139 z
1373 1112 1401 1128 ¹2
1411 1108 1459 1139 sed
1470 1108 1506 1137 de
1516 1108 1573 1136 hoc
1585 1127 1593 1139 ‚
1614 1106 1696 1147 quod
1708 1106 1859 1136 mihidixi
1871 1107 1965 1137 videri
1979 1128 1987 1142 ‚
2001 1113 2088 1149 quale
2096 1108 2148 1140 sit:
2166 1109 2204 1140 de

1251 1162 1311 1193 quo
1330 1153 1347 1182 a
1365 1160 1393 1181 te
1412 1149 1553 1189 disputari
1564 1149 1645 1177 volo.
1672 1157 1710 1177 M.
1723 1150 1842 1188 Nempe
1856 1158 1943 1189 negas
1957 1150 1993 1179 ad
2004 1150 2086 1181 beate
2097 1153 2206 1181 viven-

1250 1195 1324 1224 dum
1342 1193 1408 1223 satis
1429 1189 1508 1232 poss'e
1518 1191 1660 1221 virtutem
1677 1193 1688 1219 ἒ
1712 1190 1879 1220 A.Pr01'sus
1889 1200 1978 1231 nego.
2001 1192 2150 1233 M.Qiid?
2169 1192 2207 1224 ad

1251 1235 1331 1266 redi-e
1344 1255 1352 1268 ‚
1368 1233 1494 1264 honeste
1505 1252 1513 1266 ,
1528 1232 1725 1265 laudabiliter,
1737 1231 1891 1271 postremo
1900 1233 1935 1262 ad
1947 1233 2022 1262 bene
2037 1234 2206 1264 vivendum

1252 1278 1359 1308 satisne
1381 1275 1423 1306 est
1443 1273 1566 1316 piaefidii
1585 1277 1617 1303 in
1636 1275 1766 1303 virtute?
1798 1283 1832 1303 A.
1851 1273 1937 1303 Certe
1960 1275 2036 1305 satis.
2060 1285 2096 1305 M.
2119 1279 2209 1306 Pores

1254 1322 1342 1361 igitur
1353 1339 1362 1352 ,
1382 1327 1431 1348 aut
1440 1318 1491 1358 qui
1504 1317 1582 1347 male
1592 1318 1689 1349 vivat,
1706 1325 1770 1345 non
1779 1324 1849 1345 eum
1861 1316 2006 1346 misci-um
2018 1316 2115 1347 dicere
2126 1337 2134 1351 ‚
2144 1327 2206 1351 aur,

1251 1371 1341 1403 quern
1361 1360 1438 1390 bene
1455 1359 1579 1392 fateare,
1599 1367 1671 1387 eum
1689 1367 1791 1399 negare
1811 1357 1894 1388 beate
1903 1360 2024 1388 vivere?
2045 1368 2076 1388 A.
2091 1360 2209 1398 Quidni

1250 1403 1357 1445 poffim
1369 1404 1380 1432 ?
1396 1411 1467 1432 nam
1487 1403 1577 1431 etiam
1587 1402 1617 1429 in
1630 1402 1789 1430 tormentis
1800 1399 1879 1429 ῐεξὶὲ
1891 1419 1900 1434 ,
1925 1399 2061 1434 honeste,
2074 1401 2232 1436 laudam--

1252 1449 1337 1479 liter,
1359 1444 1391 1474 δε
1412 1444 1452 1473 ob
1462 1453 1526 1473 eam
1537 1452 1600 1472 rem
1614 1442 1689 1472 bene
1701 1441 1890 1481 vivipotest‚
1910 1441 2081 1473 dummodo
2091 1443 2210 1473 intelli-

1253 1498 1303 1530 gas
1323 1507 1332 1521 ,
1359 1485 1432 1527 quid
1452 1495 1532 1515 nunc
1549 1484 1646 1514 dicam
1669 1483 1755 1512 bene.
1793 1483 1863 1512 dico
1881 1485 1964 1513 enim
1988 1504 1997 1518 ‚
2026 1484 2208 1519 constanter,

1253 1532 1380 1572 graviter
1399 1547 1408 1560 ‚
1430 1527 1575 1566 sapienter
1596 1545 1605 1558 ,
1625 1524 1753 1554 fortiter·
1787 1527 1860 1554 Haec
1879 1528 1969 1555 etiam
1988 1527 2022 1555 in
2043 1527 2207 1566 equuleum

1252 1572 1474 1607 conjiciuntur,
1493 1566 1554 1607 quo
1564 1568 1623 1596 vita
1633 1575 1696 1595 non
1709 1565 1834 1604 adspirat
1847 1566 1937 1596 beata.
1962 1577 1998 1595 M.
2013 1568 2094 1606 Qid
2106 1570 2208 1607 igitur?

1254 1612 1354 1642 solane
1371 1610 1454 1639 beata
1465 1610 1534 1641 vita,
1544 1607 1654 1648 quaeso,
1669 1606 1849 1647 relinquitur
1858 1617 1938 1637 extra
1951 1607 2063 1639 ostium
2077 1628 2085 1642 ,
2097 1610 2210 1639 limen-

1256 1663 1314 1695 que
1323 1653 1448 1682 carceris
1459 1670 1468 1684 ‚
1490 1650 1560 1680 curn
1572 1647 1738 1678 constantia
1749 1668 1756 1682 ‚
1769 1651 1905 1689 gravitas,
1914 1648 2063 1680 fortitudo
2074 1670 2082 1684 ,
2095 1651 2209 1691 sapien-⁶

1254 1700 1294 1725 tia
1305 1695 1484 1733 reliquaeque
1496 1693 1620 1721 virtutes
1629 1691 1778 1729 rapiantur
1791 1690 1825 1719 ad
1836 1699 1980 1720 tortorem
1995 1711 2003 1724 ,
2028 1693 2211 1733 nullumque

1253 1736 1387 1766 recusent
1407 1743 1462 1763 nec
1488 1733 1688 1771 supplicium,
1711 1741 1766 1761 nec
1787 1731 1945 1761 dolorem?
1969 1741 1999 1761 Α.
2012 1735 2061 1763 Tu
2075 1753 2083 1766 ,
2104 1732 2212 1775 fiquid

1256 1787 1287 1807 es
1295 1775 1424 1806 faaurus
1435 1794 1444 1808 ‚
1465 1783 1545 1804 nova
1556 1774 1655 1813 aliqua
1662 1781 1821 1812 conquiras
1832 1781 1961 1812 oportet.
1985 1773 2106 1806 lstarme
2118 1778 2214 1805 mini·

1256 1818 1306 1848 me
1326 1824 1473 1849 movent,
1490 1824 1556 1845 non
1573 1814 1672 1845 solum
1693 1816 1762 1855 quia
1771 1815 1937 1856 pervulgata
1948 1816 2033 1849 sunt,
2053 1816 2101 1846 sed
2114 1817 2213 1853 multo

1255 1861 1350 1900 magis
1361 1879 1369 1892 ,
1391 1860 1459 1899 quia
1471 1877 1479 1891 ‚
1502 1865 1641 1896 tanquam
1661 1854 1737 1885 levia
1761 1855 1887 1897 quadam
1904 1857 1976 1886 vina
1993 1857 2064 1886 nihil
2074 1859 2173 1888 valent
2182 1859 2213 1887 in

1256 1911 1333 1943 aqua
1345 1921 1354 1934 ,
1373 1899 1411 1930 sic
1421 1902 1591 1930 Stoicorum
1605 1896 1658 1927 ista
1666 1899 1761 1939 magis
1773 1897 1886 1939 gustata
1895 1899 2012 1939 ,quam
2024 1909 2122 1939 potata
2131 1901 2214 1930 dele·

1257 1943 1346 1974 &ant-
1371 1943 1462 1972 Velut
1472 1940 1525 1971 iste
1535 1942 1643 1970 chorus
1655 1942 1814 1973 virtutum,
1826 1941 1858 1969 in
1869 1941 2030 1981 equuleum
2043 1940 2213 1982 impositu&

1255 1986 1403 2027 imagines
1420 1982 1576 2014 constituit
1594 1990 1662 2012 ante
1671 1982 1776 2013 oculos
1785 1991 1860 2011 cum
1873 1981 2050 2023 ampliffima
2058 1983 2214 2025 dignitate,

1257 2037 1290 2058 ut
1311 2027 1347 2057 ad
1359 2036 1407 2057 eas
1416 2024 1522 2056 cutfim
1532 2022 1697 2064 perrefitura
1708 2042 1718 2057 ,
1738 2033 1794 2053 nec
1804 2033 1851 2054 eas
1861 2024 1943 2055 beata
1954 2027 2013 2055 vita
2023 2024 2040 2055 a
2049 2025 2078 2055 se
2087 2026 2215 2056 desertas

1254 2068 1367 2109 paffura
1387 2067 1534 2098 videatur.
1556 2064 1628 2095 curn
1646 2074 1746 2096 autem
1755 2067 1892 2096 animum
1907 2065 2216 2107 abistapiauraimm

1254 2110 1435 2152 ginibnsque
1452 2110 1600 2140 virtutum
1620 2127 1629 2141 ,
1649 2107 1685 2137 ad
1704 2117 1787 2141 rem,
1809 2109 2024 2148 veritatemque
2036 2109 2215 2141 traduxeris‚

1256 2154 1316 2183 hoc
1332 2153 1450 2182 nudum
1474 2149 1672 2189 relinquitur,
1694 2147 1898 2190 poffitnequis
1909 2150 2012 2179 beatus
2022 2148 2218 2192 effe-‚quam-

1255 2194 1308 2224 diu
1331 2201 1510 2234 torqueatur.
1533 2191 1740 2231 Qamobrem
1756 2192 1815 2220 hoc
1824 2200 2092 2232 nuncquaeramus.
2120 2194 2218 2222 virtu-

1257 2245 1299 2266 tes
1319 2244 1418 2266 autem
1443 2234 1509 2264 noli
1527 2235 1624 2262 vereri
1645 2242 1684 2262 ne
1701 2231 1912 2273 expostulent,
1933 2234 1965 2263 &
1981 2234 2179 2274 queranturse
2198 2231 2217 2262 ὲ

1258 2277 1341 2308 beata
1351 2278 1412 2307 vita
1423 2274 1481 2306 effe
1490 2274 1617 2305 relictas.
1635 2276 1758 2305 sienim
1772 2276 1848 2304 nulla
1855 2275 1951 2303 virtus
1955 2275 2107 2316 prudentia
2114 2281 2216 2308 vacat,

1258 2319 1418 2359 prudentia
1437 2318 1497 2357 ipsa
1513 2318 1571 2347 hoc
1588 2316 1691 2350 videt,
1713 2326 1778 2347 non
1788 2318 1910 2347 omneis
1928 2316 2026 2348 bonos
2045 2315 2102 2346 esse
2123 2319 2215 2346 etiam

1257 2361 1374 2391 beatos:
1397 2361 1551 2400 multaque
1559 2357 1595 2388 de
1611 2361 1654 2388 M.
1668 2359 1775 2388 Attilio
1790 2378 1800 2391 ,
1820 2360 1856 2395 Q.
1869 2359 2010 2396 Caepione
2021 2377 2029 2391 ,
2050 2360 2095 2387 M.
2110 2357 2220 2398 Aquil-

1257 2403 1302 2433 ho
1318 2402 1487 2433 recordatur
1505 2411 1511 2430 :
1533 2401 1709 2441 beatamque
1727 2403 1820 2430 vitam
1840 2418 1850 2433 ,
1869 2397 1891 2428 fi
1908 2399 2095 2441 imaginibus
2114 2399 2218 2440 potius

2163 2451 2220 2477 UH,

1294 2537 1322 2563 6.
1342 2538 1436 2570 NJhiIfi
1443 2535 1628 2570 acquirentem]
1655 2534 1739 2561 Palat.
1751 2541 1839 2569 quart.
1851 2533 2064 2568 adcvnqtrirentem.

1293 2580 1321 2607 7.
1345 2572 1406 2597 Unde
1416 2575 1493 2597 omnia
1502 2574 1632 2602 orirentur,
1642 2579 1714 2603 quove
1725 2570 1880 2604 recederent]
1901 2570 2022 2606 (Qidam
2035 2569 2166 2596 Lambino
2175 2576 2219 2596 te-

1259 2608 1296 2634 ste
1308 2608 1360 2643 legi
1371 2607 1441 2643 poffe
1451 2614 1546 2643 putant
1557 2626 1565 2639 ,
1586 2607 1723 2633 reciderem.
1744 2605 1815 2642 quod
1826 2615 1859 2632 ex
1873 2606 1952 2632 Fabr.
1963 2606 2101 2633 annotavit
2110 2614 2219 2640 quoque

1261 2645 1435 2670 Gulielmius.

1296 2679 1323 2706 8.
1344 2680 1475 2706 Inter-mua
1487 2698 1495 2710 ‚
1513 2680 1595 2713 tmfiu
1604 2678 1822 2713 anquirebantur]
1842 2679 1885 2704 Ita
1894 2677 1958 2704 citat
1970 2677 2085 2712 Laiigiiis
2096 2676 2121 2702 'in
2133 2675 2180 2702 lib.
2194 2685 2217 2703 ι.

1259 2715 1341 2742 offic.
1352 2717 1380 2742 δε
1392 2716 1467 2742 habet
1478 2724 1583 2751 quoque
1594 2714 1707 2740 vteturii
1718 2714 1818 2741 editio:
1842 2723 1920 2750 quam
1931 2713 1971 2740 isti
1984 2715 2047 2739 muli
2058 2721 2106 2738 cui·
2116 2722 2167 2738 noti
2178 2711 2220 2737 sc-

1259 2760 1406 2787 querentui·
1418 2771 1425 2783 ,
1438 2752 1535 2777 mirum
1546 2750 1610 2776 milii
1621 2750 1728 2776 accidit.
1749 2759 1808 2776 nani
1822 2750 1847 2775 &
1862 2749 1894 2775 fic
1904 2756 1968 2776 tert.
1978 2757 2007 2775 :ic
2019 2749 2079 2774 Vat.
2092 2749 2117 2774 iii
2129 2755 2218 2784 quart.

1258 2788 1336 2824 plane
1347 2787 1480 2814 omissum.
1491 2787 1578 2822 quint.
1590 2787 1705 2819 requireb.
1720 2785 1801 2821 vulgo
1813 2786 2005 2819 inquirebantur.

1295 2832 1324 2859 9.
1346 2827 1376 2849 Et
1385 2827 1411 2849 i71
1421 2824 1496 2848 domos
1513 2825 1585 2848 eriam
1601 2821 1760 2855 introduxiq
1781 2821 1850 2847 Pau.
1869 2818 1974 2846 secund.
1995 2824 2083 2854 quai-t.
2104 2819 2219 2846 domibus.

1262 2867 1325 2887 tert.
1339 2860 1427 2885 domm.
2206 2862 2211 2869 “

1299 2904 1341 2922 ιο.
1359 2897 1438 2921 ‘Plura
1451 2903 1538 2928 genera
1548 2894 1621 2928 efficit
1637 2891 1845 2928 diffentienrium]
1865 2889 2017 2925 Diligebam
2030 2890 2054 2916 iti
2067 2890 2219 2926 crepundiis

1259 2932 1420 2965 diffidentimn.
1441 2930 1514 2964 cujus
1525 2939 1567 2956 nie
1578 2929 1694 2956 nondum
1706 2928 1835 2964 poenitere
1845 2926 1927 2961 potest
1941 2945 1948 2957 ,
1968 2935 2000 2952 ex
2015 2926 2100 2953 l'alat.
2111 2926 2218 2954 secund.

1258 2975 1285 2994 at
1297 2967 1364 2993 Pau.
1375 2973 1439 2992 tert.
1451 2966 1537 3001 quint.
1550 2965 1627 2991 Fabr.
1638 2964 1804 2996 differentium.
1815 2969 1902 2997 quart.
1914 2962 2086 2995 diffencionnm.
2217 2986 2230 2995 s

1300 3012 1309 3029 1
1319 3012 1340 3029 i.
1361 3006 1382 3028 Ε
1391 3004 1475 3036 quibus
1487 3010 1527 3027 nos
1536 3002 1563 3027 id
1567 3003 1616 3033 pori
1632 3008 1701 3024 imum
1712 2998 1946 3031 coanHarifiimmr]
1967 2996 2104 3024 Satisfecit
2114 2997 2179 3024 mihi
2190 2997 2221 3024 ἃ

1261 3040 1316 3065 CL.
1328 3039 1447 3064 Grutero
1458 3037 1545 3064 nostro
1555 3036 1608 3061 haec
1618 3033 1709 3063 letstio,
1722 3042 1799 3068 quani
1811 3040 1898 3059 tamen
1912 3041 1940 3059 ut
1952 3033 2122 3060 sollicitarem
2136 3053 2143 3063 .
2160 3043 2223 3060 mo-

1261 3083 1323 3100 vere
1334 3083 1376 3100 iiie
1386 3079 1520 3107 poterant,
1530 3070 1554 3096 se
1574 3077 1626 3096 tem
1640 3068 1696 3094 niss'.
1707 3069 1733 3094 δε
1745 3067 1911 3095 εάἰῑίο.Υἱάὶ.
1924 3070 1950 3096 in
1962 3069 2070 3105 quibus,
2081 3071 2204 3103 confirmi:

1302 3119 1345 3136 12.
1359 3110 1404 3135 Sed
1411 3109 1437 3132 Ae
1445 3109 1495 3138 hot,
1505 3115 1547 3166 qluo
1572 3105 1629 3129 mihi
1637 3105 1688 3130 dixi
1695 3104 1802 3140 videri]
1815 3106 1826 3131 1
1831 3112 1857 3133 ta
1868 3105 1982 3133 Victorii
1994 3105 2090 3138 editio,
2101 3106 2222 3142 quinque

1264 3144 1334 3173 Pan.
1345 3143 1466 3172 Vatican.
1478 3149 1510 3168 vu
1522 3149 1558 3177 go
1567 3140 1594 3166 de
1602 3139 1681 3168 abest.
2200 3159 2206 3164 .

2134 3184 2158 3204 ι.
2167 3175 2223 3209 91ae
