2337 3400
229 112 354 161 1028
625 104 696 150 M.
775 99 1136 147 TULL11

225 205 282 236 que
299 187 645 232 11sapientiapraecipitur³
660 183 801 223 seipsam,

226 239 377 274 relinquat.
406 229 610 271 Qamobrem
635 224 706 255 cum
718 226 862 253 vitiorum
875 221 927 251 ista
936 223 984 250 vis
994 229 1057 249 non
1069 217 1102 249 sit
1112 238 1122 252 ,
1140 226 1174 248 ut

225 278 340 307 caulam
352 272 472 303 afferant
483 270 589 299 mortis
600 268 790 296 voluntariae:
803 264 992 304 perspicuum
1003 260 1045 291 est
1054 280 1064 295 ‚
1080 261 1173 290 etiam

228 318 385 347 stultorum
396 334 403 346 ,
413 314 464 352 qui
478 310 571 340 iidem
583 308 684 339 miseri
695 306 751 337 sint
763 327 773 339 ,
783 302 919 336 officium
931 302 1001 336 effe,
1012 311 1132 334 manere
1139 303 1175 332 in

226 360 286 388 vita
298 376 306 390 ‚
327 355 346 384 si
357 354 411 384 sint
420 364 452 382 in
467 352 579 388 majore
588 359 667 390 parte
677 358 777 379 earum
788 357 887 378 rerum
902 366 911 379 ‚
929 354 1001 386 quas
1012 343 1176 375 secundum

225 406 361 429 naturam
378 393 435 425 effe
452 394 592 424 dicimus.
617 394 653 421 Et
674 392 820 431 quoniam
842 387 995 419 excedens
1004 390 1022 416 ὲ
1043 387 1103 416 vita
1113 404 1124 420 ,
1145 386 1177 416 &

227 448 353 470 manens
365 457 372 470 ‚
392 436 474 476 aeque
488 435 578 464 miser
598 432 656 463 est:
678 442 732 462 nec
751 432 931 462 diuturnitas
941 429 1037 470 magis
1045 429 1074 458 ei
1085 430 1178 457 vitam

226 480 400 523 fugiendam
413 478 483 508 facit
495 488 499 504 z
513 486 577 506 non
590 474 649 504 sane
659 474 742 505 causa
752 474 860 503 dicitur
870 492 879 506 ‚
903 474 942 501 iis
952 489 961 504 ‚
980 471 1032 511 qui
1041 469 1178 510 pluribus

166 528 180 554 ῒι
190 529 208 557 9
227 521 409 553 naturalibus
417 519 474 549 frui
488 516 614 559 poffint‚
633 515 690 546 effe
700 518 732 546 in
743 517 802 545 vita
812 513 1008 544 manendum
1031 513 1180 542 Pertinere

170 2280 215 2305 20

226 573 326 595 autem
343 562 378 593 ad
389 571 451 591 rem
464 561 642 590 arbitrantur
655 577 664 592 ‚
684 558 811 598 intelligi
824 565 928 586 natura
939 553 1002 584 fieri
1013 548 1181 587 ,utlibenh

224 603 387 648 parentibus
404 610 553 631 amenter:
569 601 584 630 a
607 609 668 641 quo
687 601 776 629 initio
797 596 962 638 profefikam
981 603 1182 627 communem

228 652 353 677 numani
371 647 487 687 generis
506 644 672 673 societatem
692 641 905 681 persequimur.
947 637 1028 678 quod
1047 638 1181 676 primum

226 689 356 728 intelbgi
374 687 481 718 debet,
503 684 613 725 figura,
633 682 837 723 mcmbrilque
846 689 1006 720 corporum
1022 690 1030 713 ·,
1048 677 1185 718 quaeipsa

228 731 376 761 declarant
396 726 570 768 procreandi
589 726 605 756 a
616 735 716 755 natura
727 724 858 755 habitam
869 721 1095 753 efferationem.
1120 722 1183 748 Ne-

227 782 287 813 que
306 769 377 801 verb
398 772 460 800 baec
471 771 549 799 inter
560 767 586 798 se
597 776 762 805 congruere
773 763 880 806 poffint
891 776 908 798 3v
917 770 953 792 m
963 770 1066 792 natura
1076 761 1184 801 &pro-

227 824 313 842 creari
326 813 416 845 vellet,
430 810 560 850 &diligi
571 805 722 850 procreatos
733 819 784 837 non
795 813 914 836 curaret.
937 809 1036 844 Atque
1043 805 1137 833 etiam
1152 803 1184 831 in

226 855 331 885 bestiis
341 856 387 883 vis
399 863 507 883 naturae
518 851 622 891 inspici
631 849 728 890 potest
740 861 745 878 ·.
758 857 885 890 quarum
897 850 928 876 in
941 845 1067 878 foetu,&
1078 844 1186 874 educa-

229 900 312 927 :ione
324 895 454 926 laborem
465 893 536 924 cum
547 901 699 923 cernimus
713 912 721 925 ,
734 899 839 920 natur-e
848 889 930 931 ipsius
940 897 1034 918 vocem
1046 886 1187 917 videmur

228 938 344 969 audire.
368 942 382 958 ²
393 940 490 975 Quare
501 945 533 965 ut
542 935 730 974 perspicuum
744 932 787 963 est
797 952 805 966 ‚
818 941 920 961 natura
929 939 985 960 nos
996 930 1011 959 >i
1023 928 1126 958 dolore
1136 927 1187 957 ab-

228 982 348 1011 horrere
361 990 367 1008 ;
378 977 416 1008 sic
428 986 554 1018 apparet,
569 977 583 1005 a
594 985 695 1005 natura
707 975 774 1014 ipsa,
787 983 818 1004 ut
827 981 974 1012 eos,quos
981 970 1186 1012 genum-imus,

229 1030 368 1052 amemus
383 1042 392 1055 ,
404 1020 530 1059 impelli.
556 1021 601 1048 Ex
620 1019 677 1047 hoc
687 1017 814 1046 nascitur
825 1035 841 1048 ,γ
855 1024 887 1044 ut
903 1015 993 1043 etiam
1011 1012 1188 1042 communis

230 1064 395 1093 hominum
415 1065 491 1091 inter
509 1061 652 1089 homines
669 1058 810 1088 naturalis
822 1056 856 1086 sit
874 1054 1102 1086 commendatio
1123 1071 1132 1085 ‚
1155 1059 1189 1081 ut

229 1113 354 1147 operteat
363 1106 499 1133 homin->rm
507 1100 543 1130 ab
552 1102 659 1130 homene
668 1098 700 1129 ob
708 1096 916 1141 adipsum,qubd
924 1095 1110 1136 homofit,non
1119 1093 1190 1122 alie-

232 1158 302 1176 :wm
326 1147 426 1175 videri.
453 1154 484 1174 ut
503 1146 587 1173 enim
608 1145 641 1172 in
660 1143 807 1171 membris
825 1144 882 1170 alia
899 1139 967 1169 sunt
985 1146 1125 1177 tanquam
1136 1134 1189 1164 fibi

232 1199 300 1219 nata
312 1209 320 1222 ,
334 1197 366 1218 ut
377 1187 478 1220 oculi,
489 1195 521 1216 ut
530 1194 630 1215 aures:
642 1185 739 1224 aliqua
750 1185 841 1213 etiam
854 1189 1021 1212 ceterorum
1033 1177 1188 1208 membro-

230 1241 300 1261 rum
321 1231 407 1261 usum
427 1229 589 1267 adjuvant,
612 1235 646 1256 ut
663 1235 766 1260 crura,
786 1233 819 1255 ut
837 1232 961 1254 manus:
983 1219 1021 1251 sic
1039 1222 1189 1250 immanes

230 1274 367 1313 quaedam
389 1270 489 1301 bestiae
506 1268 558 1299 fibi
570 1268 670 1299 solum
681 1277 756 1298 natae
765 1268 832 1297 sunt
844 1277 850 1295 :
863 1265 951 1296 atilla
965 1283 974 1297 ,
992 1264 1100 1304 quaein
1110 1270 1187 1291 con-

229 1316 285 1345 cha
295 1313 599 1355 patulapinnadicitur
610 1322 618 1344 3
631 1311 729 1351 isque,
737 1319 790 1349 qui
799 1317 867 1339 enat
879 1308 896 1338 e
907 1306 1030 1338 concha,
1039 1301 1188 1345 qui2quod

230 1366 298 1387 earn
318 1355 465 1386 custodiat
483 1375 491 1388 ‚
509 1351 663 1395 pinnore'res
680 1349 822 1384 vocatur,¹
837 1351 871 1380 in
888 1357 1015 1388 eamque
1037 1349 1057 1373 3⁴.
1069 1344 1140 1376 cum
1161 1344 1188 1374 se

229 1400 339 1439 recipit
356 1418 365 1432 ‚
384 1396 549 1427 includitur
572 1406 580 1429 ς
600 1403 631 1424 ut
651 1393 786 1424 videatur
803 1388 955 1422 monuiss'e
977 1409 986 1423 ‚
1010 1397 1042 1418 ut
1060 1395 1184 1417 caueret:

230 1442 366 1481 itemque
377 1439 526 1472 formica-1,
536 1435 901 1478 apes‚.ciconiae,alioram
912 1433 1002 1461 etiam
1013 1429 1098 1460 causa
1107 1437 1189 1469 quae-

230 1482 303 1513 dam
319 1481 447 1512 faciunt.
471 1481 570 1510 multo
591 1479 684 1519 magis
706 1478 768 1507 haec
787 1473 968 1515 conjuneuo
984 1471 1027 1502 est
1039 1471 1187 1501 hominis.

230 1525 331 1565 itaque
349 1531 451 1563 natura
472 1522 576 1552 sumus
593 1522 653 1560 apti
671 1518 707 1549 ad
723 1527 819 1549 coetus
837 1535 847 1550 ‚
866 1515 996 1546 concilia
1015 1533 1024 1547 .
1044 1514 1189 1556 civitates.

230 1564 387 1596 Mundum
397 1572 498 1593 autem
509 1562 631 1593 censent
640 1561 697 1601 regi
708 1559 820 1589 numine
828 1558 939 1587 deorum
950 1576 958 1590 ‚
982 1551 1190 1595 eumqueesse

230 1604 312 1648 quafi
331 1614 532 1636 communem
552 1603 658 1633 urbem
678 1622 688 1635 ,
723 1602 756 1631 &
775 1602 928 1631 civitatem
948 1599 1110 1628 hominum
1124 1614 1134 1629 ,
1156 1594 1190 1624 δε

230 1649 359 1679 deorum
371 1658 377 1676 2
389 1647 422 1677 &
435 1654 683 1686 unumquemque
694 1641 832 1673 nostrum
842 1662 851 1676 ‚
863 1641 928 1680 ejus
938 1638 1045 1669 mundi
1055 1636 1112 1667 esse
1125 1645 1189 1676 par-

231 1699 295 1721 tem
308 1709 317 1723 ,
331 1694 348 1716 4
360 1699 397 1719 ex
406 1698 468 1729 quo
478 1688 554 1717 illud
566 1685 820 1725 natura-consequi
832 1704 842 1717 ‚
853 1692 885 1713 ut
895 1689 1096 1712 COMMUNEM
1108 1689 1152 1709 υτ
1160 1687 1190 1707 1-

231 1740 388 1762 LITATEM
402 1739 543 1760 Nosrkffl
553 1735 806 1758 ΑΝτεΡοΝΑΜυς.
819 1734 851 1755 ut
862 1726 945 1755 enim
956 1724 1033 1764 leges
1045 1723 1189 1751 omnium

230 1773 356 1804 salutem
369 1792 377 1806 ‚
399 1772 581 1813 singulorum
595 1770 678 1800 saluti
690 1775 876 1807 anteponunt
892 1765 946 1795 :fic
958 1768 1005 1794 vir
1015 1764 1115 1793 bonus
1125 1782 1134 1795 ,
1156 1761 1189 1790 δε

229 1815 347 1855 sapiens
362 1834 370 1848 ,
391 1814 425 1844 &
442 1813 559 1854 legibus
568 1820 672 1852 parens
682 1830 691 1844 ‚
714 1809 857 1840 &civilis
867 1805 962 1838 officii
973 1815 1037 1836 non
1051 1807 1182 1844 ignarus,

230 1856 353 1887 utilitati
363 1857 506 1886 omnium
516 1855 582 1894 plus
596 1872 606 1887 ‚
628 1851 717 1893 quam
729 1852 819 1880 unius
827 1849 952 1888 alicujus
962 1867 971 1882 ‚
984 1855 1033 1877 aut
1045 1846 1189 1877 suae.c0n-

230 1898 310 1929 sulit.
335 1907 401 1928 nne
424 1905 531 1927 MAois
542 1893 754 1935 vituperandus
763 1891 806 1922 est
815 1891 948 1931 proditor
961 1890 1061 1929 patriae
1071 1906 1080 1921 ,
1097 1886 1191 1927 quam

230 1941 410 1971 communis
427 1939 562 1969 utilitatis
581 1957 590 1970 ‚
610 1944 660 1966 aut
677 1934 778 1965 salutis
798 1933 950 1965 desertor,
967 1939 1088 1971 propter
1108 1929 1190 1959 suam

232 1983 393 2013 utilitatem
407 2001 417 2015 ‚
440 1989 490 2011 aut
508 1980 643 2010 salutem.
665 1986 703 2007 ex
723 1986 786 2018 quo
806 1973 840 2005 fit
859 1973 1067 2004 utlaudandus
1078 1970 1111 2000 fit.
1126 1990 1136 2004 ‚
1153 1972 1191 2004 is,

231 2026 285 2065 qui
297 2033 426 2054 mortem
439 2030 558 2063 oppetat
569 2030 622 2062 pro
635 2029 693 2059 rep.
704 2017 785 2058 quod
799 2017 904 2047 doceat
918 2035 926 2049 ‚
939 2015 1072 2044 cariorem
1081 2012 1129 2051 effe
1136 2021 1193 2053 pa-

232 2067 322 2095 mam
341 2063 416 2095 nobis
428 2085 436 2098 ,
460 2061 548 2105 quizm
566 2062 669 2102 nosmet
681 2061 763 2103 ipsos.
786 2059 993 2100 quoniamque
1005 2056 1057 2087 illa
1071 2065 1133 2085 vox
1143 2057 1194 2084 in—

231 2108 365 2138 humana
376 2126 384 2141 ‚
410 2107 442 2137 &
461 2106 596 2136 scelerata
618 2104 737 2134 ducitur
748 2122 757 2135 ‚
776 2109 884 2131 eorum
896 2120 905 2133 ‚
916 2100 970 2140 qui
988 2106 1095 2139 negant
1105 2097 1133 2126 se
1144 2105 1194 2125 re·-

229 2150 333 2179 cusare
343 2169 351 2182 ‚
372 2158 433 2189 quo
445 2147 548 2177 minus
560 2167 569 2181 ,
593 2145 655 2188 ipsis
665 2144 784 2174 mortuis
793 2162 801 2176 ‚
813 2150 951 2171 terrarum
962 2140 1088 2169 omnium
1102 2138 1193 2175 defla-

228 2191 331 2231 gratio
354 2190 537 2231 consequatur
556 2201 567 2216 .·
588 2187 671 2228 quod
697 2186 812 2225 vulgari
830 2183 962 2225 quodam
979 2182 1065 2212 versu
1085 2183 1195 2210 Gsaeco,

232 2234 420 2273 pronuntiari
430 2232 513 2262 solet.
536 2235 614 2261 certe.¹
625 2238 731 2259 verum
742 2226 795 2260 est,
806 2231 895 2256 etiarn
906 2226 955 2258 iis,
970 2225 1022 2264 qui
1031 2221 1196 2264 aliquando<

233 2273 328 2305 futuri
346 2272 401 2304 fint
413 2293 421 2305 ,
442 2271 500 2302 effe
511 2281 631 2313 propter
647 2270 725 2310 ipsos
744 2267 978 2300 consulendum.
1005 2269 1052 2297 Ex
1063 2265 1190 2295 hacani-

233 2326 358 2347 morum
375 2313 537 2346 affeffione
552 2313 726 2344 testamenta
738 2331 748 2344 ,
766 2308 1104 2348 commendationesque
1124 2315 1194 2336 mo-

233 2361 380 2389 rientium
401 2365 476 2387 natae
500 2357 577 2386 sunt.
600 2354 741 2395 quodque
759 2362 855 2385 nemo
873 2354 908 2382 in
923 2350 1085 2382 solitudine
1095 2350 1192 2380 vitam

234 2410 319 2441 agere
332 2401 425 2433 velit,
443 2408 482 2429 ne
493 2408 564 2428 cum
576 2395 694 2427 infinita
703 2394 827 2435 quidem
840 2393 1029 2432 voluptatum
1040 2390 1195 2422 abundan-

237 2452 296 2476 tia3
317 2441 404 2471 facile
415 2441 595 2481 intelligitur
605 2459 613 2473 ,
633 2447 690 2468 nos
701 2436 736 2466 ad
745 2434 996 2475 conjunfflonem
1007 2454 1016 2467 ,
1035 2441 1195 2473 congrega-

236 2486 413 2523 tionemque
431 2484 596 2512 hominum
617 2500 626 2514 ‚
653 2479 685 2509 &
706 2478 741 2508 ad
762 2477 926 2508 naturalem
941 2476 1201 2506 communitatem,

236 2524 294 2555 effe
313 2534 410 2555 natos.
437 2532 663 2554 zmi‘ssLmMim
680 2529 779 2550 autem
791 2527 893 2548 natura
906 2537 914 2550 ‚
936 2526 968 2547 ut
978 2514 1112 2557 prodesse
1123 2515 1198 2544 veli-

238 2576 305 2597 mus
315 2566 548 2608 quamplurimis
558 2583 568 2600 ,
580 2567 612 2595 in
623 2562 785 2605 primisque
797 2559 937 2593 docendo
949 2579 958 2594 ,
972 2557 1198 2598 rationibusque

277 2682 300 2699 ι.
319 2677 345 2698 Si
352 2675 444 2708 uszufir
455 2692 463 2705 ,
467 2673 564 2706 sapiens
575 2679 600 2697 m
612 2669 761 2705 relinquat]
783 2669 897 2696 Gemma
909 2667 994 2694 isthaec
1004 2664 1133 2693 orationis
1145 2674 1201 2692 rna-

238 2716 311 2734 na·-it
323 2711 336 2734 a
349 2710 470 2736 Palatino
480 2718 521 2744 pr.
539 2709 627 2744 'inepte
646 2709 674 2734 iu
686 2705 845 2733 hodiernum
858 2703 930 2730 diem
949 2702 1050 2730 leffium
1069 2700 1144 2729 nobis
1157 2720 1166 2734 ‚
1182 2702 1206 2735 fi

234 2745 326 2777 Jnffiri'r
337 2765 344 2775 ,
359 2747 467 2779 sapiens.

277 2787 305 2804 ι.
325 2782 404 2813 Qare
417 2788 444 2806 ut
460 2782 605 2814 perspicuum
615 2781 650 2805 εἶτ’
660 2798 668 2811 ,
678 2778 745 2812 &c.]
768 2776 870 2803 Vocula
879 2784 917 2808 m,
930 2783 982 2803 non
992 2774 1028 2802 est
1038 2774 1065 2801 iu
1077 2773 1145 2801 Pali.
1157 2779 1205 2800 aut

238 2812 300 2840 edd.
312 2817 516 2851 antiquioribus,
527 2817 581 2842 imi,
595 2825 627 2842 ne
637 2814 744 2850 quidem
755 2814 781 2840 in
794 2812 960 2839 Victoriana.

280 2858 306 2884 3.
323 2853 408 2884 Cnmje
419 2855 526 2887 ruffin]
548 2851 591 2879 Est
603 2853 617 2878 a
628 2850 760 2887 plerisque
771 2849 839 2876 l'all.
851 2849 947 2875 melius
961 2867 970 2881 ‚
988 2848 1070 2883 quam
1080 2852 1111 2873 ut
1124 2851 1203 2872 antea

243 2885 338 2921 vulgg.
350 2891 441 2919 recepit.

277 2928 306 2953 4.
326 2924 365 2961 ξκ
374 2932 416 2955 ³1³⁰
425 2924 482 2947 imai
489 2931 581 2949 natura
593 2922 720 2957 consequi]
732 2923 775 2948 lta
786 2919 843 2947 Pal.
854 2928 896 2955 pr.
906 2926 996 2955 quart.
1007 2918 1096 2954 quint.
1107 2926 1203 2954 repra:-

242 2954 408 2992 seutavitque
419 2958 502 2984 editio
512 2959 674 2986 Vie‘toriana.
695 2958 753 2984 aiiae
766 2958 922 2991 consequitur.

282 3001 309 3026 5.
329 2994 387 3018 Cum
405 2995 445 3026 ¹1⁷st
453 2997 515 3018 inter
532 3004 571 3019 nos
591 2997 674 3028 ahjcffl
683 2993 849 3028 neglefflque]
870 2991 967 3018 Lee'tio
987 2991 1072 3018 minus
1084 2999 1146 3016 vera
1159 3009 1167 3022 ‚
1187 2989 1205 3016 si

243 3027 363 3055 standum
377 3028 432 3054 Pal.
444 3037 483 3063 pr.
503 3029 529 3054 in
540 3038 592 3064 quo
604 3049 612 3060 ‚
632 3039 671 3054 nos
682 3032 742 3055 cules
753 3031 900 3062 neglemque.
921 3028 1046 3054 nimirum
1059 3025 1205 3054 rescriben-

244 3064 391 3105 dumstviles
403 3066 541 3098 „egressique
553 3083 561 3096 ‚
574 3063 669 3091 dodtus
680 3065 735 3091 sum
747 3067 762 3091 ii
773 3065 830 3091 Pul.
844 3064 925 3091 tertio
938 3083 946 3096 ,
965 3063 991 3090 in
1004 3073 1056 3099 quo
1068 3083 1076 3096 ,
1092 3060 1137 3089 ‘nos
1147 3064 1208 3088 viles

243 3101 329 3134 «oyem
337 3102 486 3133 ncglefflquc.

1215 97 1759 146 C1cER0u1s

1966 157 1998 171 *x

812 180 912 211 sinsus
922 177 955 209 fic
966 198 974 212 ‚
987 181 998 197 ¹
1012 177 1126 218 sapiens
1138 184 1171 207 ut
1213 177 1380 219 prudenti-ae
1397 178 1557 209 tradendis.
1589 179 1686 220 itaque
1706 192 1759 211 non
1773 179 1863 222 facile
1877 179 1926 212 ef?
1937 179 2077 215 invenire,
2100 180 2170 222 quis

1216 220 1290 292 guod
1304 221 1381 260 sciat
1392 220 1446 265 ips}
1457 240 1465 254 ,
1486 230 1537 249 non
1549 220 1644 249 tradat
1656 222 1748 251 alten:
1772 226 1814 254 Ita
1825 234 1888 254 non
1901 224 1997 255 solum
2007 223 2041 254 ad
2051 223 2168 253 discen-

1241 272 1291 292 um
1308 265 1445 309 propenii
1466 262 1587 295 sumus,
1611 262 2047 296 verutnetiamaddocendum⁴
2070 268 2172 304 Atque

1219 313 1250 334 ut
1270 313 1360 334 tauris
1379 313 1480 350 natura
1499 303 1602 333 datum
1620 302 1684 337 est,
1708 313 1741 334 ut
1757 315 1812 344 pro
1829 307 1932 337 vitulis
1948 315 2050 337 contra
2068 307 2173 336 leones

1221 346 1339 376 summa
1357 354 1404 378 vi,
1433 347 1607 385 impetuque
1629 345 1830 376 contendant:
1848 346 1940 382 ficii,
1960 351 2023 388 Qu
2037 356 2171 377 viimam*

1220 388 1327 427 opibus
1339 406 1349 419 ‚
1371 395 1457 427 atque
1466 387 1495 416 id
1506 385 1600 417 facere
1612 384 1733 425 poss'unt
1742 406 1750 420 2
1762 386 1983 420 urdeHercule
1995 409 2003 423 ,
2017 390 2049 420 Sc
2060 390 2176 419 Libero

1221 437 1389 469 accepimus
1400 441 1412 461 ‚>
1435 428 1470 458 ad
1489 428 1668 458 servandum
1686 438 1779 468 genus
1800 430 1961 460 hominum
1981 432 2173 461 naturainci-

1223 480 1328 501 tantur.
1362 473 1460 510 Atque
1478 472 1568 500 etiam
1587 471 1697 510 Jovem
1718 469 1788 500 cum
1810 471 1948 510 optimum
1963 472 1996 502 ὃς
2013 473 2176 501 maximum

1226 513 1355 543 dicimus
1367 531 1375 545 ‚
1387 521 1517 552 cumque
1528 512 1658 541 eundem
1664 512 1822 551 salutarem
1832 531 1840 545 ‚
1855 512 2174 551 120spitasemstatorem;

1225 556 1283 584 hoc
1302 554 1431 594 intelligi
1451 554 1596 583 volumus
1617 573 1626 586 ‚
1659 554 1781 584 salutem
1801 555 1965 583 hominum
1986 556 2016 584 in
2034 557 2098 594 ejus
2118 553 2178 585 effe

1225 596 1326 626 tutela.
1368 595 1502 625 Minime
1518 604 1618 625 autem
1640 597 1802 628 convenit,
1829 598 1842 622 5
1859 594 1930 625 cum
1950 594 2002 634 ipsi
2021 597 2098 626 inter
2118 606 2179 627 nos

1225 636 1353 677 abje&i‚
1373 635 1675 678 negledlziquesimus,
1700 635 1866 676 postulare,
1887 645 1918 666 ut
1928 636 1985 667 diis
1995 638 2179 668 immortali-

1226 680 1281 710 bus
1289 680 1348 709 cari
1357 676 1449 708 fimus
1462 699 1470 712 ‚
1483 678 1516 708 δε
1525 679 1562 708 ab
1573 680 1619 708 'nis
1629 678 1799 718 diligamur.
1821 678 2079 718 quemadmodum
2090 680 2181 719 igitur.

1229 720 1375 750 membris
1386 722 1500 750 utimur
1508 721 1591 759 prius
1602 740 1610 754 ,
1622 730 1711 761 quam
1724 720 1897 753 didicimus,
1908 721 1991 759 cujus
2002 729 2034 750 ea
2044 720 2180 750 utilitatis

1227 762 1310 793 causa
1328 763 1488 792 habeamus
1504 772 1509 790 :
1529 760 1567 791 fic
1587 764 1666 792 inter
1680 771 1734 795 nos
1746 769 1851 790 natura
1860 761 1898 790 ad
1904 762 2017 790 civilem
2026 762 2180 791 communi·

1227 812 1316 834 tatem
1333 802 1492 843 conjunfifi,
1511 803 1546 836 &⁴
1566 804 1713 844 cozisbciarz'
1727 800 1837 842 fiamus.
1859 803 1940 843 quod
1959 806 1991 834 ni
2003 806 2041 834 ita
2053 804 2079 834 se
2089 803 2179 834 habe-

1229 855 1290 879 ret,
1314 855 1371 876 nec
1387 845 1510 886 justitiae
1530 845 1609 875 ullus
1629 844 1700 875 estet
1713 865 1721 879 ‚
1740 855 1795 875 nec
1814 846 1941 875 bonitati
1953 846 2050 875 locus.
2072 848 2109 876 Et
2118 854 2181 886 quo

1231 887 1327 918 modo
1344 889 1509 918 hominum
1531 888 1608 917 inter
1619 888 1848 926 hominesjuris
1858 884 1916 916 esse
1935 888 2054 917 vincula
2063 896 2182 927 putant,

1231 929 1267 960 sic
1299 930 1421 959 homini
1448 929 1526 958 nihil
1543 930 1620 968 juris
1639 926 1698 958 esse
1716 939 1785 958 cum
1802 928 1913 959 bestiis.
1943 929 2078 968 praeclare
2095 930 2183 959 enim

1231 970 1408 1011 Chrysippus
1425 991 1433 1005 ,
1455 980 1587 1000 CETERA
1597 979 1689 1000 NATA
1699 969 1755 1000 ess‘e
1769 971 1931 1000 hominum
1944 971 2028 1001 causa
2039 991 2046 1004 ,
2068 970 2100 1000 ὅτ.
2110 970 2184 1000 deo-

1232 1022 1299 1042 rum
1319 1024 1325 1041 :
1344 1022 1396 1043 eos
1414 1021 1533 1045 autern,
1553 1013 1800 1044 communitatis,
1826 1012 1859 1042 &
1878 1011 2024 1041 societatis
2050 1013 2127 1046 suae,
2149 1021 2184 1043 ut

1232 1054 1332 1084 bestiis
1355 1055 1497 1083 homines
1517 1052 1604 1083 utiad
1614 1053 1772 1082 utilitatem
1784 1054 1862 1082 suam
1875 1051 1982 1095 poffint
1993 1053 2052 1084 fine
2064 1054 2183 1092 injuria.

1232 1097 1437 1136 quoniamque
1456 1104 1488 1124 ea
1498 1103 1601 1124 natura
1618 1092 1688 1124 ess'et
1707 1095 1842 1123 hominis
1854 1114 1862 1127 ,
1886 1092 1900 1114 ⁶
1913 1104 1944 1125 ut
1957 1097 2061 1125 eicum
2075 1104 2184 1135 genere

1232 1139 1367 1167 humano
1389 1134 1468 1177 quasa
1485 1136 1577 1165 civile
1592 1136 1640 1175 jus
1660 1135 1867 1165 intercederet:
1883 1137 1976 1176 quiid
1986 1137 2185 1170 conservaret,

1232 1188 1303 1208 eum
1316 1177 1429 1218 justum
1443 1178 1535 1217 :7qui
1550 1181 1690 1218 migraret
1700 1176 1845 1216 injustum
1863 1176 1938 1207 fore.
1963 1179 2011 1208 sed
2024 1197 2032 1211 ,
2043 1177 2188 1218 quemad-

1232 1221 1362 1251 modum
1373 1241 1382 1254 ,
1403 1228 1591 1264 Tuan-raum
1605 1218 1676 1249 cum
1687 1228 1853 1249 commune
1864 1217 1908 1251 fit,
1923 1218 2003 1249 reete
2015 1228 2115 1249 tamen
2124 1219 2187 1250 dici

1231 1261 1328 1303 potest
1337 1282 1346 1296 ‚
1355 1283 1357 1286 -
1366 1263 1429 1302 ejus
1440 1259 1497 1291 esse
1506 1270 1576 1291 eum
1588 1261 1690 1290 locum
1702 1280 1711 1295 ,
1727 1270 1819 1301 quern
1830 1261 1955 1300 quisque
1962 1263 2128 1301 occuparit:
2150 1259 2189 1291 sic

1233 1308 1265 1335 in
1285 1305 1357 1335 urbe
1375 1303 1531 1334 mundove
1545 1304 1704 1333 communi
1724 1312 1789 1332 non
1806 1303 1973 1332 adversatur
1989 1303 2037 1342 jus
2053 1312 2116 1343 quo
2129 1304 2190 1332 mi-

1231 1346 1290 1378 nus
1302 1347 1385 1377 suum
1396 1345 1526 1387 quidque
1537 1345 1677 1385 cujusque
1688 1342 1804 1374 siecum
1816 1353 1914 1374 autem
1926 1343 1961 1374 ad
1974 1344 2191 1378 tuendos‚con-

1231 1388 1447 1429 servandosque
1465 1387 1609 1417 homines
1635 1387 1795 1415 hominem
1816 1395 1920 1416 natum
1940 1384 1998 1416 effe
2016 1385 2192 1416 videamus:

1230 1431 1466 1461 consentaneum
1476 1427 1519 1460 est
1528 1429 1598 1458 huic
1606 1437 1729 1461 naturae,
1741 1436 1773 1457 ut
1780 1427 1893 1470 sapiens
1902 1427 1975 1456 velit
1979 1437 2081 1468 gerere,
2095 1427 2129 1459 ὼ
2137 1426 2191 1456 ad-

1231 1470 1387 1508 ministrare
1396 1478 1477 1512 remp.
1496 1479 1599 1510 atque,
1613 1478 1648 1500 ue
1656 1470 1672 1500 e
1683 1478 1786 1500 natura
1796 1471 1877 1499 vivat
1887 1487 1896 1502 ‚
1905 1478 2036 1502 ,uxorem
2045 1469 2192 1510 adjunge-

1229 1524 1283 1548 re,
1308 1508 1672 1544 Saeveneexealiberos.
1696 1513 1750 1541 Νε-
1774 1519 1908 1541 Aviones
1926 1511 2050 1551 quidem
2061 1509 2190 1544 sandios,

1231 1556 1387 1595 asapiente
1396 1555 1516 1585 alienos
1528 1551 1789 1584 efferarbitrantur.
1821 1554 2003 1592 Cynicorum
2022 1560 2122 1582 autem
2144 1561 2191 1582 ra-

1232 1599 1351 1628 tionem
1370 1616 1378 1632 ,
1407 1605 1493 1637 atque
1511 1598 1602 1626 vitam
1632 1595 1682 1625 alii
1709 1594 1811 1624 cadere
1831 1595 1864 1623 in
1885 1594 2044 1634 sapientem
2064 1594 2191 1627 dicunt,

1233 1637 1253 1668 si
1271 1640 1339 1680 quis
1357 1637 1510 1678 ejusmodi
1528 1636 1608 1667 forte
1624 1637 1705 1667 casus
1724 1636 1881 1669 inciderit,
1910 1645 1942 1665 ut
1961 1635 1992 1665 id
2015 1634 2190 1666 faciendum

1231 1679 1281 1711 sit:
1302 1680 1353 1710 alii
1364 1680 1451 1710 nullo
1462 1679 1566 1708 modo.
1590 1681 1632 1708 Ut
1651 1677 1724 1708 vero
1741 1678 1936 1708 conservetur
1949 1679 2051 1707 omnis
2064 1677 2186 1708 homini

1233 1731 1299 1763 erga
1318 1722 1480 1751 hominem
1499 1720 1622 1750 societas
1635 1738 1643 1750 ,
1660 1717 1840 1757 conjunffio
1860 1738 1869 1752 ‚
1894 1720 1997 1748 caritas
2017 1729 2022 1747 :
2051 1719 2084 1749 &
2105 1728 2194 1749 emo-

1234 1764 1377 1793 lumenta.
1398 1762 1430 1791 &
1449 1761 1630 1791 detrimenta
1650 1780 1665 1793 ,
1689 1769 1755 1800 quae
1773 1760 1916 1792 ὠφελήμωᾶ
1934 1759 1967 1789 &
1985 1761 2124 1792 βλάμμαῖᾷ
2141 1769 2195 1799 ap-

1233 1803 1546 1845 pellant2communia
1558 1800 1614 1832 effe
1627 1801 1807 1832 voluerunt:
1821 1811 1952 1841 quorum
1962 1802 2050 1831 altera
2059 1801 2193 1841 prosunt,

1234 1855 1345 1876 nocent
1364 1845 1462 1876 altera.
1491 1853 1548 1874 nec
1568 1842 1670 1874 solum
1698 1853 1731 1872 ea
1755 1844 1917 1873 eommunia.
1933 1863 1942 1877 ‚
1970 1841 2075 1873 verum
2102 1844 2196 1873 etiam

1231 1888 1314 1929 paria
1328 1886 1388 1917 effe
1403 1886 1560 1917 dixerunt-
1580 1884 1780 1915 ‘incommoda
1808 1894 1909 1915 autem
1930 1905 1940 1918 ‚
1969 1884 2002 1915 &
2030 1884 2196 1915 commoda

1233 1931 1296 1968 (ita
1313 1928 1478 1964 ἐυκρηςὴμοιῖξ-
1488 1927 1521 1958 &
1530 1928 1717 1961 δυωκρηςὴμωίξὶ
1725 1926 1864 1967 appello)
1881 1928 2061 1957 communia
2071 1925 2129 1956 effe
2136 1935 2197 1957 vo-

1236 1972 1358 2002 luerunt
1367 1989 1376 2003 ‚
1398 1970 1478 2010 paria
1488 1968 1662 1999 noluerunt.
1685 1968 1738 1999 illa
1747 1969 1830 1998 enim
1842 1978 1906 2009 quae
1917 1968 2059 2008 prosunt,
2071 1977 2119 1998 aut
2129 1978 2196 2009 quae

1237 2021 1363 2046 nocent,
1375 2020 1424 2042 aut
1435 2011 1514 2041 bona
1524 2011 1602 2044 sunt,
1613 2018 1664 2040 aut
1675 2010 1752 2040 mala
1764 2020 1845 2050 :quae
1858 2004 1913 2040 sint
1925 2011 2005 2050 paria
2013 2008 2130 2040 neceffe
2139 2009 2194 2040 est.

1236 2053 1400 2085 commoda
1409 2062 1509 2083 autem
1523 2073 1531 2086 ,
1552 2060 1601 2082 aut
1613 2052 1809 2082 incommoda
1820 2054 1852 2082 in
1864 2062 1901 2082 eo
1909 2062 2017 2093 genere
2028 2052 2096 2082 sunt
2109 2071 2117 2085 ‚
2129 2061 2196 2092 quae

1237 2094 1392 2137 praeposita
1404 2115 1412 2129 ‚
1432 2094 1492 2125 9&
1503 2092 1612 2133 rejeaa
1622 2093 1766 2124 dicimus.
1777 2119 1780 2121 i
1790 2104 1823 2124 ea
1833 2092 1955 2133 possunt
1964 2095 2042 2134 paria
2052 2103 2116 2124 non
2124 2091 2197 2123 effi:

1236 2139 1286 2169 sed
1307 2137 1516 2168 emolumenta
1536 2137 1714 2166 communia
1730 2132 1788 2165 esse
1811 2135 1964 2166 dicuntur.
1997 2134 2076 2165 redte
2094 2143 2198 2165 autem

1231 2179 1316 2221 fasta
1327 2200 1336 2213 ‚
1353 2179 1509 2220 &peccata
1525 2198 1533 2211 ‚
1553 2188 1604 2206 non
1614 2175 1750 2206 habentur
1759 2179 1928 2206 communia.
1952 2178 2127 2207 Amicitiam
2141 2185 2197 2206 au-

1236 2232 1298 2253 tem
1316 2220 1519 2251 adhibendam
1533 2217 1591 2249 effe
1601 2220 1742 2252 censent,
1763 2221 1833 2259 quia
1843 2218 1875 2249 sit
1886 2229 1923 2249 ex
1933 2229 1970 2249 eo
1980 2227 2105 2260 genere,
2126 2227 2197 2258 quat

1235 2264 1371 2305 prosum.
1392 2271 1573 2303 quamquam
1582 2263 1730 2291 autemin
1740 2262 1873 2291 amicitia
1889 2261 1941 2291 alii
1951 2260 2068 2293 dicant,
2093 2256 2196 2297 AEQJE'

1237 2314 1361 2336 CARAM
1382 2302 1441 2334 effe
1463 2304 1587 2345 sapienti
1606 2304 1756 2333 rationem
1768 2304 1879 2336 amici,
1900 2312 1933 2333 ac
1948 2302 2050 2332 suam:
2072 2301 2125 2331 alii
2143 2310 2199 2330 au-

1236 2357 1297 2379 tem
1311 2346 1365 2377 fibi
1376 2348 1484 2387 cuique
1504 2347 1651 2377 cariorem
1664 2365 1674 2378 ,
1701 2345 1896 2375 suamtamen
1914 2344 1946 2373 hi
1956 2353 2077 2384 quoque
2094 2341 2199 2382 poste-

1236 2392 1330 2420 riores
1349 2388 1480 2419 fatentur
1492 2407 1501 2421 ‚
1517 2388 1651 2418 alienum
1670 2385 1728 2416 ess'e
1740 2386 1877 2425 &justitia
1887 2405 1896 2419 ,
1916 2385 1951 2415 ad
1963 2395 2052 2426 quam
2067 2386 2129 2415 nati
2139 2381 2199 2414 effe

1237 2431 1405 2464 videamur,
1415 2429 1555 2459 detrahere
1564 2429 1635 2471 quid
1641 2428 1673 2458 de
1681 2428 1790 2470 aliquo,
1801 2426 1934 2469 quodfibi
1942 2427 2077 2465 affimat.
2101 2426 2202 2456 mini-

1240 2473 1291 2503 me
1310 2471 1384 2503 verb
1407 2471 1546 2511 probatur
1568 2472 1638 2501 huic
1657 2470 1843 2510 disciplinae‚
1864 2470 1901 2500 de
1920 2479 1978 2509 qua
1999 2470 2127 2509 loquor,
2149 2475 2200 2497 aut.

1240 2515 1405 2547 amicitiam
1415 2532 1424 2546 ,
1443 2521 1493 2543 aut
1500 2510 1644 2551 justitiam
1656 2520 1776 2552 propter
1788 2511 1927 2541 utilitates
1937 2510 2055 2541 adscisci
2069 2517 2118 2540 aut
2128 2517 2201 2548 pro-

1241 2556 1313 2587 bari.
1336 2554 1489 2587 ¹0reaedem
1498 2555 1582 2586 enim
1595 2553 1736 2584 utilitates
1745 2562 1888 2594 poterunt
1898 2562 1944 2584 eas
1954 2550 2127 2584 labefastare
2137 2569 2146 2584 ³
2158 2558 2204 2579 at-

2143 2600 2204 2632 que

1241 2663 1444 2699 cunml‘aLpn&
1456 2661 1664 2698 quart.servent‚
1674 2667 1701 2685 ut
1711 2661 1739 2692 όν
1749 2668 1887 2692 cumgenere
1896 2670 1903 2684 ,-
1915 2667 2003 2684 vocem
2014 2655 2087 2682 illam
2097 2654 2124 2681 in
2136 2653 2203 2680 hanc

1241 2699 1320 2727 facile
1331 2698 1494 2734 degenerare
1503 2696 1615 2734 potuisse
1626 2695 1815 2722 sent'10.1nalim
1826 2702 1913 2722 tamen
1925 2693 1981 2720 fere
1991 2690 2060 2718 illud
2073 2690 2202 2716 nostrum.

1276 2744 1305 2771 7.
1326 2737 1375 2769 Qi
1384 2738 1496 2768 migraret
1504 2734 1615 2768 injustam
1629 2733 1708 2766 firm]
1732 2731 1776 2758 Sic
1787 2731 1856 2757 Pan.
1877 2730 1994 2766 quinque
2006 2746 2014 2759 ‚
2029 2735 2088 2752 nam
2101 2726 2202 2761 primus

1242 2772 1290 2798 ille
1302 2771 1420 2806 alioquin
1431 2771 1560 2806 optimus,
1571 2771 1613 2803 qui
1621 2775 1734 2801 negat-015
1755 2766 1826 2803 quod
1847 2767 1928 2792 etiam
1948 2761 2053 2790 absurdi
2063 2761 2129 2788 nihil
2139 2762 2167 2790 iu
2177 2761 2205 2790 se

1241 2808 1333 2840 habet.
1352 2807 1418 2834 olim
1432 2806 1545 2841 vulgati,
1555 2808 1596 2839 qut
1605 2807 1634 2830 vi
1644 2811 1730 2837 ager-et.
1746 2803 1808 2837 jure
1818 2801 1933 2836 ejectum
1945 2802 1960 2825 a
1971 2797 2113 2825 Lambino.

1278 2844 1307 2871 8.
1331 2846 1363 2870 Et
1372 2844 1430 2868 velle
1439 2852 1468 2868 ex
1477 2851 1504 2868 ea
1513 2841 1624 2874 liberm]
1645 2841 1670 2866 N
1678 2849 1711 2866 on
1731 2838 1805 2876 potui
1819 2835 1965 2864 excluderet
1979 2833 2133 2869 scripturam
2145 2833 2203 2861 Pal.

1240 2889 1281 2917 pr.
1292 2881 1320 2906 δε
1330 2879 1430 2915 quarti,
1442 2878 1527 2913 ejeeta
1540 2885 1604 2903 voce
1618 2884 1676 2916 quae
1685 2882 1742 2901 erat
1754 2874 1780 2900 in
1790 2871 1912 2899 omnibus
1927 2870 2040 2905 vulgatis
2052 2871 2066 2896 :i
2076 2869 2140 2901 fine,
2146 2876 2205 2903 pro-

1243 2925 1334 2943 creare.
1354 2915 1381 2942 in
1393 2914 1484 2951 quales
1494 2912 1598 2940 codices
1620 2913 1638 2938 li
1647 2908 1779 2937 incidin'et
1799 2908 1829 2934 P.
1841 2907 1976 2933 Manutius
1989 2915 2130 2941 numquam
2142 2914 2207 2941 pro-

1244 2951 1318 2980 chto
1329 2951 1405 2978 nobis
1416 2948 1566 2977 obtrufiffet
1577 2946 1721 2975 Lambinus
1731 2953 1760 2971 ex
1769 2952 1797 2970 ea
1805 2944 1890 2970 IIberos
1896 2951 2021 2978 procreare
2033 2961 2042 2976 ,
2051 2940 2146 2969 omisso
2154 2941 2206 2970 illo

1245 2991 1316 3020 velle,
1330 2996 1393 3014 voce
1403 2984 1594 3022 gratiosissima.

1280 3033 1310 3060 9.
1329 3027 1362 3049 Et
1372 3025 1457 3056 rejecta
1467 3019 1591 3053 animm]
1613 3017 1706 3043 Malim
1716 3024 1776 3043 cum
1788 3014 1845 3042 Pal.
1857 3024 1897 3051 pr.
1910 3015 2024 3041 diximm.
2081 3039 2085 3050 1

1285 3069 1327 3086 10.
1343 3059 1432 3085 Eadem
1440 3060 1500 3083 enim
1509 3056 1638 3080 utilitates.
1667 3052 1711 3079 Sic
1720 3060 1773 3079 tres
1784 3054 1797 3078 e
1810 3052 1877 3078 Pali.
1887 3051 1932 3078 alii
1943 3053 2088 3084 voluptates,
2100 3049 2170 3087 quod
2181 3049 2208 3078 iu

1246 3094 1408 3122 editionibus
1419 3095 1435 3119 ἐι
1448 3089 1622 3118 Lambiniana
1650 3088 1750 3115 iver-lis.
1763 3088 1789 3114 Si
1800 3097 1840 3114 rcs
1853 3087 1903 3114 mei
1914 3086 1978 3117 esset
1986 3084 2210 3122 arbittiiffltram-

275 3135 305 3164 6·
327 3139 355 3162 Ut
365 3139 384 3164 ‘i
393 3145 442 3163 cnm
449 3144 529 3168 genere
540 3154 549 3168 ι
567 3134 633 3169 57⁶1]
655 3134 697 3163 Sic
708 3134 855 3164 Lambinus
868 3154 876 3170 ‚
896 3144 928 3164 an
940 3138 953 3165 ὲ
965 3133 1023 3165 mis.
1038 3134 1125 3165 aestio
1137 3153 1146 3169 ‚
1164 3132 1208 3162 scd
1247 3141 1299 3169 que
1309 3127 1574 3165 vocemjugularem,
1585 3133 1713 3163 tanquam
1722 3124 1923 3162 supervacuam.

2144 3166 2168 3187 12
2181 3157 2211 3185 Id

2209 1679 2250 1704 21
