2360 3400
540 126 590 176 T
616 141 693 174 ufs
719 143 746 174 c
772 142 873 175 vt..

221 210 364 245 lentem,
383 215 470 251 atque
490 208 642 240 delentem
655 229 663 242 ‚
685 209 732 240 sed
756 208 905 249 quandam
925 210 1005 251 quasi
1024 213 1178 253 migr-atio-

221 263 292 283 nem
307 273 318 288 ,
335 253 672 292 commutationemque
694 253 763 282 vitae
778 270 786 283 ‚
808 261 874 292 quae
892 254 924 282 in
934 253 1019 283 claris
1029 256 1122 288 viris,
1143 255 1176 285 δε

219 294 353 325 faeminis
373 293 436 324 dux
456 295 489 323 in
506 293 615 323 caelum
626 293 732 324 soleret
742 293 798 324 effe
811 304 816 323 :
829 297 861 324 in
872 296 976 324 ceteris
984 296 1071 325 humi
1083 296 1116 326 &
1129 306 1176 326 re-

218 338 380 370 tineretur,
401 335 434 365 &
453 344 642 376 permaneret
657 343 759 366 tamen
791 345 830 367 ex
847 337 926 370 hoc,
945 336 978 367 ὅτ
999 336 1173 368 nostrorum

217 386 376 417 opinione,
538 401 542 404 .

258 418 399 448 Romulus
415 420 444 447 in
463 419 521 448 caei'o
539 430 603 449 cum
619 419 676 449 diis
695 419 760 460 agit
774 429 863 448 avum
875 439 884 452 ,

215 459 344 490 utfamae
354 459 514 491 ass'entiens
524 461 603 492 dixit
616 463 752 492 Ennius:
770 461 802 491 &
810 461 885 501 apud
898 463 1029 495 Graecos,
1040 461 1172 503 indeque

213 502 364 542 perlapsus
376 503 410 533 ad
427 503 532 536 nos‚&
543 505 637 544 usque
648 503 684 534 ad
695 506 849 533 Oceanum
863 503 1172 538 Hercules‚tantus,&

214 552 276 574 tam
298 545 425 584 praesens
444 545 565 575 habetur
583 547 668 576 deus.
693 549 702 564 ¹
724 546 795 577 hinc
816 544 906 574 Liber
919 565 928 578 ,
947 546 1032 574 Deus
1052 546 1169 576 Semele

214 595 300 616 natus
313 606 321 620 ‚
343 587 509 628 eademque
518 586 604 618 famae
614 586 784 617 celebritate
795 586 976 625 Tyndaridae
985 585 1086 617 fratres
1100 598 1105 616 :
1117 589 1169 628 qui

213 636 279 657 non
307 627 401 658 modo
420 630 569 669 adjutores
588 631 622 659 in
644 629 760 669 proeliis
778 628 914 659 vieioriae
932 629 1036 668 populi
1057 631 1097 659 R.
1119 629 1172 659 sed.

217 671 309 700 etiam
326 672 425 700 nuntii
441 669 529 700 fuiss'e
542 671 746 711 perhibentur.
769 669 870 710 Qiid?
893 673 960 702 Ino,
975 670 1083 700 Cadmi
1094 669 1166 705 filia,

213 720 316 742 nonne
333 713 506 743 Leucothea
522 715 680 743 nominata
699 712 714 742 Ξι
734 714 863 746 Cisseis,
885 714 1000 742 Matuta
1019 712 1167 743 habetura

212 752 345 783 nostris?
363 754 436 794 quid
453 757 463 783 ?
482 763 579 784 totum
590 754 683 794 prope
692 754 800 784 caelurn
813 774 821 787 ,
832 763 868 783 ne
881 755 993 793 plureis
1002 755 1165 795 persequar,

211 803 314 825 nonne
339 796 472 825 humano
491 806 598 837 genere
616 796 804 835 completum
826 794 889 825 est?
909 797 938 825 Si
956 794 1028 824 vero
1047 796 1165 826 scrutari

209 845 308 867 vetera
317 856 325 871 ‚
344 838 378 867 &
394 847 434 867 ex
456 839 502 867 his
512 847 545 867 ea
556 856 564 870 ,
583 847 648 877 quae
659 838 812 876 scriptores
822 838 946 866 Graeciae
956 836 1162 875 prodiderunt,

210 888 312 908 eruere
322 888 415 909 coner
427 889 431 907 ε
443 877 494 918 ipsi
506 879 552 907 illi
564 898 572 911 ,
585 879 734 913 maiorum
745 879 882 917 gentium
894 878 936 907 dii
945 879 996 918 qui
1005 878 1162 912 habentur,

209 921 282 950 hinc
297 920 312 950 a
325 920 413 950 nobis
423 918 549 959 profeEti
562 921 592 948 in
603 920 710 949 caelum
723 921 920 958 reperientur„
939 923 1044 961 Qgaere
1057 941 1066 953 ,
1084 930 1161 960 quo-

207 972 279 992 rum-
302 960 545 991 demonstrantur
573 960 705 1000 sepulcra
732 962 763 990 in
794 962 907 990 Graecia
932 971 936 989 ε
958 962 1160 996 reminiscere,

208 1004 375 1044 2quoniam
387 1004 561 1033 esinitiatus
572 1023 580 1036 ,
594 1013 659 1043 quae
669 1002 828 1036 tradantur,
842 1001 1010 1043 mysteriis:
1032 1012 1097 1033 tum
1109 1004 1161 1034 de-

205 1046 299 1085 nique
310 1063 318 1077 ‚
339 1043 427 1084 quam
440 1045 496 1074 ‘noc
507 1045 563 1074 late
574 1054 685 1084 pateat,
706 1045 866 1086 intelliges.
889 1045 946 1075 Sed
956 1047 1009 1086 qui
1019 1045 1159 1076 nondum

191 1086 256 1119 ea,
276 1096 341 1126 quae
359 1086 464 1115 multis
483 1085 549 1126 post
567 1096 652 1116 aunis
663 1085 944 1126 ti·a&aricoep'1ffent
956 1107 964 1120 ‚
984 1086 1100 1127 phyfica
1113 1088 1161 1118 di-

203 1125 359 1162 dicissent,
379 1137 496 1158 tantum
519 1127 571 1158 fibi
597 1129 811 1168 persuaserant,
831 1137 976 1169 quantum
997 1138 1100 1159 natura
1109 1129 1160 1160 ad-

204 1179 350 1199 monente
366 1179 585 1209 cognoverant:
608 1179 757 1203 rationes,
778 1169 918 1200 &causas
927 1180 1027 1200 rerum
1039 1180 1101 1201 non
1113 1180 1156 1201 te-

204 1211 333 1242 nebant:
352 1210 422 1241 visis
432 1211 610 1252 quibusdam
621 1212 693 1252 saepe
705 1211 921 1245 movebantur,
943 1212 1046 1252 'nisque
1059 1215 1158 1243 maxi-

203 1253 254 1282 me
267 1252 436 1286 nocturnis²
450 1262 481 1282 ut
490 1253 664 1284 viderentur
672 1256 705 1287 ii,
729 1255 760 1283 ui
772 1256 832 1283 vita
841 1251 1033 1287 excernant,
1045 1256 1157 1284 vivere.

202 1297 246 1324 Ut
264 1293 355 1333 porrb
376 1292 579 1326 firmiffimum
604 1297 662 1326 hoc
680 1306 694 1325 a
722 1297 777 1325 erri
798 1295 934 1328 videtur,
954 1305 1006 1325 cur
1016 1295 1088 1326 deos
1100 1295 1157 1327 effe

202 1335 359 1366 credamus
369 1355 376 1369 ‚
397 1335 479 1376 quod
491 1336 572 1366 nulla
580 1347 653 1378 gens
665 1346 724 1367 tam
736 1336 795 1366 fera
807 1357 815 1370 ‚
838 1346 932 1366 nemo
941 1339 1084 1367 omnium
1095 1347 1156 1369 tam

202 1376 237 1407 fit
246 1379 390 1407 immanis
399 1397 407 1410 ,
429 1379 513 1417 cujus
525 1387 659 1409 mentem
672 1389 734 1408 nou
748 1378 892 1408 imbuerit
900 1379 1026 1408 deorum
1037 1381 1155 1419 opinio.

203 1419 291 1449 multi
313 1418 349 1448 de
369 1418 426 1448 diis
446 1428 534 1458 prava
551 1421 692 1450 sentiunt.
717 1419 747 1449 id
765 1422 848 1448 enim
862 1420 970 1449 vitioso
981 1430 1067 1450 more
1077 1420 1156 1454 effici

202 1461 286 1491 solet.
305 1468 413 1489 omnes
423 1469 523 1490 tamen
533 1459 591 1490 effe
604 1461 714 1491 vim¹&
723 1469 856 1490 naturam
867 1461 1002 1491 divinam
1013 1461 1158 1493 arbitran-

200 1511 258 1532 tur.
279 1510 335 1531 nec
344 1500 416 1530 vero
427 1501 458 1530 id
477 1501 641 1532 collocutio
657 1503 820 1532 bominum
833 1522 841 1534 ‚
862 1504 1081 1533 autconsensus
1091 1503 1157 1534 effi-

195 1545 246 1573 cit:
259 1552 322 1572 non
333 1541 478 1572 institutis
488 1545 595 1582 opinio
604 1542 648 1574 est
656 1542 842 1576 confirmata,
854 1553 918 1572 non
928 1543 1051 1584 legibus.
1065 1546 1159 1575 Omni

198 1593 299 1614 autem
319 1585 352 1613 in
370 1593 400 1613 re
419 1583 574 1615 consensio
585 1586 728 1615 omnium
739 1586 876 1625 gentium
889 1604 898 1618 ,
920 1585 970 1614 lex
980 1594 1088 1616 naturae
1100 1596 1156 1625 pu-

198 1625 285 1656 tanda
305 1624 356 1655 est.
379 1627 447 1666 quis
465 1625 508 1656 est
524 1628 634 1667 igitur,
653 1630 706 1668 qui
732 1627 854 1657 suorum
873 1636 1004 1656 mortem
1017 1628 1154 1667 primurn

197 1676 263 1697 non
281 1666 318 1696 eb
339 1667 454 1708 lugeat,
474 1667 557 1709 quod
576 1679 628 1699 eos
637 1669 758 1700 orbatos
766 1669 835 1698 vitae
844 1668 1020 1699 commodis
1030 1669 1154 1700 arbitre-

195 1717 243 1739 tur
255 1713 265 1738 ἓ
289 1709 381 1738 Tolle
394 1710 470 1739 lianc
480 1712 661 1749 opinionem
674 1721 679 1740 ;
691 1709 809 1740 Ῑυᾶὶιιῐη
823 1709 984 1740 sustuleris.
995 1721 1069 1740 nemo
1079 1712 1153 1740 enim

195 1756 291 1779 moeret
303 1751 355 1790 suo
373 1751 549 1780 incommodo.
568 1751 673 1783 dolent
694 1749 832 1784 fortasse,
863 1751 896 1781 &
916 1761 1152 1792 angunturtsED

199 1801 284 1822 rLLA
300 1792 435 1832 lugubris
454 1793 632 1823 lamentatio
643 1814 653 1827 ,
678 1792 823 1833 fletusque
834 1802 960 1823 maerens
971 1813 980 1827 ,
998 1803 1036 1823 ex
1045 1804 1083 1824 eo
1096 1793 1148 1828 est,

193 1832 277 1874 quod
298 1844 366 1864 eum
380 1854 388 1866 ‚
407 1843 497 1875 quem
517 1835 700 1868 dileximus,
720 1836 791 1864 vitae
807 1834 981 1864 commodis
998 1837 1148 1874 privatum

943 131 1503 194 Qrfflsrr-ontrm
1586 135 1742 183 [ΑΒ.
1805 138 1840 184 Ι.

194 1875 370 1906 arbitramur
382 1896 391 1909 ,
411 1875 502 1916 idque
521 1877 638 1906 sentire.
662 1880 759 1917 Atque
768 1876 828 1906 haec
840 1877 879 1906 ita
888 1876 1034 1906 sentimus
1046 1886 1157 1907 naturar

131 1927 174 1960 14
193 1917 268 1947 duce
279 1937 288 1950 ,
311 1918 393 1947 nulla
407 1920 522 1948 ratione
537 1940 546 1952 ,
569 1918 711 1958 nullaque
721 1917 866 1948 doetrina.
890 1919 1064 1948 Maximum
1076 1918 1148 1948 verb

189 1960 400 2000 argumentum
419 1958 481 1993 est,
502 1967 636 1988 naturam
654 1960 744 2001 ipfiim
762 1959 794 1988 de
812 1960 1030 1989 immortalitate
1038 1961 1148 1990 animo·
1165 1987 1166 1990 ,

192 2011 256 2030 rum
267 2001 536 2040 tacitamjudicare‚
549 2005 561 2029 3
570 2001 652 2042 qubd
664 2002 808 2031 omnibus
817 2011 893 2031 curae
906 2001 971 2032 sunt
983 2021 992 2035 ‚
1004 2002 1037 2032 δε
1047 2004 1146 2032 maxi-

190 2042 242 2073 me
265 2042 406 2083 quidem,
426 2053 491 2083 quae
510 2043 576 2082 post
596 2052 728 2073 mortem
746 2042 919 2073 futurafint.
942 2042 1143 2078 Serirarbores,

190 2094 251 2126 qua
261 2085 345 2114 alteri
348 2084 442 2124 saeculo
449 2085 553 2126 prosint
562 2105 571 2118 ‚
580 2089 598 2112 4
606 2094 637 2115 ut
645 2087 685 2115 ait
694 2086 802 2116 statius
812 2087 845 2114 in
855 2085 1040 2125 Synephebis
1051 2096 1055 2114 z
1068 2086 1142 2126 quid

193 2125 348 2166 spel-stans,
369 2125 422 2155 nisi
441 2129 530 2157 etiam
553 2126 669 2167 postera
689 2127 783 2157 secula
793 2126 828 2157 ad
838 2127 1041 2166 sepertinere?
1064 2130 1142 2169 Ergo

186 2168 305 2198 arbores
314 2168 386 2198 seret
395 2167 523 2209 diligens
532 2169 670 2210 agricola,
682 2178 807 2210 quarum
817 2167 956 2208 adspiciet
967 2168 1068 2199 bacam
1081 2169 1142 2209 ipse

184 2211 355 2251 numquam
367 2220 372 2238 :
383 2212 453 2240 ἶνιν
465 2219 591 2251 magnus
602 2211 696 2252 leges,
709 2209 842 2241 instituta
851 2229 860 2243 ‚
870 2219 966 2250 remp.
977 2219 1041 2240 non
1053 2211 1140 2241 seret?

184 2252 266 2292 Qid
288 2253 455 2292 procreatio
473 2252 638 2283 liberorum
662 2273 670 2286 ,
701 2252 773 2293 quid
795 2255 965 2292 propagatio
988 2254 1137 2287 nominis,

181 2293 256 2334 quid
274 2293 451 2333 adoptiones
471 2291 604 2324 filiorum
617 2314 625 2329 ‚
645 2295 718 2336 quid
740 2293 985 2324 testamentorum
1005 2293 1136 2336 diligen-

183 2337 222 2364 tla
243 2355 252 2368 ,
285 2334 358 2376 quid
378 2336 439 2375 ipsa
458 2335 662 2375 sepulcrorum
684 2344 886 2366 monumenta
901 2355 909 2370 ,
942 2335 1016 2375 quid
1039 2337 1136 2378 elogia

180 2374 345 2417 fignificant
359 2396 368 2410 ,
388 2375 442 2406 nifi
463 2387 522 2406 nos
539 2377 637 2408 futura
659 2380 749 2408 etiam
768 2379 899 2418 cogitare
920 2380 930 2406 ?
949 2377 1030 2418 Qid
1048 2377 1136 2409 illud?

179 2427 256 2447 num
274 2417 390 2448 dubitas
402 2438 412 2451 ‚
438 2420 513 2459 quin
525 2419 659 2458 specimen
681 2427 787 2449 natura
804 2419 866 2460 capi
883 2419 1018 2453 deceatrex
1027 2421 1135 2460 optima

178 2469 291 2500 quaque
308 2468 411 2489 natura
423 2463 434 2489 ?
453 2471 520 2500 quae
538 2460 580 2491 est
592 2464 680 2503 igitur·
691 2461 798 2491 melior
809 2463 841 2490 iu
852 2461 1016 2491 hominum
1026 2471 1133 2502 genere

178 2510 279 2531 natura
291 2521 300 2534 ,
321 2502 412 2542 quam
432 2512 538 2532 eorum
550 2522 559 2537 ,
579 2504 670 2544 quise
682 2511 766 2534 natos
775 2502 1130 2542 adhominesjuvandos,

176 2542 329 2577 tutandos,
349 2543 567 2575 conservandos
586 2545 781 2576 arbitrantur?
802 2544 876 2575 abiit
886 2543 922 2575 ad
930 2544 1002 2575 deos
1014 2547 1130 2576 Hercu-

209 2675 232 2693 1.
252 2671 312 2694 Hinc
325 2670 395 2693 Liber
404 2671 467 2693 Dcm
479 2687 487 2699 ‚
495 2666 604 2700 Semelen]
625 2666 668 2692 sic
678 2665 813 2694 Vic‘wrius
824 2665 908 2694 edidit
919 2684 927 2697 ‚
939 2673 986 2701 pro
995 2675 1049 2701 quo
1059 2667 1127 2698 shut

169 2706 210 2738 pr.
220 2702 269 2730 sec.
286 2705 373 2739 quint.
386 2703 454 2729 Pall.
466 2703 574 2738 vulgata
583 2702 706 2728 omiserat
715 2705 790 2728 Dem.

204 2746 232 2765 2.
250 2740 366 2772 Qoniam
375 2749 398 2765 es
408 2742 533 2771 initiatur,
542 2748 591 2772 quae
599 2738 731 2763 tradantur
742 2758 749 2770 ‚
762 2739 894 2773 mysteriis]
916 2738 998 2765 Liber
1009 2739 1124 2766 Pithaea-

167 2781 215 2800 nus
224 2777 331 2810 mysticis,
341 2776 373 2801 de
385 2785 438 2810 quo
446 2774 645 2810 disquirendum
657 2774 711 2806 sibi,
723 2774 889 2801 Gulielmius
898 2782 1044 2802 notaverat.

206 2817 232 2844 3.
250 2812 318 2845 de
325 2814 430 2838 omnibus
440 2821 498 2836 curae
509 2812 569 2844 firm
583 2830 590 2841 ‚
604 2811 632 2841 εἴ]
641 2811 742 2836 maxime}
761 2811 879 2845 quiderm]
901 2811 927 2837 Si
939 2820 979 2837 res
990 2811 1041 2837 mei
1052 2810 1123 2838 arbi-

169 2844 404 2879 triiforct,totuin
425 2848 494 2874 hunc
503 2847 670 2882 complexum
690 2847 817 2873 orationis
836 2855 870 2873 ex
889 2846 1002 2873 lecuiido
1012 2847 1066 2874 Pal.
1080 2856 1122 2873 rc-
1140 2867 1142 2872 .

168 2880 307 2915 fingerem.
327 2887 463 2911 Maximum
471 2884 528 2908 verb
539 2889 700 2915 argumentum
710 2885 745 2908 eft*
755 2902 763 2913 ‚
783 2891 898 2908 naturam
910 2884 984 2917 ithm
992 2883 1019 2908 de
1027 2887 1121 2909 immor-

167 2917 263 2942 talitate
273 2921 402 2945 animorum
410 2922 511 2945 racitam
514 2920 626 2954 judicare
635 2919 696 2953 quod
703 2921 807 2944 omnibus
817 2928 875 2945 curae
888 2921 945 2952 Junt
955 2928 1031 2945 eorum
1040 2922 1119 2946 maxi-

166 2952 201 2976 me
210 2953 310 2986 quidem,
320 2957 425 2988 quaepof?
434 2956 685 2989 mortemfuturafint.
705 2964 763 2991 qua:
772 2964 817 2991 per
828 2956 852 2982 se
864 2954 1036 2990 liquidiffima
1048 2954 1117 2988 i'uut,

165 2985 209 3014 sed
220 2987 291 3016 idem
301 2989 395 3017 Codex
407 3000 454 3027 pro
458 2992 529 3025 sunt,
533 2993 565 3025 fit
575 2991 695 3017 exbibet.

199 3030 227 3056 4.
248 3027 277 3049 Ut
286 3027 621 3061 aitstmi'usr'nqmephchix]
645 3027 711 3053 Pali.
722 3034 835 3062 quatuor
848 3037 854 3054 :
875 3027 903 3053 &
915 3027 1008 3054 Pithaei
1027 3036 1118 3054 omncs

162 3058 232 3086 clare
242 3058 273 3086 ad
284 3061 389 3088 oculum
403 3081 411 3093 ‚
421 3065 524 3089 Ennius.
544 3065 665 3090 ceterum
676 3063 770 3100 optimi
780 3062 834 3089 duo
844 3062 903 3089 libri
916 3064 972 3090 Pal.
982 3071 1070 3100 quart.
1091 3065 1119 3089 &

159 3094 240 3122 Fabi.
261 3097 371 3124 omnino
391 3097 523 3124 abd-icant.
543 3099 571 3124 &
589 3098 693 3127 videtur
712 3099 890 3134 ejiciendiim3
912 3100 991 3126 modo
1011 3108 1117 3126 revoces

153 3132 365 3194 ffigvmbfflum
383 3134 420 3162 lue
438 3133 557 3163 aut-tale
575 3135 657 3171 quid:
679 3143 727 3166 aut
745 3135 845 3165 referas
864 3135 896 3164 ad
915 3135 1024 3173 &quens
1044 3139 1117 3171 Agri-

179 3199 182 3203 '
205 3186 217 3197 Ο

2050 156 2180 206 1055*

1220 210 1273 241 les.
1296 222 1464 254 numquam
1486 212 1602 246 abiifl'et
1619 235 1628 249 ,
1649 214 1703 247 nifi
1716 236 1724 250 ‚
1744 215 1814 248 curn
1834 218 1913 248 inter
1930 217 2073 250 homines
2091 219 2184 251 esset’·

1218 263 1284 284 carn
1305 253 1359 285 fibi
1378 258 1458 286 viam
1480 256 1667 288 munivisset.
1692 261 1798 290 Vetera
1816 259 1875 297 jam
1896 258 1968 294 ista,
1988 260 2175 303 &religione
2196 273 2237 305 15

1219 297 1362 326 omniurn
1374 298 1549 329 consecrata.
1573 299 1654 342 Qid
1667 302 1698 330 in
1713 301 1834 340 hacrep.
1849 310 1892 332 tot
1904 321 1912 336 ‚
1925 305 2080 344 tantosque
2092 306 2175 335 viros

1221 336 1260 366 ob
1278 347 1373 378 remp.
1393 339 1585 375 interfectos,
1605 340 1744 382 cogitass‘e
1763 343 1960 374 arbitramur?
1977 345 2126 376 iisdemne
2142 354 2179 378 ut·

1215 376 1326 408 finibus
1343 390 1458 411 nomen
1470 382 1556 412 suum
1568 402 1575 416 ‚
1599 383 1708 424 quibus
1719 387 1779 414 vita
1791 405 1799 417 ,
1812 388 2043 416 terminaretur?
2066 389 2172 418 NEMO

1216 429 1354 460 umquam
1367 421 1425 461 fine
1446 433 1550 463 magna
1563 424 1606 462 spe
1624 427 1848 455 immortalitatis
1862 428 2049 469 seproparrm
2061 441 2081 469 oJ
2099 438 2170 459 erret

1214 461 1385 491 admortem.
1409 464 1493 494 licuit
1512 464 1569 495 effe
1588 467 1686 497 otioso
1705 467 1906 499 Themistocli
1921 488 1929 500 ‚
1951 471 2035 499 licuit
2048 473 2170 511 Epami-

1213 503 1322 533 nondae
1336 523 1343 536 ‚
1362 504 1466 538 licuit,
1487 516 1524 536 ne
1543 507 1575 537 &
1595 517 1692 539 vetera
1703 528 1711 542 ,
1727 509 1760 539 δε
1771 518 1894 540 externa
1904 520 2032 551 quaeram
2048 531 2056 545 ,
2078 514 2167 543 mihi·

1213 543 1260 574 sed
1283 545 1368 583 nescio
1398 548 1531 586 quomodo
1559 550 1668 578 inhaeret
1694 561 1723 578 m
1746 549 1884 580 mentibus
1906 552 1990 592 quast
2010 554 2171 589 fierril'omm

1209 585 1348 625 quoddam
1365 591 1520 627 augurium
1538 590 1728 629 futurorum5
1751 594 1872 633 idquem
1886 603 2159 633 maxrmtsznzenm,

1206 627 1403 668 ar'tzffi'mzfijue
1417 639 1516 659 ammu
1535 632 1569 663 (φ
1580 631 1682 672 exsistit
1689 635 1814 662 maxime
1824 653 1833 667 ‚
1852 635 1886 667 (y
1895 628 2163 677 apparetsaefillimc‘.

1208 678 1269 709 quo
1287 673 1410 709 quidem
1421 671 1525 702 demto
1537 693 1545 705 ,
1568 677 1635 713 quis
1646 684 1705 704 tarn
1717 674 1786 706 effe-t
1796 686 1901 706 amens
1915 697 1923 709 ,
1944 680 1996 717 qui
2007 678 2121 718 semper
2131 682 2165 709 in

1207 710 1380 744 laboribus,
1404 712 1438 742 ὃς
1453 714 1593 752 periculis
1616 717 1749 746 viveret?
1773 718 1881 758 loquor
1902 718 1939 749 de
1961 720 2158 760 principibus.

1204 752 1278 791 quid
1288 754 1383 792 poeta:
1396 756 1407 782 ?
1432 764 1535 785 nonne
1545 755 1611 796 post
1623 766 1753 788 mortem
1764 760 1918 790 nobilitari
1930 761 2039 792 volunt
2054 764 2064 791 ?
2082 762 2163 792 unde

1204 794 1380 835 ergoillud?

1244 836 1396 874 „Adspicite
1412 835 1425 865 ὃ
1445 837 1519 867 cives
1531 839 1601 878 senis
1620 840 1706 869 Ennii
1724 841 1855 881 imagini’
1874 843 2010 882 formam.

1264 876 1280 897 ⁶
1289 879 1346 906 Hic
1355 878 1475 914 vestram
1483 882 1581 920 pinxit
1590 883 1720 911 maxima
1722 882 1808 921 fasta
1813 892 1865 924 par
1871 895 1943 913 rum.

1203 919 1376 950 Mercedem
1395 921 1498 961 gloriae
1518 921 1626 963 flagitat
1645 923 1681 954 ab
1700 925 1758 959 iis,
1777 935 1908 966 quorum
1918 937 2014 967 patres
2025 927 2161 961 affecerat

1201 962 1298 1002 gloria
1314 982 1323 994 ,
1344 962 1504 1003 idemque,.

1242 1005 1332 1032 Nemo
1342 1014 1385 1032 mc
1403 1004 1526 1046 lacryma
1543 1006 1651 1035 decoret
1663 1027 1671 1040 ,
1695 1018 1742 1037 nec
1753 1007 1859 1046 ‚funera
1872 1009 1952 1046 fletu

1265 1047 1362 1074 faxit.
1383 1050 1454 1076 cur?
1473 1047 1561 1076 volito
1581 1050 1667 1077 vivu’
1685 1058 1733 1090 per
1750 1061 1797 1079 ora
1815 1050 1923 1081 viriam.

1198 1086 1254 1117 Sed
1273 1087 1344 1128 quid
1364 1089 1487 1128 poetas?
1509 1088 1632 1128 opifices
1650 1090 1717 1130 post
1734 1101 1863 1123 mortem
1877 1094 2030 1125 nobilitari
2039 1097 2158 1127 volunt,

1199 1129 1273 1169 quid
1292 1131 1375 1159 enim
1396 1130 1514 1161 Phidias
1533 1131 1577 1161 sui
1595 1131 1724 1163 similem
1736 1134 1862 1174 speciem
1874 1135 2033 1167 inclufitin
2048 1139 2156 1178 clvpeo

1199 1172 1346 1201 Minervae
1366 1191 1375 1205 ‚
1404 1171 1476 1202 esim
1505 1173 1665 1203 inscribere
1692 1184 1765 1205 non·
1785 1176 1885 1208 liceret
1908 1181 1918 1203 ἓ
1951 1178 2032 1216 Quid
2063 1173 2165 1210 nostri-

1198 1212 1395 1252 philosophi?
1419 1224 1524 1244 nonne
1542 1216 1575 1244 in
1596 1216 1643 1245 his
1660 1214 1727 1256 ipfis
1747 1217 1834 1248 libris
1847 1238 1856 1252 ‚
1879 1229 1956 1259 quos
1976 1220 2107 1251 scribunt
2119 1221 2157 1251 de

1200 1254 1423 1285 contemnenda
1440 1256 1534 1295 gloria
1554 1275 1563 1290 ‚
1589 1257 1637 1286 sua
1654 1260 1781 1289 nomina
1805 1260 1971 1291 inscribunt
1990 1264 2000 1289 ?
2023 1262 2114 1302 Qod
2136 1261 2162 1293 si·

1200 1297 1325 1325 omnium
1335 1297 1484 1336 consensus,
1497 1305 1601 1327 naturae
1611 1309 1667 1328 vox
1677 1299 1720 1329 ef}
1729 1311 1739 1327 ,·
1761 1302 1926 1343 omnesque
1939 1322 1947 1336 ,
1969 1305 2021 1344 qui
2041 1304 2166 1345 ubique·

1198 1337 1217 1367 s
1213 1347 1266 1367 unt
1277 1358 1289 1371 ,⁴
1297 1339 1491 1370 consentiunt
1499 1338 1556 1370 effe
1565 1340 1678 1381 aliquid
1689 1361 1698 1375 ,
1712 1347 1728 1370 7
1739 1342 1820 1383 quod
1830 1343 1864 1373 ad
1876 1353 1926 1374 eos
1935 1347 2089 1384 pertineat,
2101 1347 2157 1386 qui.

1198 1379 1404 1411 vitacefferint
1420 1392 1426 1410 ;
1449 1381 1540 1412 nobis
1549 1392 1671 1423 quoque
1688 1383 1769 1414 idem
1783 1384 2019 1416 existimandum
2030 1386 2081 1417 est.
2106 1387 2152 1421 δί,

1199 1420 1229 1454 fi,
1241 1431 1370 1462 quorum
1382 1432 1432 1453 aut
1441 1424 1565 1463 ingenio
1576 1443 1584 1456 ‚
1597 1433 1645 1454 aut
1655 1426 1763 1456 virtute
1774 1429 1893 1457 animus
1901 1428 2032 1461 excellit,
2043 1438 2095 1458 eos
2107 1438 2156 1459 ar·-

1197 1462 1358 1497 bitramur‚
1380 1466 1447 1504 quia
1470 1474 1571 1495 natura
1585 1467 1698 1505 optima
1716 1466 1801 1501 ffint,
1820 1478 1940 1498 cernere
1960 1478 2069 1500 naturae
2086 1472 2159 1501 vim

1197 1505 1333 1534 maxime
1354 1515 1359 1533 :
1392 1504 1555 1536 verisimile
1571 1506 1613 1537 est
1635 1527 1643 1540 ‚
1666 1507 1733 1537 cam
1751 1510 1872 1549 nptimur
1888 1511 2007 1551 quifiJue
2028 1510 2162 1541 maxim&

1192 1544 1349 1586 posteritati
1352 1547 1473 1585 serviat,
1485 1546 1542 1576 ess'e
1550 1548 1674 1588 aliquid,
1684 1550 1731 1588 cuj
1737 1559 1770 1579 us
1781 1552 1806 1579 is
1814 1550 1880 1590 post
1890 1560 2021 1581 mortem
2031 1552 2152 1582 sensum

1197 1585 1230 1616 sit
1241 1587 1406 1617 habiturus.
1428 1590 1492 1618 SED
1513 1598 1557 1618 nr
1580 1599 1658 1619 neos
1679 1589 1736 1620 ess'e
1758 1600 1859 1621 natura
1879 1593 2060 1631 opinamur,
2079 1603 2152 1633 qua-
2173 1598 2216 1632 15

1197 1628 1297 1668 lesque
1307 1626 1362 1658 sint
1378 1648 1386 1662 ,
1408 1631 1523 1659 ratione
1543 1631 1770 1670 cognoscimus:
1793 1631 1832 1662 sic
1848 1642 2020 1672 permanere
2031 1635 2154 1666 animos

1193 1669 1370 1700 arbitramur
1379 1671 1526 1701 consensu
1536 1674 1696 1702 nationum
1716 1675 1859 1704 omnium
1871 1685 1876 1703 ;
1899 1676 1997 1715 quain
2007 1675 2075 1705 sede
2086 1685 2152 1708 ma-

1193 1720 1295 1745 neant,
1311 1712 1470 1753 qualesque
1482 1711 1539 1743 fint
1548 1733 1563 1747 ,ν
1577 1715 1692 1745 ratione
1702 1715 1880 1746 discendum
1892 1715 1943 1746 est.
1967 1719 2153 1758 cujusi'gno-

1193 1755 1269 1783 ratio
1280 1752 1371 1784 finxit
1380 1755 1507 1789 inferos,
1517 1755 1620 1796 easque
1629 1756 1810 1787 formidines
1823 1777 1831 1791 ‚
1842 1767 1914 1798 quas
1925 1767 1957 1788 tu
1971 1768 2159 1790 contemne--

1192 1805 1222 1824 re
1231 1805 1295 1824 non
1305 1793 1365 1825 sine
1374 1797 1458 1826 causa
1466 1797 1613 1827 videbare.
1637 1800 1669 1827 in
1681 1807 1785 1828 terram
1798 1802 1881 1828 enim
1890 1799 2064 1830 cadentibus
2082 1811 2151 1831 cor-

1190 1837 1324 1875 poribuS‚
1337 1837 1441 1877 hisque
1453 1838 1550 1868 humo
1560 1838 1657 1872 ῑεᾶἰε,
1668 1840 1685 1869 ὲ
1697 1850 1758 1880 quo
1769 1839 1885 1870 disturn
1896 1840 1938 1871 est
1948 1841 2061 1870 humari
2072 1862 2081 1876 ‚
2094 1842 2152 1874 sub.

1190 1887 1265 1908 terra
1275 1878 1433 1909 censebant
1442 1880 1586 1920 reliquam
1598 1882 1692 1911 vitam
1706 1882 1750 1921 agi
1766 1891 1969 1913 mortuorum.
1993 1893 2082 1924 quarn
2093 1894 2153 1914 eoa<

1188 1928 1255 1948 rum
1269 1921 1449 1958 opinionem
1460 1923 1561 1961 magni
1571 1931 1684 1951 errores
1700 1923 1852 1954 consecuti
1861 1924 1945 1954 sunt:
1966 1934 2044 1965 quos
2053 1935 2146 1956 auxe-

1189 1969 1261 1990 runt
1271 1961 1375 2000 poe'tae.
1398 1960 1539 2002 frequens
1550 1965 1634 1993 enim
1655 1963 1805 1994 consefl'us
1815 1965 1921 1995 theatri
1932 1986 1940 1999 ‚
1962 1968 1996 1996 in
2005 1976 2066 2007 quo
2076 1967 2145 1998 sunt

1188 2002 1397 2037 mulierculae,
1422 2003 1460 2034 ·&
1488 2006 1574 2044 pueri
1589 2024 1597 2038 ,
1632 2014 1773 2036 movetur
1793 2007 1920 2037 audiens
1944 2016 2003 2038 tam
2034 2009 2145 2048 grande

1185 2053 1322 2075 carmen:

1278 2085 1408 2127 Adsum,
1418 2094 1506 2128 arque
1513 2087 1629 2117 advenio
1639 2089 1801 2119 „Acheronte
1813 2109 1821 2124 ,
1840 2085 1860 2109 5¹
1868 2090 1934 2124 vix,
1946 2092 1998 2120 via.
2007 2091 2080 2125 alra,
2090 2099 2142 2122 at-

1392 2139 1446 2170 que
1457 2129 1556 2163 ardua,

1276 2170 1470 2210 Perspelunccu
1476 2169 1676 2210 fhxbsstrussas
1684 2172 1784 2212 asperti2
1792 2173 1986 2213 pendentibus,

1273 2213 1413 2241 Maximis
1424 2223 1436 2240 :
1458 2212 1507 2242 ubi*
1517 2213 1610 2253 rigida
1620 2213 1723 2250 constat
1732 2214 1819 2252 craffi'z
1830 2222 1917 2256 caligo
1928 2216 2058 2255 infersam.

1179 2260 1357 2294 tantumque
1367 2255 1460 2284 valuit
1469 2264 1567 2289 error,
1589 2257 1639 2296 qui
1651 2257 1728 2286 mihi
1739 2257 1861 2296 quidem
1871 2260 1935 2297 jam
1949 2259 2078 2289 sublatus
2090 2262 2140 2288 vim

1179 2294 1278 2328 detur,
1290 2305 1332 2329 ut,
1345 2306 1468 2336 corpora
1479 2305 1606 2327 cremata
1614 2297 1687 2328 cum
1698 2298 1817 2332 scirent,
1828 2308 1929 2329 tamen
1941 2310 1975 2330 ea
1984 2299 2045 2330 fieri
2056 2302 2134 2340 apud

1177 2336 1289 2367 inferos
1302 2336 1459 2379 fingerent,
1469 2347 1536 2378 quae
1546 2336 1605 2369 fine
1616 2339 1790 2380 corporibus
1801 2350 1856 2370 nec
1867 2339 1931 2371 fieri
1941 2340 2069 2381 possent,
2081 2353 2137 2373 nec

1176 2379 1316 2420 intelligi.
1341 2381 1448 2409 animos
1470 2381 1542 2409 enim
1565 2388 1613 2421 per
1635 2381 1666 2420 se
1685 2381 1753 2422 ipj'os
1771 2383 1907 2411 viventem
1934 2394 1985 2412 non
2009 2391 2146 2424 poterant.

1177 2428 1267 2450 mente
1276 2421 1418 2463 complesti
1426 2432 1438 2449 :
1452 2421 1583 2453 formam
1592 2423 1725 2463 aliquam
1738 2443 1746 2456 ,
1757 2422 1942 2465 figuramque
1951 2425 2134 2465 quaerebant.

1177 2463 1248 2492 inde
1270 2465 1398 2494 Homeri
1418 2472 1479 2493 tota
1499 2466 1593 2493 νεκυίας
1619 2465 1689 2494 inde
1712 2475 1745 2494 ea
1768 2485 1776 2498 ‚
1806 2475 1896 2505 quam
1915 2476 2002 2496 meus
2019 2469 2134 2498 amicus

1176 2506 1291 2544 Appius
1302 2508 1459 2540 νεκξομκντίκ
1469 2504 1594 2536 faciebat
1606 2517 1611 2535 z
1634 2506 1704 2536 inde
1724 2509 1758 2537 iri
1777 2510 1888 2538 vicinia
1906 2507 2005 2539 nostra
2019 2511 2132 2540 Averni

1175 2546 1256 2576 lacus
1265 2565 1273 2580 ‚

2049 2591 2131 2622 'Unde

1208 2676 1234 2701 5.
1255 2671 1298 2694 VIr
1307 2678 1404 2701 magmu-
1413 2671 1469 2702 leges
1483 2688 1490 2700 ‚
1509 2670 1617 2701 inffi'tuta
1629 2687 1636 2699 ‚
1655 2672 1733 2701 Remp.
1745 2678 1789 2694 non
1800 2669 1864 2701 ses-et
1877 2673 1887 2693 ἒ
1907 2667 2079 2695 Retinuiinus
2090 2666 2139 2695 le...

1168 2703 1286 2730 &ionem
1298 2704 1421 2731 Lambini
1435 2724 1442 2736 ,
1464 2714 1540 2740 quain
1555 2712 1606 2730 tres
1619 2704 1685 2730 vall.
1698 2704 1875 2735 confirmant3
1895 2703 1997 2730 accedit
2006 2704 2129 2740 quintus,

1167 2741 1213 2776 qui
1225 2740 1311 2766 habet.
1323 2743 1388 2773 Reip.
1401 2742 1520 2773 nonsmr.
1542 2740 1636 2774 vulgi),
1648 2742 1770 2772 Instirura,
1781 2744 1861 2772 Ramp.
1873 2740 1980 2773 confit-er.

1203 2777 1230 2802 6.
1251 2780 1295 2802 Hic
1305 2776 1409 2809 nemrim
1418 2780 1497 2809 pinxit
1506 2785 1612 2801 maxima
1624 2779 1697 2810 saffra
1712 2777 1838 2810 patrima]
1859 2777 1901 2802 lta
1914 2776 2012 2811 legitur
2022 2776 2050 2803 iii
2061 2785 2137 2811 qna-A

1167 2819 1229 2839 tuor
1240 2813 1308 2838 Pali.
1320 2813 1341 2837 U
1350 2812 1425 2838 lrich.
1437 2813 1545 2848 quintus
1556 2819 1661 2838 tantuin
1673 2812 1781 2847 antiqua
1792 2812 1920 2848 striptum
1928 2812 2023 2846 pinfitfi
2040 2821 2088 2847 pro
2096 2822 2126 2838 x.

1165 2856 1195 2875 ut
1207 2849 1233 2874 &
1246 2848 1309 2875 Fib.
1321 2848 1393 2875 l'itb.
1410 2851 1508 2882 ‘Pingsre
1517 2848 1552 2874 est
1563 2848 1708 2874 Poetarum
1726 2851 1849 2876 vomam
1860 2867 1868 2881 ,
1887 2850 2020 2876 SiuSzMew.
2039 2847 2125 2884 vulgi)

1163 2888 1261 2918 panxit.
2103 2899 2106 2903 ‹

1201 2929 1227 2955 7,
1246 2921 1314 2953 §gaad
1322 2922 1355 2947 ad
1362 2929 1397 2946 eor
1414 2923 1534 2953 pertineat
1543 2929 1593 2945 cum
1602 2919 1659 2945 'vim'
1668 2919 1798 2954 ceff‘erinn]
1821 2920 1900 2947 Hanc
1919 2918 2062 2946 leffionem
2075 2929 2126 2946 no-

1164 2955 1202 2982 bis
1213 2962 1315 2993 proeitat
1326 2957 1442 2992 quinque
1454 2956 1521 2982 Pali.
1543 2954 1704 2986 concordia3
1723 2957 1751 2982 &
1763 2956 1825 2982 Fab.
1837 2956 1910 2982 i'ith.
1929 2956 1965 2983 est
1986 2957 2048 2982 vero
2068 2955 2140 2981 vird*

1163 2993 1260 3024 cedere,
1280 3000 1309 3020 ιιι
1327 2993 1389 3018 honis
1400 2993 1478 3018 cedere
1493 3001 1523 3019 :ic
1533 2991 1638 3019 fimiiia.
1661 2992 1742 3028 vulgo
1755 3011 1764 3024 ,
1783 2992 1855 3018 clim&
1874 2995 1930 3018 *vita
1948 2993 2069 3025 affl-runt.
2087 3000 2138 3019 ex.

1185 3028 1262 3056 lossii.

1163 3037 1182 3063 g
1198 3065 1225 3091 8.
1244 3066 1301 3096 Vix,
1311 3065 1357 3090 via'
1366 3063 1429 3096 alui,
1440 3071 1511 3097 arque
1519 3064 1623 3098 amiud]
1644 3063 1722 3090 Nihil
1735 3070 1841 3091 mutant
1860 3073 1952 3090 omnes
1965 3063 2021 3090 mss.
2034 3065 2126 3100 Qr·

1161 3106 1202 3126 tiis
1215 3110 1222 3130 ·,
1243 3100 1288 3127 Via*
1297 3100 1350 3126 alra*
1359 3108 1429 3134 atque
1439 3100 1519 3126 ardud
1528 3119 1536 3132 ‚
1556 3100 1602 3126 vsa*
1611 3099 1663 3126 alid
1679 3107 1750 3134 arque
1760 3100 1828 3132 alia'‚·
1849 3108 1877 3126 ut
1889 3107 2011 3136 appareat
2031 3100 2121 3127 locum

1161 3136 1237 3162 valde
1245 3135 1372 3162 affectum
1382 3136 1423 3162 scu
1434 3143 1586 3172 corruptum
1598 3136 1649 3163 cll'e
1660 3155 1668 3168 ,
1688 3137 1731 3163 cui
1741 3145 1774 3162 ex
1785 3136 1942 3170 coiijcfitura
1952 3135 2054 3173 inedie-ii
2065 3135 2137 3160 iiico*

1158 3172 1282 3201 currebat
1293 3172 1469 3206 Gulielmius,
1479 3181 1527 3209 pro
1536 3175 1583 3201 vix
1592 3172 1638 3200 viti
1646 3171 1786 3203 uiolando
1795 3173 1866 3200 inviti
1875 3172 1930 3201 φιλ.
2085 3206 2125 3233 Im

2040 3215 2049 3230 Ὶ
2060 3225 2064 3230 .
2073 3217 2087 3231 l
2136 3216 2142 3227 5
