2297 3389
2 79 23 114 ‘1⁶

2 118 17 141 ς.

0 148 75 215 ’.μ

534 162 1736 213 ORArroPRoAchtAPOETA.
2021 175 2122 224 445¹

157 248 234 280 bent
244 247 395 291 quoddam
406 256 545 276 commune
554 245 704 275 vinculum
714 266 722 279 ,
738 245 773 278 ὼ
782 245 865 288 quast
873 246 1033 287 cognatione
1042 255 1113 286 qua—

122 307 142 334 2
163 291 232 322 dam
244 290 356 321 interse
366 289 570 320 continentur.
594 287 649 318 Sed
667 289 755 318 necui
773 287 906 318 vestrum
924 290 1039 318 mirum
1057 286 1114 316 effe

159 333 310 365 videatur,
324 332 414 360 mein
425 329 590 369 quaestione
601 329 734 369 legitima
745 350 752 363 ,
766 330 966 369 &injudicio
977 328 1110 368 publico,

159 373 231 405 curn
243 383 288 404 res
297 381 394 414 agatur
401 371 478 410 apud
487 380 645 411 praetorem
657 372 761 411 populi
772 373 907 402 Romani
917 368 1111 400 lefflffimum

161 418 261 446 virum
273 435 281 447 ,
301 415 334 443 &
345 413 421 453 apud
432 411 752 453 severiffirnosjudices
763 433 771 447 ‚
791 422 874 444 tanto
889 420 1042 442 conventu
1056 412 1114 440 iio-

160 459 281 487 minum
294 475 302 489 ,
321 464 353 485 ac
362 453 528 495 frequentia
538 474 546 488 ‚
562 455 619 485 hoc
628 456 671 485 uti
679 465 787 496 genere
796 454 934 488 dicendi,
954 453 1035 494 quod
1046 462 1110 482 non

159 496 699 536 modo&eonsuetudinejudiciorum
711 517 719 530 ‚
740 506 846 526 verum
862 498 951 526 etiam
968 497 984 525 a
999 492 1109 524 forensi

157 540 294 570 sermone
311 538 481 568 abhorreat:
501 539 600 579 quaeso
618 538 633 568 a
645 539 735 568 vobis
747 558 755 572 ‚
776 547 808 568 ut
822 540 854 567 in
867 539 920 567 'nac
932 537 1016 567 causa
1029 536 1108 566 mihi

154 580 231 610 detis
249 581 324 609 hanc
345 581 465 609 veniam
486 599 495 613 ,
523 580 782 611 accommodatam
802 581 873 610 huic
892 589 942 609 teo
965 599 974 612 ,
1007 578 1108 610 vobis,

153 621 411 662 quemadmodum
423 622 506 662 spero
517 641 525 655 ‚
548 632 610 652 non
623 621 780 652 molestam
794 632 800 651 :
820 630 852 651 ut
863 631 910 650 me
920 631 975 660 pro
988 620 1108 649 summo

153 665 261 703 poeta,
278 673 364 703 atque
384 662 582 694 eruditiilimo
602 666 748 698 homine,
766 663 938 694 dicentem,
957 662 1015 691 hoc
1033 670 1109 690 con-

152 706 241 735 cursu
252 706 416 735 hominum
426 705 707 736 litteratill'imorurn
720 726 729 739 ,
744 706 796 734 hac
806 702 900 733 vestra
911 703 1107 734 humanitate,

152 747 212 777 hoc
222 747 352 787 denique
361 757 486 787 praetore
496 747 809 786 exercentejudicinm
820 764 828 778 ,
838 745 996 783 patiamini
1005 743 1108 779 destu-

151 787 202 817 diis
211 789 412 822 humanitatu,
428 800 460 819 ac
468 789 632 819 litterarum
644 807 653 821 ‚
667 787 768 827 paullo
778 787 860 826 loqui
872 785 996 815 liberius
1009 796 1014 814 :
1030 785 1107 815 &in

151 830 302 869 ejusmodi
313 832 436 869 persona
447 851 455 864 ,
472 840 537 871 quae
546 839 665 871 propter
673 830 773 858 otium
785 848 792 861 ,
803 837 836 858 ac
846 826 977 857 studium
989 847 997 861 ,
1013 829 1108 857 mini-

153 873 204 901 me
216 872 382 912 injudiciis
394 892 402 906 ‚
417 871 615 911 periculisque
633 869 751 901 trablata
769 868 811 899 est
823 889 831 902 ‚
851 871 896 899 uti
912 869 1004 909 prope
1022 879 1106 899 novo

150 914 284 955 quodam
292 934 301 948 ‚
312 914 344 943 ξε
353 913 489 943 inusitato
498 922 606 953 genere
615 911 748 942 dicendi.
771 911 862 952 Qod
874 910 894 940 fi
905 913 984 940 mihi
994 911 1010 941 a
1018 911 1106 941 vobis

149 956 238 986 tribui
252 976 260 989 ‚
280 955 463 995 concedique
476 955 620 984 sentiam:
639 952 791 994 perficiam
806 952 943 993 Ρῐοῑεὲὶὸ
954 973 962 986 ,
984 962 1013 983 ut
1026 953 1106 982 hunc

149 1001 186 1027 A.
197 999 350 1027 Licinium
367 1006 432 1025 non
447 995 543 1026 modo
558 1006 622 1025 non
639 995 853 1036 segregandum
864 1015 872 1028 ,
892 994 965 1024 cum
976 993 1104 1028 fitcivis,

150 1038 166 1068 a
175 1048 304 1068 numero
314 1040 430 1068 civium
444 1048 449 1067 1
465 1037 572 1067 verum
583 1039 672 1067 etiam
684 1057 691 1071 ,
707 1036 728 1066 si
738 1047 800 1067 non
811 1035 882 1067 esset
891 1057 900 1070 ‚
914 1039 1024 1076 putetis
1032 1037 1106 1076 afti-

112 1089 126 1123 3
143 1079 376 1120 ftendumfuiſje.
401 1082 481 1110 Nam
494 1089 524 1109 ut
535 1078 671 1119 primum
682 1089 719 1109 ex
729 1080 829 1119 pueris
838 1077 959 1109 exceffit
970 1079 1104 1111 Archias,

146 1131 233 1162 atque
250 1122 286 1152 ab
303 1124 339 1151 iis
358 1121 470 1151 artibus
480 1141 487 1154 ‚
506 1121 618 1162 quibus
628 1130 695 1151 aetas
707 1121 829 1160 puerilis
839 1121 873 1150 ad
885 1122 1105 1150 humanitatem

145 1163 305 1194 informari
314 1164 391 1193 solet
401 1183 409 1197 ,
421 1164 448 1193 se
459 1163 494 1193 ad
504 1163 653 1193 scribendi
664 1162 796 1193 studium
807 1163 953 1193 contulit:
967 1161 1103 1202 primum

144 1207 316 1236 Antiochi-ae
329 1207 411 1244 (narn
426 1205 468 1235 ibi
480 1204 635 1238 natusest,
659 1205 726 1234 loco
744 1204 861 1237 nobili,
884 1204 993 1234 celebri
1007 1214 1105 1245 quon-

145 1247 216 1278 dam
226 1248 297 1277 urbe
308 1267 316 1281 ,
339 1247 370 1277 ὅ(
380 1247 498 1286 copiosa
509 1266 517 1281 ,
532 1255 621 1287 atque
632 1244 839 1276 eruditiffimis
849 1246 1029 1276 hominibus
1039 1266 1047 1280 ,
1068 1247 1103 1275 li—

144 1288 393 1329 beralissimisque
402 1289 506 1319 studiis
517 1288 664 1328 affluenti)
672 1288 806 1318 celeriter
815 1288 990 1319 antecellere
1001 1289 1105 1317 omni-

147 1331 203 1362 bus
213 1333 327 1371 ingenii
342 1331 434 1372 gloria
444 1331 579 1371 contigit.
604 1329 672 1370 post
684 1332 716 1359 in
726 1332 830 1360 ceteris
851 1332 861 1347 ¹
875 1328 948 1359 Asiae
959 1329 1101 1368 partibus,

145 1373 320 1414 cunfifaeque
332 1374 451 1402 Graeciae
462 1393 470 1405 ‚
487 1369 524 1401 sic
534 1373 598 1411 ejus
608 1371 752 1401 adventus
763 1370 986 1401 celebrabantur
996 1391 1004 1404 ‚
1017 1380 1050 1400 ut
1059 1370 1102 1401 fa—

145 1424 230 1445 mam
238 1416 364 1456 ingenii,
376 1412 558 1453 exspet'htio
569 1413 705 1443 hominis
716 1423 721 1442 ;
732 1412 1001 1452 εΧΓρεᾶαῑίοΠετη,
1013 1411 1101 1452 ipsius

144 1460 160 1477 ²
170 1457 306 1485 adventus
316 1475 325 1489 ,
345 1455 562 1495 admiratioque
574 1455 726 1494 superaret.
751 1457 819 1485 Erat
833 1455 917 1486 Italia
930 1463 1001 1484 tunc
1014 1455 1101 1494 plena

145 1501 314 1528 Graecarum
325 1499 433 1527 artium
445 1517 454 1531 ,
474 1507 507 1527 ac
519 1495 744 1536 disciplinarum
758 1507 763 1525 ε
783 1496 935 1538 studiaque
952 1498 1014 1527 haec
1024 1496 1100 1526 &in

145 1542 234 1571 Latio
244 1537 454 1570 vehementius
467 1548 532 1569 tum
541 1538 717 1569 colebantur
725 1558 734 1572 ,
752 1538 842 1580 quam
853 1549 935 1569 nunc
944 1538 1052 1568 iisdem
1063 1540 1096 1568 in

144 1581 264 1622 oppidis
279 1592 285 1611 :
307 1581 340 1611 &
351 1580 399 1611 hic
409 1583 518 1611 Romae
529 1600 538 1614 ,
556 1584 677 1620 propter
689 1581 934 1621 tranquillitatem
948 1582 1021 1621 reip.
1033 1590 1097 1610 non

143 1624 380 1666 negligebantur.
402 1625 505 1664 Itaque
515 1625 596 1653 hunc
606 1624 638 1653 &
648 1625 825 1656 Tarentini,
847 1623 880 1652 δε
890 1623 1022 1663 Rhegini
1034 1643 1043 1655 ,
1066 1622 1099 1652 &

142 1666 355 1706 Neapolitani,
376 1667 495 1695 civitate
506 1685 515 1698 ,
535 1665 696 1705 ceterisque
710 1665 826 1707 praemiis
842 1664 1000 1694 donarunt:
1021 1665 1098 1694 &o-

144 1717 233 1738 mnes
242 1728 251 1741 ,
268 1710 320 1749 qui
329 1707 442 1748 aliquid
452 1707 489 1737 de
499 1708 628 1749 ingeniis
638 1706 912 1747 poterantjudicare
922 1726 936 1740 ,
945 1708 1097 1748 cognitio-

142 1759 201 1784 ne,
221 1759 307 1791 atque
324 1750 455 1799 hospitio
473 1750 598 1791 dignum
616 1748 835 1779 existimarunt.
859 1751 1012 1779 Hactanta
1020 1748 1098 1778 cele-

142 1791 248 1823 britate
256 1792 345 1821 famae
355 1801 427 1821 cum
438 1789 509 1821 esset
521 1793 579 1829 jam
590 1791 760 1821 absentibus
771 1800 862 1821 notus
873 1811 880 1825 ,
900 1793 1035 1821 Romam
1047 1800 1099 1820 ve-

143 1835 192 1864 nit
201 1854 210 1868 ,
229 1835 326 1864 Mario
336 1833 458 1863 consule
468 1853 476 1866 ,
498 1833 531 1863 &
541 1833 655 1863 Catulo.
678 1832 783 1863 nauus
792 1832 835 1863 est
844 1831 980 1873 primum
991 1832 1098 1862 consu-

144 1875 188 1905 les
199 1885 248 1905 eos
259 1895 266 1908 ‚
286 1884 416 1916 quorum
432 1875 505 1905 alter
519 1885 564 1905 res
581 1875 616 1905 ad
634 1875 824 1905 scribendum
840 1877 987 1905 maximas
998 1895 1006 1907 ‚
1028 1875 1099 1904 alter

144 1915 216 1948 cum
227 1926 271 1946 res
281 1916 372 1957 gestas
382 1936 391 1950 ‚
406 1925 471 1946 tum
482 1918 572 1946 etiam
584 1915 717 1946 studium
728 1936 736 1949 ‚
755 1926 841 1957 atque
851 1918 948 1946 aureis
957 1916 1097 1946 adhibere

141 1956 247 2000 posset.
270 1960 375 1988 Statim
392 1958 531 1991 Luculli,
550 1957 622 1988 cum
642 1967 828 1998 praetextatus
847 1960 937 1988 etiam
956 1967 1022 1987 tum
1042 1960 1099 1987 Ar-

143 2001 226 2031 chias
239 1998 309 2030 efl'et
319 2019 326 2033 ‚
347 2009 416 2028 eum
429 1999 542 2028 domum
550 2000 637 2037 suam
649 2009 832 2039 receperunt.
856 2003 868 2027 3
880 2000 929 2030 sed
940 2001 1030 2029 etiam
1041 2001 1098 2028 hoc

144 2052 210 2072 non
222 2041 320 2072 solum
333 2043 465 2081 ingenii,
487 2051 519 2070 ac
537 2041 702 2071 litterarum
714 2060 722 2074 ‚
740 2040 849 2070 verum
868 2043 957 2071 etiarn
974 2049 1098 2074 naturae,

143 2092 231 2125 atque
241 2085 360 2113 virtutis
370 2104 378 2116 ‚
389 2092 421 2112 ut
430 2082 551 2116 domus,
562 2092 627 2122 quae
638 2083 728 2123 hujus
736 2082 920 2122 adoleshentiae
929 2084 1023 2122 prima
1033 2081 1098 2111 fue-

143 2127 182 2157 rit
196 2145 207 2159 ,
225 2125 327 2155 eadem
340 2122 647 2154 ess'etfamiliarifiima
656 2124 811 2154 senecluti.
835 2128 903 2155 Erat
913 2123 1098 2164 temporibus

142 2168 206 2198 illis
220 2166 372 2207 jucundus
383 2168 419 2202 Q.
429 2166 556 2196 Metello
570 2167 636 2200 illi,
658 2166 827 2196 Numidico
838 2187 846 2200 ‚
868 2167 900 2196 δε
910 2167 973 2202 eius
986 2167 1039 2196 Pio
1050 2167 1100 2195 Fi-

141 2209 197 2240 lio.
219 2209 392 2239 audiebatur
407 2207 422 2237 a
433 2210 476 2237 M,
487 2208 634 2238 AEmilio:
653 2208 772 2238 vivebat
786 2218 857 2238 cum
874 2211 910 2246 Q.
922 2208 1045 2241 Catulo,
1066 2207 1099 2236 &

140 2260 220 2292 patre
231 2271 239 2284 ‚
261 2250 293 2280 ὃς
313 2248 388 2279 filio.
410 2248 426 2279 a
435 2251 470 2279 L.
481 2248 579 2281 Crass'o
597 2250 764 2280 colebatur:
786 2250 932 2280 Lucullos
952 2259 1022 2280 vero
1033 2269 1042 2284 ,
1066 2249 1099 2279 &

141 2293 277 2324 Drusum
289 2311 298 2325 ,
319 2292 352 2321 &
364 2290 506 2321 Orstavios
515 2311 524 2325 ,
545 2290 578 2321 Sc
587 2294 732 2321 Catonem
745 2311 755 2324 ,
776 2292 808 2322 &
818 2300 911 2321 totam
922 2289 1098 2321 Hortensio-

141 2345 211 2366 rum
222 2334 351 2364 domurn
364 2353 373 2367 ,
385 2333 558 2363 devindiam
569 2333 789 2363 consuetudine
798 2332 869 2363 cum
880 2342 994 2363 teneret
1004 2352 1013 2367 ‚
1031 2330 1098 2362 affi-

139 2377 272 2408 ciebatur
289 2375 410 2405 summo
426 2376 542 2405 honore
552 2395 560 2408 ,
581 2373 663 2415 quod
672 2384 743 2404 eum
754 2384 820 2404 non
832 2373 932 2405 solum
947 2375 1096 2406 colebant,

141 2420 193 2460 qui
211 2418 324 2458 aliquid
341 2419 508 2457 percipere,
527 2426 614 2458 atque
627 2416 730 2447 audire
741 2416 897 2447 studebant
908 2436 923 2450 t
936 2415 1041 2446 verum
1055 2424 1097 2445 et-

99 2479 123 2513 4
142 2462 215 2496 iam,
224 2458 245 2491 fi
255 2458 586 2502 quifOttefimulabam.
608 2461 737 2491 Interim
746 2459 812 2492 satis
821 2459 915 2501 longo
925 2458 1099 2493 intervallo,

1168 243 1239 275 cum
1252 244 1324 277 effet
1332 256 1400 276 cum
1413 246 1582 277 L-Lucullo
1598 247 1658 276 4in
1666 245 1802 276 Ciliciam
1811 239 1964 284 profectus
1974 261 1982 276 ‚
2004 241 2119 273 &cum

1168 296 1205 316 ex
1217 297 1248 317 ea
1262 290 1417 327 provincia
1430 299 1499 318 cum
1512 288 1620 318 eodem
1631 287 1761 318 Lucullo
1771 285 1942 318 decederet,
1962 286 2046 314 venit
2056 287 2120 314 He·-

1164 329 1291 358 racleani
1303 340 1308 358 2
1329 339 1393 370 quae
1404 329 1475 359 curn
1486 328 1557 360 ess'et
1564 332 1667 360 civitas
1677 327 1920 370 aequiflimojure
1929 346 1937 360 ‚
1953 336 1984 356 ac
1994 325 2117 359 foedere,

1164 369 1288 399 adscribi
1301 372 1329 400 se
1339 375 1370 400 in
1382 381 1446 400 eam
1457 373 1610 401 civitatem
1621 372 1735 401 voluit:
1754 370 1844 410 idque
1855 389 1863 402 ‚
1874 367 2018 408 cumipse
2027 377 2079 407 per
2089 368 2119 398 se

1163 409 1272 450 dignus
1281 421 1431 450 putaretur
1440 432 1448 446 ,
1462 421 1527 443 tum
1537 413 1710 443 auctoritate
1718 432 1727 445 ,
1740 412 1772 442 δε
1781 410 1998 452 gratiaLuculli
2007 410 2043 439 ab
2053 411 2120 439 He-

1162 452 1541 493 raclieniibusimpetiavit.
1566 457 1665 485 5Data
1675 454 1717 484 est
1725 455 1829 484 civitas
1848 452 1962 483 Silvani
1975 451 2058 492 lege,
2083 451 2118 481 δε

1161 492 1306 522 Carbonis
1329 513 1338 527 ‚
1374 497 1408 524 St
1425 504 1486 533 Q1
1504 505 1711 525 FoEDERAi-is
1732 504 1956 525 crvrtA’i-inus
1976 502 2119 523 ADscRx-

1160 544 1214 563 Pri
1229 544 1405 564 FuissENr:
1426 545 1454 564 st
1469 547 1544 566 TUM
1556 557 1564 570 ‚
1581 546 1656 566 com
1671 547 1734 566 Lex
1749 546 1950 566 FEREBATUR
1961 555 1969 569 ,
1986 544 2025 564 IN
2041 544 2118 565 rrA-

1161 584 1223 605 LrA
1241 586 1463 606 Dosiicnimm
1482 586 1708 607 nanuxssnur:
1729 579 1771 611 δε,
1790 577 1810 607 si
1829 586 2024 608 enitimini-A
2040 587 2117 606 mie-

1161 627 1220 647 Bus
1240 627 1330 647 APUD
1348 627 1543 647 PRAETOREM
1564 629 1680 648 ESSENT
1701 629 1862 651 pnornssr
1890 619 1969 649 cum
1990 620 2039 648 hic
2057 618 2116 648 do-

1157 659 1311 688 micilium
1323 661 1432 689 Romae
1447 660 1559 689 multos
1573 661 1631 696 jam
1645 671 1739 690 annos
1753 662 1872 691 haberet
1882 681 1890 693 ‚
1912 659 2057 700 professus
2070 659 2116 690 est

1157 701 1233 740 apud
1244 710 1399 740 praetorem
1410 720 1418 734 ,
1434 700 1640 740 QMetellum
1652 722 1659 734 ‚
1682 701 1949 732 familiariflimurn
1960 703 2059 732 suum.
2081 705 2113 732 Si

1156 743 1234 772 nihil
1246 742 1337 776 aliud,
1350 741 1404 772 nisi
1413 742 1448 772 de
1458 745 1578 772 civitate
1587 763 1595 775 ‚
1607 744 1710 782 :relege
1720 743 1848 773 dicimus
1860 765 1867 777 ‚
1880 745 1958 773 nihil
1968 744 2037 774 dico
2046 754 2114 774 am-

1155 782 1252 823 plius:
1263 785 1347 815 causa
1360 783 1439 814 digia
1451 783 1502 814 est.
1515 784 1611 824 ⁶quid
1626 787 1709 814 enim
1724 785 1831 814 horum
1848 784 2002 819 infirmari,
2016 787 2111 819 Grati,

1153 825 1271 865 potest?
1282 826 1433 856 Heracleae
1444 836 1481 855 ne
1494 831 1509 854 7
1520 825 1577 855 ess'e
1593 835 1657 855 tum
1668 825 1847 865 adscriptum
1860 827 1978 867 negabis
1991 830 2001 856 ?
2017 826 2110 858 Adest

1156 869 1203 897 vir
1217 868 1335 898 summa
1348 867 1523 898 austoritate
1535 887 1544 901 ,
1567 868 1600 897 &
1614 868 1760 908 religione
1771 888 1779 900 ‚
1801 867 1834 896 &
1844 866 1902 897 fide
1920 864 1934 886 8
1946 871 1988 897 M.
1999 869 2115 898 Lucul-

1154 910 1202 938 lus
1213 929 1221 943 ‚
1240 912 1293 950 qui
1308 910 1335 940 se
1350 920 1415 940 non
1427 911 1542 949 opinari
1554 929 1562 943 ,
1584 909 1729 949 sedscire:
1749 919 1813 938 non
1823 908 1964 938 audivisse
1976 930 1984 942 ,
2003 910 2051 940 sed
2064 912 2113 939 vi-

1154 950 1246 981 diss'e:
1266 961 1330 982 non
1346 950 1533 985 interfuisse,
1553 951 1600 981 sed
1611 949 1698 993 egisse
1708 951 1790 981 dicit.
1814 951 1928 980 Adsunt
1939 952 2114 981 Heraclien-—

1154 993 1198 1022 ses
1209 993 1295 1034 legati
1304 1014 1312 1027 ,
1324 992 1506 1023 nobiliffimi
1518 994 1661 1023 homines
1673 1004 1677 1022 :
1689 997 1705 1020 9
1716 992 1919 1032 hujusjudicii
1928 993 2027 1026 causa,
2039 1003 2111 1022 cum

1154 1036 1303 1065 mandatis
1313 1056 1321 1069 ,
1340 1036 1372 1065 &
1382 1045 1451 1065 cum
1462 1035 1585 1075 publico
1596 1034 1774 1066 testimonio
1782 1044 1952 1067 venerunt]
1969 1037 2021 1074 qui
2033 1035 2112 1064 hunc

1151 1080 1160 1095 ²
1169 1079 1184 1095 0
1192 1077 1374 1117 adscriptum
1384 1077 1609 1107 Heracliensem
1620 1077 1737 1108 dicunt.
1762 1074 1821 1106 Hic
1831 1085 1863 1105 tu
1875 1075 1986 1106 tabulas
1998 1075 2112 1106 deside-

1154 1129 1198 1148 ras
1209 1117 1447 1149 Heracliensium
1458 1119 1590 1158 publicas
1598 1139 1606 1152 ‚
1623 1129 1693 1159 quas
1702 1119 1805 1148 Italico
1817 1118 1899 1147 bello
1909 1137 1917 1151 ‚
1933 1117 2056 1147 incenso
2068 1127 2113 1148 ta-

1153 1160 1281 1194 bulario,
1291 1159 1423 1191 interisse
1433 1162 1543 1191 scimus
1553 1171 1671 1191 omnes.
1696 1159 1746 1190 Est
1756 1159 1916 1190 ridiculum
1927 1179 1936 1193 ‚
1948 1159 1983 1189 ad
1993 1169 2034 1193 ea,
2045 1169 2114 1200 quae

1153 1203 1298 1233 habemus
1308 1223 1315 1237 ,
1327 1203 1405 1233 nihil
1415 1203 1512 1232 dicere
1524 1213 1529 1232 t
1541 1212 1671 1243 quaerere
1681 1212 1745 1243 quae
1756 1202 1860 1231 habere
1871 1211 1935 1231 non
1944 1199 2113 1241 possumus:

1154 1245 1186 1275 Sc
1204 1244 1241 1275 de
1260 1246 1426 1274 hominum
1446 1246 1596 1275 memoria
1614 1254 1705 1275 tacere
1717 1264 1725 1278 ,
1744 1244 1909 1273 litterarum
1928 1245 2112 1274 memoriam

1151 1286 1297 1327 flagitare:
1319 1287 1351 1316 δε
1362 1306 1371 1320 ,
1385 1285 1457 1316 cum
1471 1286 1575 1317 habeas
1584 1285 1828 1328 amplifl'imiviri
1840 1286 2019 1326 religionem
2030 1305 2039 1319 ‚
2058 1286 2112 1315 in-

1154 1330 1307 1370 tegerrimi
1318 1326 1716 1368 municipiijusjurandum‚
1736 1326 1906 1368 fidemque:
1923 1337 1973 1360 ea,
1989 1337 2053 1368 qua:
2064 1327 2113 1356 de-

1148 1371 1267 1411 pravari
1288 1371 1375 1400 nullo
1393 1370 1489 1400 modo
1509 1369 1630 1410 poss'unt
1644 1390 1653 1404 ‚
1673 1369 1827 1410 repudiare
1848 1380 1854 1398 ι
1876 1369 1988 1399 tabulas
2005 1389 2013 1402 ,
2038 1378 2111 1410 quas

1149 1412 1234 1442 idem
1253 1411 1328 1442 dicis
1348 1412 1440 1442 solere
1457 1414 1611 1452 corrumpi
1623 1432 1631 1446 ,
1654 1411 1827 1442 desiderare.
1857 1413 1897 1441 At
1912 1410 2112 1441 domicilium

1151 1457 1261 1484 Romae
1270 1464 1334 1484 nori
1345 1453 1465 1484 habuit:
1483 1456 1507 1483 is
1518 1474 1526 1488 ,
1542 1457 1594 1495 qui
1606 1463 1651 1484 tot
1659 1456 1746 1484 annis
1756 1462 1823 1483 ante
1832 1453 1986 1483 civitatem
1997 1451 2110 1486 datam,

1150 1496 1250 1526 sedem
1260 1497 1403 1525 omnium
1414 1505 1512 1525 rerum
1529 1516 1537 1529 ,
1558 1506 1589 1525 ac
1599 1495 1788 1526 fortunarum
1798 1495 1916 1525 suarum
1926 1496 2035 1524 Romae
2046 1495 2111 1524 col-

1147 1538 1266 1568 locavit.
1289 1541 1329 1567 At
1337 1547 1401 1566 non
1417 1536 1458 1567 est
1469 1535 1623 1577 professus.
1647 1536 1752 1567 Immo
1769 1535 1840 1566 verb
1856 1538 1895 1566 iis
1911 1535 2023 1566 tabulis
2035 1545 2109 1576 pro·

1147 1578 1254 1613 fess'us,
1275 1589 1341 1620 quae
1360 1579 1429 1609 solae
1449 1580 1549 1609 exilla
1567 1578 1765 1619 professione,
1790 1578 1982 1619 collegioque
1999 1586 2110 1618 praeto·

1147 1632 1214 1651 rum
1228 1642 1235 1655 ‚
1259 1622 1401 1651 obtinent
1409 1621 1597 1661 publicarum
1614 1621 1779 1651 tabularum
1790 1618 2002 1649 minoritatem.
2024 1621 2108 1650 Nam
2128 1628 2149 1660 ς

1146 1663 1218 1694 curn
1229 1665 1321 1704 Appii
1330 1662 1436 1693 tabulae
1448 1683 1457 1697 ,
1477 1662 1678 1704 negligentius
1688 1661 1833 1692 ass'ervatae
1842 1661 2012 1692 dicerentur
2023 1681 2032 1694 ‚
2048 1663 2110 1692 Ga-

1148 1706 1245 1739 binii,
1266 1704 1413 1746 quamdiu
1430 1705 1594 1735 incolumis
1612 1704 1689 1738 fuit,
1711 1705 1834 1737 levitas,
1855 1702 1922 1743 post
1938 1703 2110 1734 damnatio-

1147 1758 1217 1777 nem
1226 1768 1234 1780 ,
1244 1748 1395 1777 calamitas
1405 1767 1413 1781 ‚
1425 1757 1553 1777 ornnem
1565 1746 1731 1777 tabularum
1743 1745 1835 1776 fidem
1845 1744 2028 1786 resignass'ets:
2039 1747 2111 1775 Me-

1145 1790 1236 1820 tellus
1249 1810 1257 1823 ,
1278 1790 1374 1819 homo
1392 1787 1591 1819 fanfflssimus
1604 1809 1612 1822 ,
1633 1786 1931 1828 modestissimusque
1949 1788 2107 1823 omnium,

1147 1840 1225 1862 tanta
1234 1830 1473 1873 diligentiafuit‚
1495 1840 1528 1861 ut
1543 1831 1578 1861 ad
1597 1833 1632 1860 L.
1644 1831 1811 1860 Lentulum
1829 1839 2005 1869 praetorem,
2028 1828 2108 1860 &ad

1145 1873 1260 1914 judices
1273 1875 1403 1906 venerit,
1415 1873 1447 1902 &
1458 1874 1548 1902 unius
1559 1874 1696 1902 nominis
1706 1873 1797 1901 litura
1804 1871 1831 1901 se
1841 1880 2035 1901 commotum
2046 1869 2107 1901 esse·

1146 1915 1268 1945 dixerit.
1291 1916 1350 1944 His
1368 1916 1458 1956 igitur
1474 1914 1583 1944 tabulis
1603 1915 1719 1945 nullam
1738 1914 1865 1943 lituram
1878 1914 1916 1942 in·
1930 1922 2049 1943 nornen
2066 1915 2104 1942 A.

1147 1958 1260 1986 Licinii
1271 1956 1389 1986 videtis.
1414 1959 1488 1997 Qae
1499 1955 1571 1986 cum
1583 1958 1623 1985 ita
1633 1954 1710 1989 sint,
1726 1954 1799 1994 quid
1810 1953 1853 1984 est
1863 1974 1876 1987 ,.
1892 1954 1973 1994 quod
1990 1954 2026 1984 de
2041 1955 2107 1993 ejus

1147 2000 1266 2028 civitate
1275 1997 1417 2027 dubitetis
1429 2017 1436 2030 ,
1457 1997 1626 2037 praescrtim-
1637 1996 1708 2027 cuin
1722 1997 1788 2026 aliis
1801 2005 1920 2036 quoque
1931 1998 1964 2025 in
1975 1998 2106 2026 civitati-

1146 2039 1203 2069 bus
1221 2038 1313 2069 fuerit
1330 2038 1490 2078 adsctiPtus
1511 2041 1522 2067 ?
1544 2040 1666 2068 Etenim
1677 2038 1748 2068 cum
1766 2037 1969 2067 mediocribus
1985 2037 2102 2071 multis²

1148 2081 1181 2111 &
1190 2090 1241 2110 aut
1251 2080 1334 2110 nulla
1344 2100 1351 2113 ‚
1363 2089 1411 2110 aut
1422 2080 1533 2110 humili
1541 2081 1640 2120 aliqua
1649 2089 1709 2110 arte
1718 2080 1849 2120 praeditis
1860 2100 1868 2112 ,
1886 2078 2019 2119 gratuiti
2028 2081 2106 2109 civi-

1145 2132 1234 2153 tatem
1254 2124 1286 2151 in
1297 2123 1411 2151 Graecia
1428 2123 1571 2151 homines
1590 2122 1854 2162 impertiebantur,
1875 2122 2032 2162 Rheginos
2042 2131 2107 2151 cre·

1145 2165 1185 2194 do
1197 2185 1205 2198 ‚
1225 2173 1274 2194 aur
1293 2164 1489 2196 Locrenseis,
1508 2172 1559 2193 aut
1579 2164 1815 2204 Neapolitanos,
1838 2172 1889 2199 ayt
1907 2165 2103 2198 Tarentinos,

1145 2206 1227 2247 quod
1242 2206 1365 2236 scenicis
1374 2203 1537 2235 artificibus
1547 2206 1644 2246 largiri
1655 2205 1788 2235 solebant
1798 2225 1807 2238 ,
1826 2204 1857 2234 id
1872 2205 1942 2235 huic
1953 2226 1961 2238 ,
1984 2205 2103 2235 summa

1145 2249 1261 2289 ingenii
1279 2246 1404 2287 praedito
1422 2247 1535 2289 gloria,
1555 2246 1695 2277 noluisse.
1719 2247 1822 2287 Qud?
1839 2245 1913 2276 cum
1929 2248 2019 2277 ceteri
2039 2257 2103 2277 non

1147 2289 1242 2320 modo
1252 2289 1319 2330 post
1329 2290 1482 2319 civitatem
1501 2289 1597 2318 datam
1612 2308 1620 2322 ‚
1642 2289 1689 2319 scd
1708 2298 1796 2319 etiam
1820 2291 1845 2308 ¹¹
1858 2287 1924 2328 post
1942 2289 2039 2330 legem
2049 2291 2105 2319 Pa-

1144 2333 1225 2372 piam
1237 2352 1246 2365 ,
1265 2332 1366 2371 aliquo
1377 2330 1471 2360 modo
1485 2332 1519 2359 in
1534 2340 1641 2360 eorum
1653 2330 1896 2371 municipiorum
1908 2331 2020 2361 tabulas
2030 2332 2107 2360 irre-

1146 2374 1279 2414 pserint:
1300 2373 1360 2405 hic,
1371 2374 1422 2412 qui
1435 2382 1490 2402 nec
1502 2374 1596 2402 utitur
1606 2373 1728 2413 quidem
1739 2373 1811 2406 illis,
1822 2374 1854 2402 in
1865 2373 1973 2412 quibus
1983 2372 2024 2402 est
2033 2373 2105 2402 scri-

1146 2424 1213 2455 ptus
1224 2435 1239 2448 ,,
1255 2414 1337 2455 quod
1347 2415 1463 2454 semper
1472 2415 1500 2444 se
1511 2415 1733 2444 Heracliensem
1744 2413 1801 2444 effe
1811 2414 1911 2444 voluit
1919 2415 2106 2453 „rejicietuie

1148 2457 1259 2491 Census
1275 2456 1393 2491 nostros
1409 2457 1536 2500 requiris
1545 2457 1664 2488 scilicet.
1686 2455 1730 2488 est
1739 2458 1823 2487 enim
1832 2456 1991 2487 obscurum
2003 2475 2012 2490 2
2033 2465 2105 2495 pro-

2008 2506 2105 2530 ximis

179 2597 202 2615 1.
221 2592 410 2624 (Afiaeparribm
420 2593 548 2626 cannaque
558 2592 675 2626 Gracia]
697 2593 808 2618 Secutus
828 2592 884 2619 sum
895 2591 1004 2628 scriptos
1014 2591 1096 2619 libros
1121 2606 1123 2623 3
1993 2620 1997 2624 .
2089 2619 2095 2624 .

1121 2628 1123 2638 '
1140 2628 1303 2664 illudgram.
1323 2628 1485 2655 Gulielmius
1502 2632 1611 2663 putabat
1630 2624 1746 2660 intelligi
1768 2623 1838 2659 posse
1848 2622 1880 2648 de
1891 2624 1974 2647 Gratia
1991 2619 2040 2647 illo
2051 2628 2097 2655 qui

138 2625 167 2651 gc
177 2627 286 2662 antique
295 2626 378 2654 cusos.
398 2627 479 2663 vulgo
492 2647 500 2661 ‚
520 2631 650 2663 cannaque
660 2631 768 2661 Graecia5
786 2627 857 2663 quod
867 2629 984 2656 malebat
1003 2629 1099 2656 Putea-

138 2670 198 2689 nus.

172 2706 202 2724 2.
212 2699 339 2725 Adventm
347 2700 520 2734 admiratioque
522 2700 650 2733 fitperaret
655 2700 676 2735 ]
689 2699 747 2726 Pal.
757 2708 854 2732 nonus,
864 2700 1099 2735 admirationemque,

137 2734 210 2769 quali
221 2735 293 2762 dicat
301 2735 405 2762 auElam
416 2736 553 2771 prasentia
563 2736 662 2763 famam
674 2756 683 2769 ‚
702 2743 796 2762 contra
815 2745 896 2771 quam
909 2737 990 2772 vulgo
1007 2736 1098 2763 (oleat.

138 2770 300 2797 Gulielimus
310 2772 429 2807 argutius
440 2771 605 2799 existimabat
617 2783 623 2800 ;
645 2780 673 2798 ut
683 2773 778 2806 famam
786 2774 874 2806 ingenii
882 2774 1038 2806 exspec'latio5
1057 2783 1101 2798 cx-

133 2807 300 2839 speffatiemem
314 2809 410 2834 huminis
419 2809 489 2841 Ipstm
498 2809 630 2840 adventus,
641 2809 692 2840 &a

152 2876 158 2881 ⁴
174 2850 201 2877 3.
219 2844 340 2869 sedetiam
349 2845 390 2870 huc
400 2863 408 2876 ,
427 2845 494 2878 ῶνα]
516 2845 558 2870 Sic
567 2853 659 2871 omnes
672 2851 737 2871 vett.
757 2843 847 2880 scripti
866 2843 985 2880 editiqne
1004 2854 1097 2871 recen-

138 2882 231 2941 tiptes‚
240 2880 285 2904 Sed
292 2882 352 2905 enim
360 2881 409 2907 hoc.
432 2881 543 2913 Tofiiie,
553 2890 661 2918 quoque
670 2880 754 2916 abjeci
766 2900 775 2913 ,
786 2879 878 2907 iisdem
889 2879 990 2916 scriptis
1001 2880 1096 2907 auSto-

136 2920 160 2939 ti
181 2924 220 2940 us.

172 2956 201 2982 4.
219 2953 247 2976 In
255 2954 361 2978 Siciliam
374 2951 518 2987 profeft‘mfl
539 2952 650 2980 Reduxi
660 2951 804 2979 lestionem
819 2960 939 2980 veterum
952 2951 1013 2979 edd.
1032 2962 1095 2978 con-

136 2982 280 3026 firmatam,
289 2997 340 3014 non
352 2987 437 3015 solnm
448 2987 571 3016 omnibus
580 2989 650 3015 Pali.
660 2989 704 3015 sed
715 2990 742 3015 δε
754 2989 828 3015 libris
840 2992 868 3015 S.
879 2988 996 3015 victoris
1008 3007 1016 3021 ‚
1028 2989 1095 3015 Bus-

137 3018 237 3056 bcquu,
248 3023 363 3057 Cujacii,
374 3024 483 3051 Gembl.
496 3024 606 3052 Erfurd.
618 3034 683 3060 quos
693 3027 759 3052 citat
768 3025 942 3052 Gulielmius.

175 3063 200 3088 5.
220 3060 285 3084 Data
293 3062 330 3085 eff
337 3062 426 3085 civitas
435 3063 531 3086 Silvani
538 3062 608 3095 leges]
622 3062 663 3087 lta
672 3061 780 3097 quidem
792 3061 871 3088 hodie
883 3061 1009 3097 vulgatur
1023 3071 1029 3088 :
1053 3060 1095 3087 sed

136 3091 193 3117 mss‘.
205 3098 290 3132 tamen
301 3097 387 3120 Silani.
406 3098 562 3123 atitsullani.
580 3096 694 3123 alterum
707 3098 743 3124 est
762 3099 777 3123 ii
789 3098 898 3125 Criticis
911 3117 919 3130 ,
938 3097 971 3124 <le
989 3107 1043 3134 quo
1056 3098 1095 3123 vi-

135 3126 215 3153 dendi
226 3137 245 3153 n
256 3129 301 3163 qui
311 3129 433 3165 scripsere
443 3130 476 3158 de
487 3133 672 3159 Romanorum
687 3133 801 3168 legibus.

171 3164 199 3202 ᾇ.
220 3165 285 3196 Qid
292 3169 352 3190 enim
361 3167 441 3192 horum
449 3170 582 3202 infinitati,
593 3171 675 3200 Grati,
682 3172 758 3201 pont?
767 3170 801 3203 ?]
823 3170 867 3196 Est
876 3168 909 3195 ab
920 3168 1093 3195 Erfurdiano.

135 3207 177 3227 flu
189 3199 311 3233 alludunt
321 3200 414 3236 nostri,
423 3202 601 3240 aliorumque,
611 3205 639 3232 in
650 3205 744 3241 quibus
751 3205 849 3237 gratis*
859 3205 932 3242 ptius
943 3205 1006 3238 culi,
1017 3207 1095 3232 Grac-

1141 2596 1189 2620 che.
1209 2593 1251 2620 sed
1263 2602 1320 2619 :evo
1330 2593 1378 2619 illo
1390 2591 1540 2618 recentiori.
1560 2590 1656 2630 qnippe
1672 2590 1696 2614 in
1707 2585 1902 2622 antiquioribus
1922 2584 2013 2610 vifitur
2032 2584 2099 2610 irem

1140 2666 1244 2702 po‘e‘tica
1255 2665 1363 2700 scripsit.
2050 2692 2056 2697 ,
2091 2691 2098 2696 1

1177 2710 1205 2736 7.
1225 2703 1277 2734 Effe
1296 2710 1344 2725 mm
1355 2700 1497 2733 aei-scriptum
1514 2697 1651 2733 negabiffl]
1673 2697 1695 2722 V
1698 2695 1762 2730 ulgo
1774 2704 1834 2720 eum.
1855 2692 1897 2720 (ed
1910 2712 1918 2725 ,
1937 2702 1990 2720 non
2009 2691 2099 2728 scripti

1142 2737 1222 2764 modo
1243 2736 1286 2762 sed
1297 2737 1377 2762 etiarn
1388 2735 1439 2761 cuii
1451 2735 1579 2768 majorum
1594 2732 1686 2759 i'aeculo
1703 2732 1818 2761 alterum
1829 2730 1944 2756 servant.
1963 2728 2102 2765 intellige,

1141 2775 1203 2800 cum
1214 2776 1227 2799 e
1239 2773 1327 2798 Sicilia
1337 2771 1476 2797 decederet
1487 2779 1547 2796 cum
1562 2768 1688 2795 Lucullo.

1177 2809 1205 2835 8.
1221 2813 1261 2835 M.
1271 2809 1412 2841 Lucidiim]
1425 2806 1541 2833 Coachis
1552 2805 1607 2831 iuni
1619 2803 1689 2841 sequi
1700 2811 1791 2830 omnes
1802 2801 1895 2834 libi-os,
1906 2800 1993 2836 ejesz
2004 2803 2034 2827 L.
2046 2803 2101 2826 Lu-

1139 2847 1223 2871 cullus.
1244 2852 1273 2870 ut
1285 2844 1362 2870 fratri
1374 2845 1490 2878 Legatus
1510 2841 1592 2867 fuerit
1610 2841 1636 2868 in
1649 2840 1747 2867 sicilia.
1768 2838 1877 2875 quod&
1893 2838 1988 2875 probat
2006 2838 2038 2864 P.
2049 2836 2099 2865 Vi.-

1140 2881 1240 2908 &orius
1251 2880 1298 2907 lib.
1309 2888 1408 2907 xxvix.
1421 2881 1481 2904 var.
1494 2877 1560 2903 leet.
1572 2887 1627 2912 rzip.
1639 2876 1666 2903 8.

1173 2926 1203 2952 9.
1223 2917 1394 2950 Hujus-jadiel}
1403 2913 1498 2947 causta]
1520 2913 1617 2939 Lectio
1638 2918 1742 2949 recepta
1751 2909 1928 2948 praeposuerat
1940 2929 1947 2942 ‚
1967 2912 2009 2944 qui
2016 2910 2098 2949 higjm,

1139 2954 1190 2983 ὡς.
1213 2952 1255 2978 sed
1267 2952 1407 2979 verbulum
1418 2950 1486 2976 illud
1497 2948 1650 2976 excluditur
1659 2948 1782 2975 omnibus
1794 2946 1999 2973 membranaceis
2011 2965 2019 2977 ‚
2041 2947 2098 2971 nno

1138 2990 1166 3014 &
1178 2987 1239 3015 edd.
1250 2988 1376 3015 exoletis.
1395 2985 1459 3021 quid
1471 2985 1542 3021 qnod
1553 2986 1580 3011 Sc
1591 2985 1648 3012 Pal.
1668 2985 1717 3011 lec.
1728 2984 1815 3021 postea
1826 2992 1932 3019 quoque
1951 2992 2003 3009 non
2013 2991 2099 3018 agno.-

1138 3024 1185 3051 scit
1196 3024 1309 3051 alterum
1321 3027 1379 3057 qui:
1395 3023 1473 3054 benc,
1488 3029 1516 3047 ut
1531 3029 1606 3057 puto.

1178 3069 1219 3086 10.
1239 3061 1404 3093 viii'Jl-ripmm
1414 3059 1592 3091 Heracliensem.
1604 3057 1618 3092 ]
1640 3056 1784 3083 Lambinus
1796 3053 1950 3088 conictstura
1961 3073 1969 3086 ,
1987 3055 2099 3080 Her-nolite

1137 3098 1188 3131 qffie.
1209 3106 1260 3122 non
1272 3096 1350 3122 male.
1364 3093 1406 3120 sed
1419 3094 1594 3126 mutationem
1609 3093 1738 3120 sententia
1748 3092 1848 3119 nullam
1858 3091 1972 3128 postulat
1980 3090 2059 3127 plana
2070 3090 2099 3114 tc

1157 3131 1202 3158 ers
1215 3132 1281 3157 icua.

1138 3142 1154 3169 p
1178 3141 1218 3194 xxp-
1237 3169 1295 3192 ⁴1²on
1303 3168 1369 3200 Iegem
1379 3166 1507 3200 Papiam]
1519 3167 1560 3192 De
1570 3165 1717 3201 peregrinis
1729 3164 1794 3193 urbe
1808 3161 1950 3200 pellendis.
1961 3169 2020 3188 nam
2034 3160 2100 3186 Ant.

1141 3203 1304 3239 Augustinus
1316 3202 1385 3231 male
1398 3203 1509 3239 corrigit
1519 3205 1656 3234 Papiriam.

1515 3239 1539 3265 it
1551 3239 1568 3264 l<
1582 3238 1599 3264 k
1630 3246 1642 3274 3
2021 3239 2045 3260 ι.
2065 3228 2120 3263 Effe
