2337 3400
208 132 307 194 5⁴38
611 124 691 171 M.
772 123 1135 169 TULL11

214 219 261 240 tus
274 207 480 239 aufioritatem
498 202 623 235 sustinui
637 210 740 232 contra
754 201 902 232 invidiam
915 221 923 235 ,
942 208 1029 241 atque
1039 198 1173 230 defendi.

219 261 274 291 ego
285 249 496 280 adolescenteis
509 246 606 275 bonos
618 265 625 278 ‚
639 245 671 274 &
682 243 786 274 fortcis
796 264 805 277 ,
817 244 865 274 sed
877 244 945 274 usos
955 253 987 273 ea
998 242 1177 272 conditione

218 292 346 323 fortunae
357 310 365 322 ,
379 299 409 319 111
420 309 427 323 ,
445 288 464 318 si
473 286 566 318 ess'ent
575 285 761 328 magistratus
771 286 886 327 adepti,
899 287 970 325 reip.
984 284 1091 317 statum
1103 293 1178 314 con-

219 334 332 364 vulsuri
352 331 542 364 viderentur,
564 330 844 362 meisinimicitiis‚
865 328 949 358 nulla
968 327 1085 357 senatus
1103 326 1181 356 mala

220 376 310 418 gratia
320 394 328 408 ,
348 375 544 404 comitiorum
555 373 669 401 ratione
680 372 807 411 privavi.
831 373 895 413 Ego
906 370 1078 400 Antonium
1088 368 1182 400 colle-

220 426 286 460 gam
299 435 307 449 ‚
328 414 473 456 cupidum
491 414 655 454 provincia:
669 433 677 446 ‚
698 413 793 444 multa
811 415 844 443 in
863 412 966 453 repub.
986 411 1180 444 molientem,

220 460 379 499 patientia,
398 466 484 498 atque
499 457 645 496 obsequio
656 464 727 491 meo
746 455 897 495 mitigavi.
921 462 976 496 ego
993 455 1182 494 provinciam

223 501 353 531 Galliam
365 520 373 533 ‚
394 499 510 529 senatus
523 497 714 531 auctoritare,
737 500 870 527 exercitu
886 497 918 527 &
930 498 1057 537 pecunia
1072 495 1185 526 11111111-
1208 503 1209 512 ¹

222 543 301 573 etam
315 562 323 576 ‚
345 542 378 571 &
389 550 522 571 ornatam
537 561 545 574 ‚
571 543 580 559 ¹
591 549 681 580 quam
695 549 766 570 cum
785 541 923 570 Antonio
943 539 1182 571 communicavi,

222 584 304 626 quod
316 586 355 614 ita
365 582 576 613 existimabam
588 591 723 622 tempora
734 582 861 622 reipubl.
874 580 950 612 ferre
961 601 969 614 ,
991 583 1021 611 in
1033 582 1183 611 concione

224 627 347 666 deposui
359 647 367 659 ,
381 625 559 655 reclamante
569 624 683 664 populo
694 626 826 655 Roman.
838 634 894 665 ego
906 624 1116 656 L.Catilinam,
1130 632 1188 652 010-

224 669 294 698 dem
318 669 451 701 10011115,
473 669 630 697 interitum
651 666 751 699 urbis,
773 676 836 696 non
856 666 979 696 obscure
992 686 1000 698 ‚
1023 665 1070 695 sed
1090 664 1188 704 palam
1208 694 1210 696 ,

225 711 406 740 molientem
421 730 429 743 ‚
452 709 551 751 egredi
571 719 609 739 ex
628 708 700 738 urbe
716 706 804 749 julii:
827 717 876 742 ut,
898 708 913 737 a
927 717 988 748 quo
1001 707 1114 749 legibus
1127 715 1190 736 non

223 758 396 792 poteramus
408 771 416 785 ‚
435 750 572 780 moenibus
585 751 646 779 ruti
659 748 716 780 effe
729 749 891 790 poss-smus.
915 760 971 790 ego
982 750 1038 779 tela
1049 757 1188 778 exrremo

226 795 330 824 mense
343 794 514 824 consulatus
529 794 590 823 mei
606 794 721 826 intenta
732 793 845 832 jugulis
861 793 990 822 civitatis
1002 811 1010 825 ‚
1030 790 1066 821 de
1080 790 1189 829 conju-

226 846 358 866 ratorum
378 835 500 866 nefariis
518 835 660 865 manibus
680 833 797 863 exrorsi.
820 843 876 875 ego
887 832 1046 871 faceisjam
1058 832 1189 863 accensas

226 878 262 908 ad
275 880 362 918 hujus
374 877 455 908 urbis
468 877 644 908 incendium
658 896 665 909 ‚
682 875 921 915 comprehendi,
932 875 1064 914 protuli,
1077 873 1190 904 exstin-

1214 120 1760 169 Crcanouis

1228 200 1261 231 &
1269 197 1361 232 Fufia,
1375 197 1475 229 eversa
1484 198 1528 229 est
1537 219 1545 233 »
1555 201 1775 243 propugnacula
1785 220 1794 235 ,
1805 201 1944 242 murique
1958 200 2191 243 tranquillitatis.

1228 252 1314 284 atque
1325 244 1382 272 otii
1393 251 1398 269 2
1411 241 1555 282 collegia,
1571 252 1634 273 non
1649 255 1681 274 ea
1692 243 1790 275 solum
1804 265 1812 278 ‚
1825 254 1889 285 quae
1902 244 2017 274 senatus
2028 243 2191 279 sustulerat,

1229 281 1245 304 ⁸
1257 284 1387 315 restituta
1399 303 1406 316 ,
1427 282 1475 313 sed
1487 287 1719 316 innumerabilia
1729 287 1865 327 quaedam
1884 296 1964 316 nova
1980 296 2018 316 ex
2029 287 2117 315 omni
2127 285 2193 317 fece

1230 327 1312 358 urbis
1323 347 1331 360 ‚
1351 336 1382 355 ac
1395 325 1513 355 servitio
1524 329 1682 357 concitata.
1704 328 1739 358 ab
1749 329 1858 359 eodem
1872 329 1999 359 homine
2011 349 2019 362 ,
2039 329 2073 357 in
2083 327 2193 368 stupris

1231 369 1372 400 inauditis
1386 389 1394 401 ‚
1410 367 1588 408 nefariisque
1599 370 1714 400 versato
1725 390 1733 404 ‚
1750 380 1835 400 vetus
1846 370 1896 400 illa
1908 370 2043 411 magistra
2053 370 2191 409 pudoris,

1232 412 1263 442 &
1275 410 1586 450 niodestiae,fi²veritas
1596 411 1724 451 cenjbria,
1738 413 1850 442 sublata
1861 411 1903 442 est
1914 423 1918 441 2
1930 412 2001 442 cum
2014 422 2043 442 tu
2053 413 2191 446 interim,

1232 453 1350 484 bustum
1365 454 1438 492 reip.
1449 454 1501 493 qui
1513 461 1539 481 te
1550 453 1705 483 consulem
1717 463 1783 484 tum
1795 457 1903 485 Romae
1918 455 1991 484 dicis
2001 453 2086 485 fuiss‘e
2100 474 2108 488 ,
2126 463 2193 485 ver-

1234 496 1272 526 bo
1283 504 1451 535 numquam
1463 493 1633 536 significaris
1644 496 1819 526 sententiam
1831 505 1913 526 tuam
1926 498 2012 526 tantis
2027 499 2057 526 in
2073 496 2193 528 naufra-

1232 540 1288 578 giis
1298 539 1442 567 civitatis.
1487 537 1637 567 Nondum
1650 558 1660 570 ,
1670 548 1737 578 quae
1748 538 1851 567 feceris
1864 559 1873 570 ,
1887 538 1935 568 sed
1946 548 2011 578 quae
2024 538 2087 568 fieri
2097 537 2193 579 passus
2211 543 2233 575 5

1233 579 1266 609 sis
1279 600 1286 614 ‚
1298 580 1376 610 dico.
1400 589 1421 608 N
1432 588 1451 608 E
1460 588 1512 617 Q
1523 588 1541 608 Ε
1563 590 1582 609 v
1594 589 1613 608 a
1623 590 1643 609 a
1652 590 1670 609 o
1694 581 1825 609 multum
1837 580 1975 613 interest,
1989 581 2149 619 praesertim
2161 584 2195 612 in

1234 622 1358 652 consule
1369 642 1377 655 ‚
1392 620 1496 651 uirum
1508 621 1567 661 ipse
1579 620 1751 661 perniciosis
1764 621 1877 662 legibus
1890 641 1899 655 ‚
1915 622 2063 661 improbis
2071 626 2195 654 concio-

1237 665 1291 694 bus
1310 664 1447 703 rempub.
1463 672 1570 697 vexet,
1593 673 1631 693 an
1650 664 1725 693 alios
1745 674 1856 693 vexare
1875 666 2008 703 patiatur.
2033 669 2083 694 An
2099 664 2197 705 potest

1232 708 1293 736 ulla
1311 705 1370 736 effe
1386 706 1538 736 excusatio
1549 715 1612 735 non
1624 706 1722 736 dicam
1734 706 1812 736 male
1823 706 1982 740 sentienti,
2003 706 2053 737 sed
2069 707 2197 741 sedenti,

1232 748 1406 782 0111181111111,
1427 748 1591 777 dormienti
1611 749 1643 777 in
1668 751 1807 778 maximo
1826 748 1940 788 reipub.
1961 757 2048 778 motu
2067 750 2199 780 consuli?
2239 771 2244 780 .

1233 800 1356 820 centum
1368 790 1460 830 prope
1472 800 1568 820 annos
1579 791 1674 831 legem
1685 791 1798 821 AEliam
1809 809 1816 823 ‚
1830 790 1861 819 ὃς
1872 788 1986 820 Fufiam
1998 799 2198 822 tenueramus:

1233 832 1467 874 quadringentos
1485 831 1659 872 9judicium
1672 853 1679 865 ,
1694 835 1916 872 notionemque
1928 832 2112 863 censoriam.¹
2130 843 2202 874 quas

193 930 206 963 3
228 922 271 951 xi.
316 923 369 950 Me
382 922 441 991 04¹2.
453 920 573 950 Catulus
586 939 594 952 ,
613 920 751 958 princeps
775 919 865 957 hujus
882 917 999 947 ordinis
1011 937 1018 950 ‚
1041 917 1073 946 &
1087 915 1191 946 11116101·

226 962 339 1004 publia
351 972 409 993 con
424 964 469 991 1111
479 982 486 995 ‚
499 958 738 1001 frequentissimo
749 959 849 989 senatu
860 979 867 993 ‚
876 966 1020 1000 parentem
1028 958 1126 1000 patria
1136 967 1193 987 no-

227 1007 369 1035 minavit.
392 1006 469 1034 mibi
482 1005 531 1032 1110
542 1005 587 1032 vir
596 1000 771 1032 clarissimus
783 1021 791 1035 ‚
803 1004 857 1042 qui
868 1010 987 1041 propter
998 1010 1025 1031 te
1038 1002 1134 1034 sedet,
1150 1001 1187 1029 L.

229 1047 348 1077 Gellius
360 1068 368 1080 ‚
390 1048 437 1076 his
456 1044 648 1075 audientibus
660 1063 668 1077 ,
691 1044 818 1073 Civicam
840 1053 985 1073 coronam
1003 1042 1105 1072 deberi
1118 1042 1133 1071 a
1148 1050 1193 1070 re-

228 1089 302 1130 pub.
315 1089 401 1119 dixit.
425 1088 504 1116 mihi
516 1095 616 1127 togato
627 1085 742 1115 senatus
752 1106 761 1119 ,
773 1095 836 1115 non
847 1094 880 1115 ut
890 1085 995 1115 multis
1006 1085 1082 1115 bene
1094 1082 1191 1125 gestae,

230 1131 281 1162 sed
301 1141 332 1161 ut
348 1131 467 1159 nemini
479 1149 487 1163 ‚
506 1127 712 1158 ²conservatae
725 1127 842 1167 reipub.
855 1125 992 1168 singulari
1005 1136 1111 1168 genere
1125 1125 1195 1165 sup-

228 1174 402 1214 plicationis
414 1191 421 1205 ‚
441 1171 570 1201 deorum
587 1169 809 1200 immortalium
830 1170 941 1209 templa
956 1168 1107 1209 patefecit.
1131 1170 1194 1208 Ego

229 1214 302 1245 cum
316 1216 347 1244 in
357 1215 506 1244 concione
516 1232 524 1246 ,
537 1212 640 1242 abiens
652 1211 834 1253 magistratu,
847 1211 944 1241 dicere
956 1214 971 1241 a
981 1210 1104 1240 tribuno
1114 1209 1196 1249 pleb.

227 1256 422 1298 prohiberer,
442 1265 508 1296 quae
519 1253 752 1285 constitueram:
773 1263 904 1294 cumque
921 1255 945 1282 is
964 1253 1042 1282 mihi
1061 1260 1197 1282 tantum-

230 1298 328 1329 modo
343 1306 375 1328 ut
384 1298 514 1337 jurarem
525 1317 533 1330 ‚
552 1297 756 1336 permitteret:
776 1294 837 1325 fine
849 1295 909 1325 ulla
920 1294 1198 1333 dubitationejura-

229 1343 281 1375 vi,
301 1339 442 1380 rempub.
453 1349 540 1380 atque
555 1340 632 1368 hanc
650 1337 756 1367 urbem
773 1347 840 1367 mea
855 1339 947 1367 unius
964 1345 1053 1376 opera
1069 1334 1128 1365 effe
1143 1334 1199 1366 sal-

229 1392 311 1414 vam.
335 1384 414 1412 Mihi
426 1381 555 1422 populus
566 1382 660 1411 Rom.
673 1380 831 1410 universus
846 1379 895 1409 illa
914 1381 947 1409 in
965 1379 1115 1408 concione
1133 1386 1198 1407 non

231 1427 323 1455 unius
334 1424 394 1454 diei
405 1423 603 1466 gratulatione
614 1443 622 1456 ‚
643 1421 691 1452 sed
704 1422 886 1451 aternitarem
898 1441 906 1455 ,
921 1421 1201 1451 immortalitatem-

231 1468 289 1508 que
300 1467 444 1500 donavit,
455 1475 524 1495 cum
537 1475 642 1495 meum
651 1464 862 1503 jusjurandum
874 1464 931 1494 tale
942 1483 950 1496 ‚
966 1472 1053 1504 atque
1065 1469 1196 1494 tantum,

229 1510 342 1550 juratus
353 1509 413 1549 ipse
425 1528 433 1542 ‚
455 1518 513 1537 una
523 1517 596 1537 voce
608 1527 616 1540 ‚
641 1507 674 1537 &
687 1506 833 1536 consensu
844 1505 1028 1546 approbavit.
1051 1507 1121 1544 Qo
1130 1504 1202 1545 qui-

232 1551 304 1582 dem
323 1560 458 1590 tempore
476 1551 501 1579 is
520 1558 608 1579 meus
624 1548 754 1578 domum
768 1548 827 1578 fuit
839 1547 855 1578 ὲ
870 1547 938 1577 foro
951 1546 1063 1577 reditus
1074 1567 1082 1580 ‚
1104 1553 1217 1576 utne-7

234 1603 289 1624 mo
300 1613 309 1627 ,
330 1591 386 1622 nisi
395 1594 447 1633 qui
459 1601 580 1621 mecum
592 1589 663 1620 effet
674 1610 682 1623 ,
705 1592 820 1620 civium
832 1587 889 1620 effe
900 1591 932 1619 in
943 1598 1071 1619 numero
1081 1588 1199 1618 videre-

235 1644 292 1666 tur.
316 1637 412 1674 Atque
430 1635 470 1663 ita
489 1632 532 1662 est
550 1632 565 1662 ὲ
586 1642 635 1662 me
655 1632 824 1662 consulatus
843 1630 977 1671 1101361115
988 1651 997 1665 ,
1017 1639 1049 1660 ut
1061 1629 1202 1670 nihilfine

234 1676 343 1718 consilio
354 1677 470 1706 senatus
481 1695 488 1708 ‚
507 1674 586 1704 nihil
597 1684 661 1703 non
672 1674 853 1713 approbante
863 1673 978 1713 populo
988 1675 1125 1703 Roman.
1134 1681 1203 1712 ege-

234 1720 295 1750 rim
309 1729 314 1747 z
334 1726 367 1748 ut
376 1717 491 1757 semper
501 1718 533 1746 in
546 1715 663 1746 Rostris
673 1717 787 1745 curiam
799 1736 808 1748 ‚
834 1717 867 1744 in
879 1715 978 1745 senatu
989 1713 1137 1754 populum
1149 1714 1203 1743 de.-

234 1760 386 1791 fenderim
403 1770 408 1788 :
430 1768 462 1788 ut
476 1757 707 1787 multitudinem
722 1767 791 1786 curn
806 1757 994 1796 principibus
1005 1776 1013 1790 ‚
1034 1754 1201 1796 equestrem

195 1815 221 1847 4
236 1802 375 1833 ordinem
386 1811 457 1831 cum
469 1800 569 1830 senatu
581 1799 808 1839 conjunxerim.
833 1798 970 1838 Exposui
984 1798 1114 1829 breviter
1123 1806 1199 1826 con-

233 1845 363 1876 sulatum
377 1852 492 1872 meum.
517 1840 603 1871 Aude
612 1850 694 1871 nunc
705 1860 714 1873 ,
726 1839 832 1870 &furia
842 1859 850 1873 ,
862 1840 899 1870 de
910 1848 964 1869 tuo
973 1839 1072 1869 dicere
1087 1848 1092 1867 τ
1114 1839 1202 1876 cujus

232 1886 292 1917 fuit
302 1888 425 1916 initium
438 1883 502 1913 ludi
512 1882 712 1923 Compitalitii
722 1901 730 1916 ‚
752 1891 816 1912 tum
827 1880 965 1922 primum
976 1880 1047 1911 13611
1068 1883 1080 1907 3
1089 1878 1156 1920 post
1166 1881 1202 1909 L.

235 1928 398 1958 Metellum
411 1946 420 1959 2
433 1926 464 1956 &
475 1927 666 1965 QMarcium
679 1927 767 1954 Coss.
777 1933 880 1954 contra
892 1921 1101 1953 annositatem
1111 1922 1203 1961 hujus

236 1970 371 2001 ordinis:
390 1978 467 2010 quos
477 1967 670 2007 QMetellus
684 1965 775 2006 (facio
793 1966 936 2006 injuriam
954 1963 1117 1995 fortissimo
1132 1965 1200 1993 viro

235 2021 363 2042 mortuo
373 2031 381 2045 ‚
404 2012 455 2052 qui
470 2011 558 2040 illum
571 2029 580 2044 ‚
601 2010 686 2050 cujus
699 2018 809 2049 paucos
821 2017 903 2048 pares
916 2008 977 2037 haec
993 2008 1099 2039 civitas
1118 2006 1201 2039 tulit,

237 2064 308 2084 cum
329 2055 383 2085 hac
401 2055 576 2093 importuna
595 2052 695 2081 bellua
711 2049 882 2091 conferam)
899 2049 947 2081 sed
965 2050 1018 2079 1110
1036 2047 1203 2090 designatus

235 2097 362 2130 tonsol,
382 2095 454 2125 cum
468 2094 594 2136 quidem
609 2093 747 2124 tribunus
761 2093 839 2133 pleb.
852 2092 905 2122 suo
914 2092 1032 2122 auxilio
1048 2095 1202 2132 4magnos

235 2138 325 2168 iudos
335 2147 438 2168 contra
449 2136 740 2167 senatusconsultum
749 2135 844 2165 facere
854 2135 862 2173 j
867 2132 985 2168 uffifl'et,
995 2135 1128 2174 privatus
1138 2131 1204 2162 fieri

235 2183 331 2212 vetuit
342 2191 347 2208 ι
357 2189 444 2220 atque
454 2179 485 2209 id
497 2199 505 2213 ‚
516 2178 598 2220 quod
608 2177 748 2208 nondum
758 2175 904 2217 potestate
916 2184 1032 2216 poterat
1042 2196 1051 2210 ,
1065 2175 1202 2206 obtinuit

236 2221 417 2252 austoritate.
442 2224 454 2248 ἲ
463 2224 513 2251 Τ11
525 2241 533 2255 ,
554 2219 626 2251 cum
644 2229 656 2249 1
666 2229 677 2249 1
686 2228 712 2248 1.
724 2218 874 2248 Kalendas
882 2219 950 2259 Jan.
971 2216 987 2238 ⁶
996 2217 1200 2258 Compitalic-

236 2273 305 2295 rum
318 2264 382 2294 dies
393 2262 584 2297 incidissent,
606 2265 676 2293 Sex.
687 2260 830 2291 Clodium
841 2280 851 2294 ‚
870 2262 922 2301 qui
936 2269 1104 2301 numquam
1118 2267 1204 2290 antea

236 2314 424 2347 praetextatus
435 2303 537 2334 fuiss'et
548 2324 557 2338 ,
576 2303 665 2334 ludos
674 2302 771 2333 facere
782 2322 791 2336 ‚
813 2302 845 2332 &
854 2310 1067 2342 praetextatum
1076 2302 1202 2332 volitare

236 2346 334 2390 pass'us
345 2357 374 2378 es
389 2367 397 2381 ‚
406 2348 566 2377 hominem
579 2348 734 2386 impurum
745 2364 754 2378 ‚
766 2353 854 2385 atque
863 2353 927 2373 non
937 2341 1034 2373 modo
1044 2342 1120 2373 facie
1130 2362 1138 2375 ‚
1151 2341 1200 2372 sed

238 2392 331 2420 etiarn
341 2389 433 2419 oculo
443 2397 497 2419 tuo
508 2386 725 2430 dignissimum.
748 2389 828 2426 Ergo
842 2387 889 2415 his
901 2384 1110 2415 fundamentis
1122 2382 1201 2423 posi-

236 2434 277 2463 tis
286 2432 458 2462 consulatus
469 2431 513 2460 tui
526 2449 533 2464 ‚
550 2429 651 2460 triduo
661 2427 728 2470 post
740 2448 749 2462 ,
768 2426 953 2468 inspe&ante
965 2446 974 2460 .
993 2426 1026 2456 &
1038 2434 1151 2456 tacente
1161 2434 1201 2458 te,

239 2473 256 2506 ὲ
265 2477 296 2505 Ρ.
307 2474 416 2504 Clodio
426 2492 436 2507 ,
454 2472 535 2503 fatali
548 2480 689 2513 portento
701 2491 713 2504 ‚
728 2470 928 2511 prodigioque
938 2470 1011 2509 reip.
1022 2472 1036 2497 7
1046 2469 1096 2499 lex
1106 2468 1199 2502 AElia,

1235 876 1315 915 leges
1325 875 1410 905 ausus
1422 873 1464 904 est
1475 884 1539 904 non
1553 884 1645 904 nemo
1658 875 1813 914 improbus
1826 894 1834 907 ‚
1855 876 1955 914 potuit
1966 874 2090 915 quidem
2105 885 2200 906 nemo

1237 926 1383 957 umquam
1394 916 1565 946 convellere
1579 927 1584 945 2
1603 926 1691 957 quam
1703 916 1877 956 potestatem
1890 919 2028 947 minuere
2041 936 2049 950 =
2070 927 2130 958 quo
2140 919 2202 948 mi-

1238 969 1295 989 nus
1313 958 1349 988 de
1368 958 1505 999 moribus
1523 957 1633 988 nostris
1653 961 1762 998 quinto
1778 969 1900 1000 quoque
1916 969 1996 989 anno
2009 959 2201 1000 judicaretur,

1238 1010 1332 1031 nemo
1346 1009 1407 1030 tam
1424 999 1518 1037 effuse
1530 1000 1660 1042 petulans
1670 1010 1793 1031 conatus
1803 1000 1855 1030 est.
1882 1003 1955 1031 Haec
1965 1002 2033 1031 sunt
2044 1021 2052 1035 ,
2075 1001 2094 1032 ὃ
2104 1003 2202 1032 carni-

1238 1041 1290 1072 fex
1301 1062 1311 1076 ,
1330 1044 1362 1071 in
1379 1044 1495 1082 gremio
1512 1043 1622 1082 sepulta
1638 1044 1809 1073 consulatus
1825 1045 1880 1073 tui.
1904 1044 2078 1084 Persequere
2088 1053 2205 1074 conne-

1238 1093 1294 1114 xos
1314 1085 1360 1113 his
1378 1084 1536 1113 funeribus
1552 1084 1625 1114 dies.
1653 1088 1709 1115 Pro
1720 1085 1845 1114 Aurelio
1859 1085 2020 1119 tribunali,
2038 1096 2077 1115 ne
2094 1087 2204 1116 conni-

1237 1134 1326 1156 vente
1339 1125 1464 1165 quidem
1476 1134 1503 1155 te
1515 1145 1524 1158 ,
1544 1126 1626 1166 quod
1638 1127 1737 1165 ipsum
1749 1125 1820 1156 effer
1830 1126 1923 1157 scelus
1936 1147 1944 1160 ‚
1966 1127 2015 1158 sed
2025 1129 2116 1158 etiam
2127 1128 2205 1158 hila-

1237 1167 1370 1198 rioribus
1380 1167 1477 1197 oculis
1487 1187 1496 1200 ‚
1514 1168 1606 1207 quam
1617 1168 1722 1197 solitus
1733 1178 1794 1197 eras
1806 1188 1814 1201 ,
1829 1170 1965 1199 intuente
1976 1189 1985 1203 ,
2001 1168 2134 1199 0101061115
2144 1170 2204 1200 ser-

1240 1219 1351 1240 vorum
1362 1208 1523 1239 habebatur
1533 1209 1569 1238 ab
1583 1218 1620 1239 eo
1630 1229 1639 1243 ,
1661 1211 1713 1250 qui
1724 1210 1802 1239 nihil
1813 1208 1864 1240 fibi
1876 1220 2020 1252 umquam
2032 1220 2088 1241 nec
2096 1210 2204 1246 facere,

1244 1262 1299 1281 nec
1310 1253 1370 1291 pati
1381 1257 1460 1292 turpe
1470 1250 1559 1280 duxit
1572 1261 1577 1280 :
1596 1260 1677 1281 arma
1688 1253 1720 1281 in
1732 1251 1847 1292 templo
1858 1251 1986 1283 Castoris
1997 1273 2006 1287 ‚
2025 1252 2057 1292 (ὃ
2067 1253 2206 1293 proditor

1243 1293 1429 1334 templorum
1447 1293 1619 1333 omnium‚)
1632 1293 1754 1324 vidente
1774 1302 1821 1328 te,
1841 1293 2097 1325 constituebantur
2114 1295 2150 1325 ab
2168 1304 2206 1326 eo

1241 1337 1356 1366 latrone
1367 1355 1376 1370 ‚
1396 1336 1445 1365 cui
1465 1335 1614 1375 templum
1626 1336 1702 1366 illud
1721 1334 1780 1366 fuit
1790 1356 1799 1369 ,
1819 1344 1848 1366 te
1861 1337 1985 1367 consule
1995 1357 2003 1371 ‚
2024 1346 2079 1368 arx
2088 1338 2207 1368 civium

1242 1378 1429 1418 perditorum
1439 1396 1447 1410 ‚
1467 1377 1687 1418 receptaculum
1696 1387 1832 1408 veterum
1844 1379 1980 1409 Catilinae
1991 1380 2126 1409 militum
2138 1398 2146 1413 2
2159 1388 2208 1410 ca-

1246 1419 1370 1450 stellum
1379 1416 1505 1449 forensis
1513 1419 1665 1450 latrocinii
1676 1440 1685 1454 ,
1697 1419 1819 1450 bustum
1829 1420 1930 1462 legum
1942 1423 2085 1451 omnium
2099 1442 2109 1455 ‚
2118 1431 2151 1452 ac
2160 1431 2208 1452 re-

1246 1463 1413 1503 ligionum.
1436 1464 1506 1492 Erat
1522 1471 1587 1492 non
1605 1461 1707 1492 solum
1726 1462 1836 1492 domus
1853 1472 1921 1492 mea
1931 1483 1942 1502 ³.
1957 1462 2116 1493 sedtotum
2126 1462 2211 1494 Pala-

1246 1506 1325 1534 tium
1336 1504 1437 1534 senatu
1448 1523 1456 1537 ‚
1475 1503 1628 1544 equitibus
1638 1506 1772 1534 Roman.
1783 1505 1902 1534 civitate
1912 1506 2020 1539 omni,
2036 1505 2122 1536 Italia
2130 1515 2208 1536 cun-

1250 1546 1296 1576 &a
1312 1566 1321 1580 ,
1346 1544 1489 1576 refertum
1505 1556 1511 1574 ε
1538 1545 1611 1576 cum
1631 1554 1662 1576 tu
1681 1556 1745 1576 non
1764 1545 1863 1576 mode>
1879 1546 1914 1576 ad
1932 1556 2003 1576 eum
2020 1549 2205 1577 Ciceronem

1251 1588 1353 1628 (mitto
1363 1589 1447 1617 enim
1458 1586 1621 1618 domestica
1631 1607 1640 1621 ‚
1655 1598 1721 1628 quae
1730 1590 1830 1628 negari
1840 1586 1977 1628 possunt:
1994 1589 2059 1619 haec
2068 1598 2209 1619 comme-

1251 1640 1340 1660 moro
1351 1649 1359 1663 ‚
1373 1639 1439 1670 quae
1449 1629 1517 1659 sunt
1526 1629 1635 1670 palam)
1646 1639 1709 1659 non
1721 1628 1817 1659 modo
1828 1649 1837 1663 ‚
1851 1631 1975 1670 inquam
1987 1649 1995 1664 ‚
2010 1630 2044 1660 ad
2057 1640 2126 1660 eum
2137 1650 2145 1664 ‚
2158 1632 2208 1661 0111

1248 1674 1381 1713 primam
1392 1673 1527 1701 comitiis
1538 1672 1597 1701 tuis
1608 1671 1728 1701 dederas
1739 1670 1869 1701 tabulam
1881 1673 2081 1712 praerogativae
2092 1692 2100 1706 ‚
2115 1682 2211 1713 quem.

1248 1716 1282 1744 in
1294 1714 1394 1744 senatu
1405 1713 1582 1743 sententiam
1593 1713 1715 1754 rogabas
1726 1715 1859 1746 tertium,
1870 1723 2039 1753 numquam
2048 1713 2208 1754 adspirasti:

1247 1755 1300 1785 sed
1313 1755 1459 1788 omnibus
1469 1753 1602 1784 consiliis
1612 1775 1622 1788 ,
1637 1764 1703 1794 quae
1714 1754 1749 1784 ad
1759 1764 1809 1783 me
1820 1755 2056 1794 opprimendum
2067 1756 2212 1794 paraban-

1248 1806 1295 1828 tur
1305 1816 1313 1830 ,
1331 1806 1395 1826 non
1407 1795 1569 1826 interfuisti
1580 1795 1680 1826 solum
1692 1815 1701 1829 ,
1717 1805 1824 1826 verum
1835 1798 1926 1828 etiam
1935 1796 2136 1830 crudeliflime
2143 1806 2211 1839 pra-

1241 1837 1338 1878 fuistz'.
1386 1838 1467 1867 Mihi
1476 1836 1548 1867 vero
1558 1836 1611 1878 ipsi
1621 1847 1721 1868 coram
1731 1847 1841 1879 genero
1853 1847 1924 1868 meo
1935 1858 1943 1872 ‚
1960 1841 2069 1879 propin
2093 1849 2133 1869 uo
2144 1849 2208 1874 tuo,
2226 1842 2247 1877 6

1249 1890 1315 1922 quae
1326 1879 1423 1910 dicere
1433 1879 1520 1909 ausus
1531 1882 1581 1909 es?
1602 1888 1687 1921 egere
1697 1899 1706 1914 ,
1716 1879 1791 1909 foris
1801 1877 1858 1909 effe
1865 1879 2055 1911 Gabinium:
2080 1891 2129 1911 me
2138 1891 2211 1922 pro-

1248 1923 1350 1953 vincia
1367 1921 1439 1952 stare
1455 1931 1520 1951 non
1536 1919 1635 1961 poffe:
1656 1921 1740 1962 spem
1759 1921 1867 1951 habere
1884 1921 1900 1952 a
1918 1922 2040 1952 tribuno
2053 1923 2168 1963 plebis,
2189 1923 2211 1954 si

1248 1973 1298 1995 tua
1308 1962 1431 1994 consilia
1440 1973 1511 1994 cum
1522 1964 1578 1993 illo
1587 1964 1656 2003 conj
1662 1962 1768 1994 unxifl‘
1764 1973 1794 1994 es
1804 1983 1813 1997 ‚
1833 1963 1848 1994 a
1860 1964 1962 1994 senatu
1973 1964 2096 2004 quidem
2108 1965 2213 2006 despe-

1251 2005 1342 2037 rafl'e:
1368 2006 1459 2046 hujus
1477 2014 1505 2036 te
1523 2006 1679 2046 cupiditati
1696 2005 1840 2046 obsequi,
1857 2004 1942 2035 sicuti
1958 2016 2012 2046 ego
2027 2005 2162 2037 feciffem
2176 2009 2212 2038 in

1250 2049 1364 2090 collega
1379 2057 1466 2078 meo:
1488 2048 1569 2077 nihil
1586 2046 1643 2077 effe
1654 2067 1663 2081 ‚
1684 2046 1766 2088 quod
1783 2046 1952 2087 praefidium
1969 2049 2129 2079 consulum
2148 2051 2212 2080 im-

1251 2091 1401 2132 plorarem
1413 2100 1418 2119 :
1426 2088 1483 2131 fibi
1492 2099 1632 2132 quemque
1640 2089 1776 2129 confidere
1784 2096 1910 2131 oportere.
1933 2092 1973 2120 At
1996 2100 2032 2120 ue
2041 2091 2105 2121 11κο
2113 2091 2213 2122 dicere

1251 2135 1305 2164 vix
1314 2132 1424 2163 audeo.
1446 2141 1567 2166 vereor,
1593 2142 1632 2162 ne
1645 2134 1698 2172 qui
1713 2129 1747 2162 sit
1757 2151 1766 2166 ,
1786 2133 1839 2172 qui
1850 2130 1934 2161 istius
1944 2134 1976 2162 in
1990 2142 2091 2174 ignem
2100 2134 2211 2173 nequi-

1252 2177 1326 2206 tiam
1337 2195 1346 2209 ,
1365 2173 1475 2204 frontis
1490 2174 1664 2205 involutam
1680 2175 1899 2215 integumentis
1909 2193 1918 2208 ‚
1937 2174 2077 2204 nondum
2090 2183 2190 2205 cernat
2203 2185 2210 2205 :

1251 2218 1349 2248 dicam
1361 2225 1471 2247 tamen.
1494 2216 1557 2257 ipse
1565 2215 1644 2247 certe
1653 2217 1789 2257 agnoscet
1799 2235 1810 2249 ,
1830 2215 1864 2246 &
1879 2225 1951 2245 cum
1969 2216 2070 2256 aliquo
2092 2215 2214 2252 dolore,

1254 2258 1439 2299 flagitiorum
1450 2259 1574 2289 suorum
1587 2257 1797 2288 recordabitur.
1820 2256 2033 2287 Meministine
2042 2276 2051 2290 ,
2071 2267 2210 2293 coenum,

1249 2311 1322 2332 cum
1332 2300 1369 2332 ad
1379 2309 1406 2330 te
1416 2302 1522 2341 quinta
1529 2299 1591 2330 fere
1602 2301 1674 2329 hora
1683 2319 1691 2333 ‚
1702 2299 1926 2330 cumGPisone
1934 2297 2080 2329 venissem
2091 2320 2099 2334 ‚
2109 2301 2214 2331 nescio

1251 2352 1313 2383 quo
1324 2342 1341 2372 ὲ
1351 2341 1504 2383 gurgustio
1514 2350 1542 2372 te
1553 2340 1671 2381 prodire
1680 2360 1688 2374 ,
1703 2341 1844 2371 involuto
1853 2342 1947 2380 capite
1955 2360 1964 2375 ,
1979 2341 2125 2372 solearum
2136 2344 2147 2371 ?
2164 2342 2211 2378 &,

1252 2394 1323 2414 cum
1334 2384 1392 2413 isto
1402 2393 1453 2413 ore
1462 2382 1570 2413 foetido
1580 2384 1772 2413 taeterrimam
1783 2383 1872 2413 nobis
1882 2385 2026 2422 popinam
2038 2382 2210 2419 inhalass'es,

1251 2426 1444 2456 excusatione
1460 2434 1489 2455 te
1505 2427 1550 2455 uti
1564 2424 1742 2455 valitudinis
1754 2444 1762 2458 ,
1780 2424 1863 2465 quod
1873 2425 1986 2454 diceres
1997 2445 2006 2459 ‚
2026 2425 2173 2455 vinolentia
2182 2434 2212 2457 te

1249 2467 1430 2509 quibusdam
1441 2467 1695 2498 medicaminibus
1704 2467 1797 2497 solere
1805 2469 1912 2498 curari?
1922 2477 2013 2509 quam
2023 2477 2080 2498 nos
2089 2468 2209 2499 causam

2137 2508 2228 2541 cum*

281 2607 304 2624 1.
324 2600 402 2633 §uiam
412 2608 463 2625 cum
471 2601 572 2625 Antonio
582 2599 778 2632 mmmmm-on]
801 2597 881 2624 Nihil
892 2597 1040 2633 discrepant
1060 2595 1123 2622 libri
1137 2604 1211 2623 vete·
1226 2619 1227 2624 ,

240 2643 293 2661 res.
314 2642 464 2671 propugnat
484 2643 572 2663 tamen
584 2635 712 2662 Lambini
728 2637 882 2667 commutavi,
894 2635 1064 2661 Hotomanus
1076 2632 1123 2660 lib.
1137 2642 1210 2660 viii.
1226 2646 1228 2671 1

241 2670 382 2698 Observat.
395 2681 451 2707 cap.
461 2679 489 2705 7.

277 2716 306 2733 2.
329 2708 473 2740 Conservam
484 2708 691 2742 reip.fingulari.]
716 2708 757 2734 Ita
770 2707 837 2734 Pau.
849 2707 876 2733 δε
887 2706 972 2733 editio
982 2713 1060 2733 vetus
1071 2725 1079 2737 ‚
1090 2712 1117 2732 at
1127 2705 1210 2732 Lam-

242 2742 331 2775 binus,
343 2747 401 2776 reip.
412 2746 565 2775 testimonium
575 2744 649 2777 dedit,
660 2744 689 2776 ὠ·
695 2745 823 2778 singulari.
834 2743 930 2770 vellem
940 2742 1005 2770 scire
1016 2746 1030 2769 0
1042 2741 1136 2778 quibus
1146 2742 1210 2769 scri-

242 2780 305 2816 ptis.
326 2789 385 2806 nain
397 2779 449 2815 ipse
465 2787 543 2807 tacet.

279 2824 305 2850 3.
324 2819 382 2841 Por?
390 2818 421 2841 l..
433 2819 553 2842 Maelium
565 2817 594 2847 εἴ]
604 2818 772 2850 &Marcium
782 2816 854 2850 Cqffi]
884 2815 928 2842 Est
939 2815 955 2841 ὰ
966 2816 997 2841 Ρ.
1009 2815 1144 2847 Μ31111110,
1157 2814 1208 2842 {ive

242 2850 310 2878 Gab.
325 2852 426 2878 Fan-no
440 2871 446 2883 ,
465 2853 540 2887 cujus
551 2860 627 2879 notas
637 2861 727 2879 aream
738 2853 839 2879 videre.
865 2851 938 2889 prius
947 2851 999 2878 cufi
1011 2854 1078 2884 ‚pori
1086 2854 1118 2877 L.
1129 2854 1208 2877 Aure·
1227 2853 1228 2882 1

241 2889 299 2914 b‘um
309 2888 337 2918 ἐν
347 2890 374 2913 C.
385 2891 506 2915 Marium.
526 2896 554 2916 az
565 2888 720 2916 vietoriaua
731 2908 739 2921 ‚
753 2888 808 2925 post
819 2891 850 2915 L.
861 2888 999 2922 Luscellium
1008 2888 1037 2919 ὠ·
1046 2890 1074 2914 C.
1084 2890 1207 2920 suarium,
1227 2884 1228 2890 ¹

242 2924 378 2987 &uomodo
389 2924 452 2950 item
464 2925 521 2951 mss.
537 2925 628 2952 nostri.
650 2925 692 2951 sed
705 2925 809 2952 monuit
822 2925 850 2951 d.
862 2934 918 2960 cap.
940 2933 983 2958 ¹5·
992 2923 1148 2957 Turnebus,
1159 2933 1208 2951 au-

273 2968 318 2986 ore
329 2960 444 2985 Asconio
458 2979 465 2991 ‚
477 2960 618 2996 legendum
634 2964 665 2988 L.
676 2964 770 2995 Jm'mm
780 2962 809 2992 ὠ·
818 2964 844 2988 C.
857 2963 981 2988 Marium.

280 3004 308 3029 4.
328 2998 453 3029 Magistros
462 2998 526 3022 ludos
539 3005 619 3023 contra
628 3002 653 3023 S.
665 3001 693 3024 C.
703 2997 770 3033 &c.]
796 2997 839 3024 Est
851 2998 866 3024 a
878 2996 1005 3024 Turnebo
1016 3005 1024 3028 3
1045 2994 1088 3023 sed
1100 2995 1208 3033 respon-

243 3031 309 3059 dent
329 3031 388 3058 Mss.
401 3031 512 3058 Erfurd.
532 3033 589 3059 Pal.
600 3043 641 3069 pr.
652 3044 681 3060 ac
700 3034 749 3060 sec.
771 3034 852 3069 vulgo
865 3041 921 3060 erat
941 3041 1047 3067 magnos.
1067 3033 1156 3069 inepte
1178 3040 1208 3059 ut

242 3067 363 3105 pluribus
375 3068 478 3095 hauries
490 3072 503 3096 ὁ
515 3069 611 3105 Pighio
620 3070 709 3097 nostro
721 3069 753 3097 ad
763 3079 863 3097 annum
874 3080 889 3097 v
897 3090 903 3096 .
913 3069 1106 3096 c.i>c>;c11.iu
1121 3069 1178 3097 Fast
1186 3070 1207 3096 is

240 3105 342 3132 Annul.
355 3105 438 3131 Rom.

277 3149 303 3174 5.
322 3142 736 3177 Turum111.Kalend.Jarz.&c.]
766 3141 908 3169 Turnebus
926 3142 1032 3178 reponit
1050 3145 1077 3168 in
1088 3150 1124 3168 111
1134 3162 1138 3167 .
1149 3143 1207 3169 ital.

240 3181 349 3219 prauam
361 3179 386 3205 ὃ(
400 3177 511 3214 quidem
522 3183 535 3207 c
547 3178 604 3206 ruff.
615 3178 689 3215 quod
700 3187 759 3205 cuin
770 3179 851 3207 etiarn
863 3177 1009 3208 adnot-iilic:
1021 3178 1117 3213 Ahala,
1130 3177 1206 3208 aristis

1249 2595 1305 2623 sum
1318 2596 1445 2623 exhibere
1464 2595 1536 2632 quod
1548 2595 1643 2622 videtis
1655 2616 1664 2628 ‚
1683 2597 1785 2624 secutus
1798 2598 1963 2625 membranas
1978 2599 2089 2626 nostras.
2106 2602 2132 2625 in
2142 2599 2214 2625 enim

1249 2632 1329 2660 facile
1341 2633 1440 2669 migret
1451 2633 1477 2659 in
1491 2642 1541 2659 111.
1554 2633 1723 2660 Hotomanus
1733 2632 1840 2669 quidem
1850 2634 1899 2661 lib.
1913 2644 1983 2661 vni.
1993 2634 2107 2662 Observ.
2119 2644 2174 2671 cap.
2184 2642 2214 2670 7.

1245 2669 1381 2706 improbat
1392 2670 1460 2696 lianc
1471 2669 1685 2697 emendationem
1698 2689 1706 2703 ‚
1721 2669 1765 2697 sed
1776 2677 1926 2698 tamennon
1938 2678 2048 2698 enervat
2056 2678 2217 2708 argumenta

1246 2715 1295 2742 pro
1307 2705 1435 2733 Turnebo
1446 2705 1602 2732 militantia..

1281 2743 1312 2768 6.
1332 2744 1523 2776 Compitaliomm
1541 2743 1590 2768 dies
1606 2742 1764 2777 inct'dzffint]
1784 2742 1931 2770 Lambinus
1942 2742 2048 2771 secutus
2059 2742 2212 2771 Manutium
2321 2734 2322 2737 ,

1244 2779 1370 2813 incidisset,
1382 2777 1424 2805 sed
1436 2777 1592 2805 nolentibus
1604 2778 1691 2805 libris.

1279 2823 1306 2850 7.
1327 2818 1379 2841 hex
1388 2816 1473 2843 &filla
1484 2821 1556 2849 atqu:
1565 2817 1636 2849 Fiafia
1647 2815 1728 2848 everfit
1737 2815 1796 2850 eff]
1818 2815 1927 2850 Pighius
1938 2815 2026 2842 noster
2044 2814 2071 2842 in
2083 2814 2166 2842 Fastis
2177 2814 2212 2842 ad

1242 2860 1342 2878 annuin
1363 2851 1446 2878 Urbis
1466 2859 1585 2877 nxcvit.
1605 2857 1694 2878 tentat
1706 2852 1761 2884 legg.
1780 2853 1874 2879 Alia.
1885 2852 1936 2883 &a
1955 2851 2048 2885 mvfie.
2061 2850 2119 2878 dure
2138 2852 2212 2879 enina

1243 2894 1319 2915 erant
1330 2887 1413 2923 leges,
1427 2894 1457 2914 ut
1467 2887 1603 2913 existimat
1616 2887 1647 2913 P.
1658 2887 1807 2913 Manutius.

1282 2924 1309 2950 8.
1328 2923 1605 2957 Restituta,ftdiqnum.
1615 2923 1666 2953 &a
1677 2923 1821 2957 concitatas]
1844 2921 1925 2949 Haud
1936 2922 2015 2950 aliter
2026 2923 2095 2950 Pali.
2105 2932 2212 2957 omnes,

1243 2967 1297 2987 tres
1307 2960 1407 2987 scilicet
1417 2969 1458 2996 pr.
1469 2958 1520 2986 stc.
1537 2958 1593 2986 ost.
1604 2959 1669 2985 item
1681 2958 1764 2985 editio
1776 2966 1850 2986 vetus
1862 2969 1868 2987 :
1891 2968 1924 2986 ne
1934 2959 2043 2987 laudem
2052 2959 2213 2988 Erfurdien-

1242 2996 1296 3023 sem
1307 2996 1425 3023 codicem
1438 2997 1453 3023 ὰ
1468 2994 1585 3022 stiffi-ido
1595 2994 1755 3022 consultum.

1279 3041 1309 3069 9.
1329 3033 1454 3067 Jttdicium
1465 3035 1621 3066 rationemque
1630 3030 1782 3065 censbriam]
1804 3031 1945 3059 Turnebus
1956 3031 1985 3059 d.
1995 3041 2052 3070 cap.
2064 3033 2132 3060 istud
2143 3040 2213 3070 prae·

1243 3069 1346 3097 ferebat
1363 3068 1500 3105 quomodo
1517 3067 1664 3104 publicai-at
1684 3066 1831 3094 Vierorius.
1855 3067 1971 3096 malebat
1982 3068 2127 3096 Lambinus
2143 3075 2215 3096 notan

1242 3110 1335 3132 tionem.
1354 3105 1398 3132 sed
1418 3115 1471 3133 non
1485 3104 1670 3131 adsentiuntur
1681 3103 1753 3130 libri.
1774 3103 1874 3131 &eddi
1887 3112 1953 3132 vett.
1975 3105 2143 3141 Palatinique
2161 3114 2213 3131 no·
2228 3102 2236 3110 ⁸

1244 3143 1289 3169 stri
1310 3149 1479 3180 propugnant
1497 3139 1566 3171 'istud
1583 3140 1702 3170 nostrum
1714 3159 1723 3175 ‚
1742 3141 1864 3176 quamvis
1883 3140 1978 3170 habeat
1988 3142 2127 3171 Manutius
2137 3142 2213 3168 notic-

2116 3209 2223 3246 ιβμ

1231 3183 1235 3189 ·
1243 3188 1306 3209 nrm.
