2379 3400
210 1169 252 1203 17

258 158 381 205 1080
657 144 724 192 M.
807 140 858 188 T
894 151 992 186 U'L
1029 152 1064 183 n
1097 153 1116 183 1
1154 153 1169 183 i

257 241 370 277 semper
382 239 560 264 moereamus
571 248 579 261 ‚
591 227 639 258 sed
649 236 680 256 ut
691 232 869 264 numquam.
892 229 989 260 neque
1000 219 1084 249 enim
1096 217 1149 257 qui
1162 224 1211 245 re-

257 290 323 311 rum
336 284 468 307 naturam
480 294 488 307 ,
501 283 551 313 qu:
563 280 629 299 vitae
639 269 808 298 varietatem
822 284 829 297 ,
846 265 896 304 qui
908 261 1149 292 imbecillitatem
1161 267 1211 299 ge-

259 322 337 351 neris
355 317 479 347 humani
496 314 624 353 cogitat,
644 317 751 339 moeret
763 307 834 337 cum
853 308 917 335 haec
929 306 1058 344 cogitat,
1082 299 1130 331 sed
1146 308 1211 329 tum

259 362 305 391 vel
327 358 461 388 maxime
481 355 629 394 sapientiae
646 351 783 391 fungitur
799 356 936 378 munere.
960 352 1120 382 utrumque
1129 343 1213 371 enim

258 401 468 440 consequitur,
488 405 520 425 ut
539 395 572 425 δε
588 390 810 424 considerandis
828 389 916 418 rebus
934 387 1073 416 humanis
1092 385 1214 424 proprio

259 441 456 483 philosophiae
467 438 577 468 fruatur
588 433 704 466 officio,
718 434 750 463 ὃς
763 429 887 462 adversis
898 428 1009 459 casibus
1022 427 1132 466 triplici
1142 434 1217 455 con-

259 485 407 515 solatione
417 481 532 511 sanetur
543 489 548 507 2
567 475 703 518 primum
717 495 724 507 ,
744 472 826 514 quod
837 469 919 512 posse
929 469 1060 500 accidere
1072 467 1124 497 diu
1133 467 1218 506 cogi-

261 527 365 556 tri-:erit
375 544 382 557 ,
399 533 463 563 quae
474 522 614 562 cogitatio
626 527 684 547 una
693 516 827 546 maxime
839 511 990 543 molestias
1000 511 1121 541 omneis
1144 512 1153 528 ¹
1164 517 1220 537 ex-

262 575 366 597 tenuat
375 585 383 598 ,
400 566 432 594 &
442 564 549 594 diluit:
566 560 675 591 dei-nde
686 578 694 592 ‚
715 562 729 577 ²
740 556 822 598 quod
833 554 965 585 humane
975 551 1095 584 ferenda
1107 549 1221 579 intelli—

260 612 321 651 git:
341 606 512 648 postremo,
532 602 615 644 quod
633 601 714 631 videt
727 600 841 628 malurn
858 597 977 626 nullum
994 593 1066 627 esse,
1091 590 1145 622 nisi
1157 591 1221 620 cul-

262 660 330 691 pam
342 669 350 683 ,
364 649 480 688 culpam
492 654 592 676 autem
604 644 720 673 malum
730 639 800 674 esse,
809 649 882 670 cum
894 639 925 669 id
938 658 945 672 ,
957 636 1038 678 quod
1048 635 1083 666 ab
1094 635 1221 663 homine

263 702 328 723 non
351 690 480 731 potuerit
498 686 625 727 praestari
642 705 651 718 ‚
675 684 818 714 evenerit.
862 684 875 708 3
891 682 972 711 Nam
991 678 1142 708 revocatio
1160 675 1221 707 illa,

264 743 355 775 quam
366 730 450 761 affert
459 751 467 763 ,
480 730 551 760 cum
562 728 578 758 a
587 725 768 757 contuendis
777 733 834 754 nos
845 723 932 753 malis
941 729 1044 750 avocat
1054 739 1062 754 2
1075 718 1158 748 nulla
1168 715 1221 746 est.

265 785 331 806 non
346 773 388 804 est
400 774 482 803 enim
494 773 526 801 in
541 769 640 800 nostra
653 766 796 809 potestate
806 785 816 799 ‚
836 769 853 792 4
864 762 1067 794 fodicantibus
1078 762 1114 790 iis
1123 759 1221 791 rebus,

266 827 338 857 quas
349 815 439 845 malas
449 812 506 843 esse
516 814 680 852 opinemur
690 829 698 843 ‚
716 807 909 839 dissimulatio
919 826 927 838 ‚
939 805 988 835 vel
998 803 1127 833 oblivio.
1148 801 1224 842 lace-

266 868 331 890 iint
343 878 351 890 ‚
363 864 473 887 vexant
485 876 492 889 =
505 853 645 885 stimulos
655 852 820 882 admovent
831 868 839 883 ,
854 848 951 889 igneis
960 845 1103 876 adhibent
1115 864 1123 877 ‚
1137 843 1225 882 respi-

267 911 329 931 rare
339 909 402 929 non
418 897 528 927 sinunt.
551 898 589 926 Et
606 904 637 925 tu
657 892 796 923 oblivisci
810 890 917 930 jubes,
936 887 1017 929 quod
1029 895 1132 916 eontra
1141 893 1226 914 natu-

267 952 332 973 ram
342 940 407 971 est?
426 943 440 967 5
449 940 518 980 quia
528 947 628 967 natura
639 936 742 965 datum
752 932 794 962 est
804 932 953 962 auxilium
965 950 973 963 ‚
993 935 1169 968 exrorqueas
1180 927 1226 954 in-

269 984 394 1015 veterati
403 981 518 1012 doloris
527 982 542 1001 ²
550 977 585 1014 est
592 987 676 1008 enim
689 975 770 1005 tarda
779 975 828 1003 illa
837 972 950 1014 quidem
960 971 1097 999 medicina
1105 989 1112 1003 ‚
1127 967 1172 1008 sed
1181 974 1227 995 ta-

270 1036 332 1055 men
352 1034 475 1064 magna,
495 1032 585 1064 quam
602 1019 688 1060 affert
706 1017 897 1057 longinquitas
909 1035 918 1048 ,
937 1014 971 1046 &-
986 1013 1052 1042 dies.
1071 1011 1160 1052 jubes
1178 1019 1227 1039 me

268 1067 353 1098 bona
362 1068 491 1106 cogitare
501 1084 509 1097 ‚
522 1061 662 1092 oblivisci
672 1060 833 1090 malorum.
856 1057 969 1087 diceres
977 1054 1089 1095 aliquid
1097 1073 1105 1086 ,
1121 1053 1153 1082 Sc
1164 1060 1229 1080 ma-

268 1119 332 1151 gno
351 1108 474 1149 quidem
492 1101 672 1146 philosopho
690 1101 818 1142 dignum
829 1119 838 1132 ‚
858 1097 879 1128 fi
891 1108 922 1128 ea
936 1098 1016 1127 bona
1027 1096 1149 1126 sentires
1158 1091 1228 1124 effe,

272 1161 337 1192 quae
352 1148 445 1180 effent
460 1149 585 1177 bomine
600 1142 779 1185 digniffima.
824 1138 1027 1180 ⁶Pyffiagoras
1046 1137 1125 1167 mihi
1145 1133 1165 1164 fi
1185 1134 1232 1163 di-

271 1202 368 1226 ceret,
390 1200 440 1221 aut
450 1193 599 1221 Socrates,
622 1195 671 1216 aut
681 1186 782 1216 Plato:
805 1183 887 1224 Qid
895 1182 994 1221 jaces?
1010 1177 1142 1219 autquid
1155 1184 1232 1205 moe-

270 1237 339 1266 ¹res?
359 1242 466 1264 auteur
476 1229 645 1262 succumbis
656 1248 664 1261 2
681 1226 819 1266 cedisque
828 1225 979 1254 tortunae?
998 1231 1064 1262 quae
1072 1218 1234 1264 pervellere

271 1286 303 1307 te
321 1274 442 1306 forsitan
460 1273 609 1313 potuerit,
630 1270 663 1300 &
675 1277 822 1309 pungere:
844 1275 907 1296 non
926 1267 1027 1305 potuit
1044 1260 1124 1293 certe
1143 1261 1235 1290 vireis

273 1318 419 1358 frangere.
443 1325 548 1355 magna
564 1323 605 1342 vu
621 1311 657 1348 est
676 1312 706 1340 in
725 1307 896 1339 virtutibus.
919 1316 966 1336 eas
980 1307 1095 1338 excita,
1116 1301 1137 1332 fi
1154 1300 1233 1331 forte

275 1360 442 1390 dormiunt.
463 1359 525 1397 jam
537 1355 591 1386 tibi
602 1355 694 1384 aderit
703 1354 839 1393 princeps
848 1347 1005 1382 fortitudo,
1016 1356 1080 1388 quae
1091 1354 1119 1376 te
1129 1345 1234 1375 animo

274 1411 359 1433 tanto
377 1398 436 1431 ess'e
452 1407 555 1439 coget,
574 1405 608 1427 ut
624 1397 728 1426 omnia
741 1414 749 1428 ‚
768 1403 834 1434 quae
844 1389 953 1432 poffint
963 1390 1084 1420 homini
1098 1387 1233 1418 evenire,

277 1451 457 1475 contemnas
468 1461 476 1475 ‚
497 1441 531 1470 &
541 1449 595 1480 pro
606 1438 705 1468 nihilo
716 1445 811 1477 putes.
834 1434 926 1464 aderit
936 1432 1131 1472 temperantia
1141 1449 1150 1462 ,
1170 1435 1237 1468 quae

277 1484 322 1516 est
335 1484 438 1514 eadem
453 1482 620 1513 moderatio
636 1491 641 1509 z
661 1479 678 1509 {i
691 1489 740 1509 me
753 1477 878 1518 quidem
891 1474 994 1516 paullo
1009 1473 1078 1503 ante
1096 1470 1238 1512 appellata

273 1526 444 1567 frugalitas:
458 1534 523 1565 quae
534 1533 561 1553 te
572 1523 705 1561 turpiter,
718 1520 750 1550 &
761 1519 899 1559 nequiter
908 1516 1002 1546 facere
1012 1514 1091 1545 nihil
1101 1515 1236 1553 patiatur.

280 1567 365 1608 Qid
375 1565 418 1596 est
429 1574 528 1596 autem
539 1565 667 1604 nequius
680 1583 688 1595 ,
700 1570 751 1592 aut
759 1562 875 1600 turpius
884 1557 1067 1588 effaeminato
1076 1558 1163 1585 viro?
1176 1557 1191 1581 7
1200 1562 1237 1582 ne

282 1608 396 1649 justitia
405 1606 530 1648 quidem
541 1604 615 1634 sinet
625 1613 652 1634 te
663 1603 715 1633 ista
728 1602 838 1632 facere:
859 1596 874 1619 8
882 1601 933 1630 cui
944 1599 1112 1628 minimum
1125 1593 1183 1625 ess'e
1193 1595 1239 1623 vi-

283 1651 371 1682 detur
387 1651 419 1678 in
438 1649 491 1678 hac
503 1647 587 1677 causa
600 1646 705 1686 loqui:
724 1653 790 1685 quae
802 1651 903 1673 tamen
914 1642 953 1671 ita
962 1640 1059 1673 dicet,
1081 1637 1240 1677 dupliciter

281 1690 342 1723 esse
363 1700 390 1721 te
410 1688 554 1729 injustum
567 1708 575 1721 ‚
595 1697 664 1717 cum
684 1687 717 1716 ὅ(
729 1686 862 1715 alienum
877 1691 993 1723 appetas
1005 1701 1016 1714 ‚
1035 1682 1088 1721 qui
1105 1677 1240 1709 mortalis

284 1743 370 1764 natu-s
381 1752 389 1766 ‚
401 1731 611 1762 conditionem
624 1727 755 1768 postules
764 1726 985 1756 immortalium
997 1742 1005 1756 ,
1019 1723 1051 1752 &
1060 1723 1186 1762 graviter
1195 1717 1240 1748 fe-

281 1785 327 1806 ras
339 1795 348 1808 ,
368 1784 396 1804 te
407 1794 416 1807 ,
432 1771 515 1813 quod
533 1770 681 1802 utendum
698 1770 844 1808 acceperis
856 1787 864 1800 ,
884 1762 1051 1796 reddidisse.
1075 1761 1240 1802 prudentiae

282 1816 357 1848 vero
375 1815 447 1856 quid
462 1812 655 1853 respondebis
669 1832 678 1844 ,
698 1814 713 1838 9
725 1810 835 1840 dicenti
850 1807 989 1836 virtutem
998 1805 1054 1844 fise
1068 1804 1117 1842 ff
1132 1809 1241 1832 conten—

282 1867 345 1889 tam
355 1877 363 1891 ,
375 1867 428 1899 quo
438 1855 515 1884 modo
523 1854 561 1883 ad
568 1852 632 1883 bene
640 1851 795 1882 vivendum
805 1870 812 1883 ,
820 1849 861 1890 fic
872 1849 952 1881 &ad
960 1846 1037 1876 beate
1049 1850 1061 1875 ‚²
1077 1855 1142 1886 quae
1154 1843 1175 1874 si
1186 1852 1240 1873 ex-

282 1899 428 1930 trinsecus
438 1898 556 1938 religata
567 1895 711 1935 pendeat,
725 1893 756 1923 &
768 1901 832 1922 non
843 1892 957 1920 oriatur
966 1889 981 1919 a
991 1889 1020 1918 se
1030 1907 1038 1922 ,
1052 1888 1085 1918 ὃς
1094 1887 1193 1917 rursus
1204 1886 1239 1916 ad

282 1942 312 1972 se
322 1949 494 1973 revertatur,
507 1938 539 1968 &
550 1938 656 1968 omnia
665 1937 714 1966 sua
723 1934 884 1974 complexa
892 1932 970 1962 nihil
980 1938 1089 1971 quaerat
1097 1928 1218 1959 aliunde
1231 1939 1237 1957 z

285 1993 351 2014 non
362 1981 500 2022 intelligo
508 2000 519 2013 ‚
529 1989 580 2010 cur
589 1987 638 2009 aut
648 1977 746 2008 verbis
755 1984 815 2006 tam
826 1976 1021 2005 vehementer
1031 1970 1162 2001 ornanda
1171 1990 1179 2005 ,
1191 1979 1240 2001 aut

284 2035 316 2056 re
327 2032 476 2064 tantopere
487 2020 654 2062 expetenda
663 2019 808 2049 videatur.
831 2016 876 2047 Ad
891 2017 952 2045 haec
963 2014 1043 2044 bona
1058 2023 1106 2043 me
1121 2011 1141 2042 fi
1155 2022 1240 2042 revo-

287 2077 336 2097 cas
346 2086 354 2100 ,
368 2067 494 2106 Epicure
504 2084 512 2098 ,
528 2072 615 2103 pareo
626 2082 635 2095 ‚
650 2062 772 2102 sequor,
784 2068 852 2089 utor
863 2067 890 2088 te
901 2058 966 2097 ipso
975 2056 1067 2089 duce,
1081 2055 1242 2085 obliviscor

287 2106 379 2138 etiarn
393 2107 543 2137 malorum
555 2124 563 2138 ‚
583 2103 709 2144 utjubes
721 2123 730 2135 ,
750 2111 847 2142 eoque
858 2098 976 2130 facilius
988 2119 996 2132 ‚
1017 2096 1100 2139 quod
1115 2106 1198 2127 eane
1211 2098 1242 2126 in

286 2145 517 2190 malisquidem
535 2145 675 2188 ponenda
693 2144 808 2176 censeo.
832 2142 882 2174 sed
900 2140 1028 2173 traducis
1046 2140 1243 2181 cogitationes

341 2197 348 2208 ,
365 2201 367 2203 ,

1251 123 1796 186 CicERosszis

1251 227 1331 248 meas
1347 215 1383 247 ad
1399 217 1573 257 voluptates.
1584 208 1660 257 quas
1668 208 1937 257 ?corporis,eredo‚
1952 225 2001 249 aut
2012 227 2076 260 quae
2087 218 2224 259 propter·⁸

1251 269 1357 299 corpus
1373 261 1419 289 vel
1436 258 1662 291 recordatione,
1680 259 1728 288 vel
1747 259 1794 298 spe
1803 263 1980 301 cogitentur.
2003 262 2153 301 numquid
2163 258 2207 290 est

1252 301 1354 332 aliud?
1373 300 1492 330 restene
1510 302 1685 339 interpretor
1703 300 1877 332 sententiam
1891 306 1994 333 tuam?
2014 304 2206 334 solentenim

1255 342 1301 373 isti
1314 352 1418 382 negare
1428 351 1485 372 nos
1494 341 1663 382 intelligere
1672 361 1681 375 ‚
1699 341 1773 382 quid
1782 341 1859 372 dicat
1869 345 2012 383 Epicurus
2022 365 2030 378 ,
2049 345 2107 375 hoc
2117 344 2204 375 dicit,

1257 387 1286 404 ¹0
1298 385 1330 415 &
1341 387 1398 414 hoc
1410 384 1460 413 ille
1470 384 1627 416 acriculus,
1638 391 1688 413 me
1698 382 1835 413 audiente
1846 403 1854 417 ‚
1871 385 1995 415 Athenis
2006 387 2097 417 senex
2108 386 2208 418 Zeno,

1256 426 1381 456 istorum
1399 423 1582 456 acutiffimus
1592 444 1600 458 ‚
1622 424 1802 455 contendere
1812 445 1823 458 ‚
1845 425 1877 454 δε
1897 435 2001 467 magna
2021 437 2095 457 voce
2111 427 2211 457 dicere

1257 468 1385 498 solebat:
1407 476 1477 498 eum
1495 464 1554 496 esse
1569 467 1689 497 beatum
1701 486 1709 500 ‚
1730 469 1782 506 qui
1798 466 1989 506 praesentibus
2009 468 2215 509 voluptatibus

1258 509 1423 542 frueretur,
1441 507 1664 548 confideretque
1676 509 1704 538 se
1716 507 1877 538 fruiturum
1888 510 1979 538 autin
1992 513 2097 543 omni,
2117 511 2210 539 autin

1260 560 1367 592 magna
1376 559 1454 594 parte
1464 552 1533 579 vitae
1545 570 1554 582 ,
1563 548 1565 551 ’
1574 550 1682 580 dolore
1691 559 1755 580 non
1767 551 2003 579 interveniente:
2021 560 2070 580 aut
2085 550 2105 579 si
2120 551 2215 581 inter-

1259 602 1376 623 veniret
1386 613 1395 625 ‚
1407 594 1426 621 li
1437 592 1574 621 summus
1583 591 1661 622 foret
1672 612 1680 625 ‚
1695 590 1831 621 futurum
1844 592 1965 621 brevem
1978 601 1983 619 :
2000 589 2019 621 fi
2031 591 2213 631 produffior,

1261 637 1328 675 plus
1341 634 1646 672 habiturumjucundi
1659 654 1666 665 ‚
1679 634 1769 673 quam
1782 633 1870 663 mali:
1889 634 1952 663 haec
1960 635 2142 674 cogitantem
2151 632 2216 662 fore

1262 678 1382 707 beatum
1395 696 1402 709 ,
1414 675 1578 715 praesertim
1590 673 1611 704 fi
1622 675 1654 705 ὅτ,
1664 674 1731 705 ante
1743 676 1894 715 praeceptis
1904 674 1993 705 bonis
2002 682 2162 704 contentus
2172 674 2218 704 es-

1262 719 1314 752 set,
1328 721 1337 737 ¹
1346 722 1356 737 ¹
1368 728 1423 747 nec
1433 725 1576 750 mortem,
1588 727 1643 748 nec
1651 717 1723 747 deos
1733 716 1951 746 extimesceret.
1976 712 2077 746 Habes
2085 715 2215 746 formam

1262 761 1383 800 Epicuri
1402 761 1471 789 vitae
1489 758 1600 792 beatae,
1618 758 1717 789 verbis
1731 758 1873 797 Zenonis
1883 756 2047 797 expressam
2061 777 2069 791 ,
2089 757 2167 787 nihil
2185 765 2218 788 ut

1262 801 1349 842 possit
1359 802 1467 842 negari.
1491 804 1521 820 ¹2
1531 800 1613 841 Qid
1621 802 1710 842 ergo?
1726 800 1853 840 hujusne
1863 802 1931 830 vitae
1940 798 2114 840 propositio,
2126 799 2158 829 &
2168 808 2221 828 co-

2241 718 2279 753 18

1262 846 1366 886 giratio
1382 852 1431 873 aut
1447 841 1602 882 Thyesten
1620 843 1716 872 levare
1734 843 1865 882 poterit,
1881 850 1931 871 aut
1950 844 2066 872 AEetam
2079 861 2087 874 ‚
2107 840 2144 871 de
2160 849 2221 880 quo
2243 866 2246 867 γ

1264 886 1365 927 paullo
1377 885 1444 915 ante
1460 884 1544 918 dixi,
1565 892 1614 914 aut
1624 885 1826 914 Telamonem
1840 902 1849 916 ,
1869 883 1987 923 pulsum
2001 885 2092 923 pati-ia
2103 903 2112 915 ,
2132 882 2224 912 exsu-

1266 930 1379 959 lantem
1391 947 1400 960 ,
1410 935 1495 967 atque
1506 935 1644 967 egentem
1656 929 1666 953 ?
1677 935 1708 955 in
1718 934 1779 966 quo
1790 926 1851 954 haec
1861 925 2020 954 admiratio
2031 923 2137 954 fiebat:

1361 970 1476 998 Hiccine
1485 966 1518 1004 est
1530 967 1641 997 Telamo
1653 968 1697 996 ille
1706 987 1714 1001 ‚
1734 965 1811 996 modo
1827 977 1910 1008 quem
1921 967 2017 1008 gloria
2026 966 2065 995 ad
2072 965 2164 996 calum
2175 975 2225 995 ex-

1479 1010 1550 1039 tulit
1561 1013 1572 1039 ?

1364 1055 1391 1080 ¹3
1404 1052 1501 1133 Qersn-
1512 1050 1707 1091 aspestabant?
1728 1053 1806 1092 cujus
1815 1049 1846 1081 ob
1855 1061 1882 1081 os
1892 1050 1976 1081 Graii
1989 1061 2036 1081 ora
2046 1049 2227 1081 obvertebant

1496 1104 1544 1122 ua.

1271 1135 1361 1178 de
1373 1135 1391 1166 fi
1404 1137 1463 1169 cui,
1484 1144 1515 1166 nt
1524 1137 1564 1165 ait
1576 1135 1657 1165 idem
1670 1155 1678 1168 ,
1691 1138 1721 1161 ¹4
1730 1133 1816 1165 simul
1827 1136 1948 1165 animus
1958 1145 2028 1165 cum
2040 1145 2070 1166 re
2079 1133 2230 1168 concidit,

1270 1180 1285 1208 a
1301 1177 1440 1218 gravibus
1459 1177 1518 1206 illis
1531 1178 1662 1218 antiquis
1675 1178 1861 1217 philosophis
1877 1177 2002 1217 petenda
2013 1177 2162 1206 medicina
2171 1175 2228 1210 est,

1273 1230 1336 1250 non
1356 1219 1392 1250 ab
1411 1220 1458 1248 his
1474 1220 1659 1259 voluptariis.
1682 1229 1771 1259 quarn
1783 1220 1869 1249 enirn
1879 1218 1928 1249 isti
1940 1218 2094 1252 bonorum
2104 1219 2225 1258 copiam

1272 1262 1376 1292 dicunt
1386 1265 1396 1290 ?
1406 1260 1451 1291 fac
1462 1260 1530 1291 sane
1542 1259 1600 1291 effe
1610 1261 1764 1291 summum
1777 1260 1892 1291 bonurn
1903 1281 1912 1293 ‚
1926 1271 1989 1291 non
1998 1260 2108 1290 dolere.
2120 1268 2228 1299 quam-

1273 1313 1364 1345 quam
1385 1303 1415 1333 id
1437 1313 1500 1333 non
1520 1312 1644 1333 vocatur
1659 1304 1805 1343 voluptas.
1829 1303 1879 1333 sed
1892 1312 1956 1333 non
1971 1301 2085 1333 neceffe
2096 1300 2138 1331 est
2147 1310 2229 1330 nunc

1275 1347 1388 1376 omnia.
1413 1344 1483 1375 idne
1500 1344 1543 1375 est
1554 1365 1563 1379 ,
1581 1344 1642 1386 quo
1657 1344 1785 1375 traducti
1801 1344 1919 1374 lufkum
1936 1346 2094 1375 levemus?
2110 1341 2144 1373 fit
2160 1341 2232 1372 sane

1276 1388 1433 1419 summum
1453 1388 1568 1417 malurn
1579 1407 1589 1421 ,
1608 1387 1721 1417 dolere.
1745 1389 1776 1416 in
1796 1397 1833 1416 eo
1852 1389 1941 1428 igitur
1952 1406 1961 1420 ‚
1979 1387 2032 1427 qui
2049 1395 2113 1416 non
2126 1382 2168 1414 est
2179 1403 2187 1418 ,
2208 1381 2232 1414 si

1278 1430 1359 1461 malo
1368 1437 1463 1460 careat
1473 1450 1481 1462 ,
1494 1431 1682 1459 continuone
1692 1427 1801 1458 fruitur
1811 1429 1933 1459 summo
1943 1429 2025 1458 bono
2036 1426 2130 1468 ?quid
2141 1426 2235 1465 tergi-

1277 1472 1428 1503 versamur
1438 1491 1447 1504 ,
1469 1470 1610 1511 Epicure,
1637 1480 1692 1500 nec
1702 1470 1831 1500 fatemur
1840 1480 1905 1500 eam
1916 1480 1973 1500 nos
1982 1469 2080 1500 dicere
2091 1468 2232 1507 volupta-

1278 1523 1351 1547 tem,
1360 1521 1449 1553 quam
1460 1512 1585 1542 tuidem
1597 1532 1607 1545 ,
1629 1511 1736 1541 ¹5cum
1752 1522 1786 1541 os
1797 1510 1976 1550 perfricuisti
1990 1531 1998 1544 ‚
2017 1510 2094 1540 soles
2109 1509 2207 1539 dicere
2218 1512 2231 1538 ἓ

1277 1556 1345 1585 sunt
1356 1556 1417 1584 haec
1427 1563 1475 1583 tua
1483 1554 1571 1584 verba
1581 1572 1590 1586 ,
1602 1556 1719 1583 necne?
1735 1555 1768 1582 in
1780 1563 1817 1583 eo
1827 1553 1951 1593 quidem
1962 1553 2040 1582 libro
2049 1570 2058 1585 ,
2069 1554 2121 1592 qui
2130 1552 2233 1582 contl-

1277 1604 1329 1626 net
1338 1605 1465 1626 omnem
1476 1595 1664 1635 disciplinam
1678 1604 1759 1625 tuam
1771 1593 1887 1635 (fungar
1896 1596 1980 1625 enim
1987 1594 2051 1633 jam
2062 1593 2233 1632 interpretis

1277 1647 1401 1667 munere
1412 1656 1420 1670 ‚
1440 1647 1477 1666 ne
1487 1639 1553 1677 quis
1567 1646 1618 1666 me
1627 1645 1711 1676 putet
1719 1635 1841 1676 fingere)
1852 1636 1927 1666 dicis
1939 1637 2009 1667 haec.
2033 1636 2095 1663 Nec
2107 1633 2236 1675 equidem

1277 1678 1359 1708 habeo
1375 1678 1449 1720 quad
1465 1679 1621 1718 intelligam
1633 1677 1734 1707 bonum
1752 1678 1823 1706 iuuat
1832 1698 1840 1711 ,
1857 1678 2000 1707 detrahens
2009 1687 2054 1706 eas
2061 1676 2234 1717 voluptates,

1277 1731 1335 1791 {ua
1343 1721 1441 1760 Jizpore
1450 1720 1642 1761 percipiuntur
1654 1739 1662 1752 ‚
1672 1720 1868 1748 detrahens-eas
1876 1739 1885 1753 ‚
1897 1729 1956 1760 qua
1963 1718 2067 1748 auditu
2076 1737 2085 1751 ‚
2098 1717 2133 1750 ὼ·
2141 1718 2236 1747 (santi-

1298 1771 1349 1791 us:
1366 1761 1507 1790 detrahens
1516 1771 1560 1790 eas
1571 1761 1676 1794 etiam,
1696 1771 1756 1801 qua
1772 1769 1806 1789 ea:
1819 1761 1918 1799 formu
1931 1760 2132 1802 percipiuntur*
2142 1759 2235 1793 oculu,

1272 1804 1376 1843 suaves
1393 1803 1543 1835 motiones,
1559 1801 1621 1842 five
1636 1812 1695 1844 qim
1705 1801 1766 1831 aliae
1781 1803 1941 1844 voluptates
1952 1803 1986 1831 in·
1998 1809 2055 1831 roto
2065 1801 2174 1830 homine
2185 1801 2238 1841 gi-

1273 1851 1403 1890 girantur
1415 1843 1543 1885 quolibet
1549 1843 1639 1884 sensu.
1662 1846 1724 1873 Nec
1731 1842 1795 1873 vero
1807 1851 1850 1874 tta
1858 1844 1916 1874 dici
1928 1842 2023 1886 poteft'
2033 1862 2044 1877 ,
2062 1844 2158 1871 mentis
2167 1841 2239 1872 lari-

1278 1895 1353 1917 tiam
1368 1886 1457 1926 [olam
1471 1884 1521 1924 effe
1538 1886 1568 1915 in
1587 1885 1667 1915 honio.
1691 1886 1840 1916 laetantem
1854 1887 1938 1916 enim
1949 1894 2086 1915 mentem
2097 1886 2136 1914 ita
2149 1885 2238 1918 novi,

1279 1929 1328 1969 spe
1337 1937 1444 1958 eorum
1456 1929 1599 1958 omnium
1611 1947 1620 1962 ‚
1637 1935 1706 1968 quae
1719 1927 1896 1967 supradixi,
1907 1926 1972 1957 fore
1982 1936 2015 1957 ut
2024 1935 2128 1958 natura
2137 1927 2174 1956 iis
2182 1930 2241 1966 po-

1280 1973 1356 2005 tiens
1368 1990 1376 2003 ,
1395 1969 1500 2000 dolore
1508 1978 1610 2000 careat.
1634 1973 1732 2010 Atque
1742 1970 1804 1999 haec
1817 1969 1944 2011 quidem
1954 1969 2002 1999 his
2012 1968 2129 2002 verbis,
2139 1969 2242 2009 quivis

1281 2021 1313 2042 ut
1333 2012 1479 2057 intelligat
1497 2032 1507 2046 ‚
1532 2022 1623 2052 quarn
1642 2013 1838 2051 voluptatem·
1850 2012 1932 2042 norit
1953 2010 2108 2050 Epicurus.
2130 2009 2242 2040 deinde

1282 2054 1383 2095 paullo
1393 2054 1470 2084 intra
1482 2073 1490 2086 ‚
1509 2063 1601 2083 SAEPE
1615 2063 1767 2092 QQAEswi
1779 2052 1901 2094 (inquit)
1911 2054 1996 2083 exiis
2005 2071 2015 2086 ,
2027 2054 2080 2093 qui
2089 2052 2243 2092 appellan-

1283 2105 1329 2126 tur
1339 2096 1495 2136 sapienteS,
1507 2093 1537 2114 ¹⁶
1546 2095 1620 2136 quid
1630 2095 1783 2129 haberent,
1794 2095 1875 2136 quod
1885 2096 1918 2125 in
1929 2094 2017 2125 bonis
2026 2094 2243 2134 relinquerent,

1289 2136 1311 2169 fi
1328 2138 1379 2169 iila
1388 2136 1582 2170 detraxissent
1593 2158 1603 2173 ‚
1615 2141 1647 2168 ¹7
1655 2136 1712 2168 nisi
1722 2135 1742 2167 fi
1752 2138 1867 2169 vellent
1875 2146 1968 2168 voces
1977 2137 2094 2167 inaneis
2104 2135 2241 2166 fundere.

2166 2176 2246 2207 nihil

326 2273 351 2290 ι.
371 2265 493 2289 Extenuat
502 2261 531 2292 52³
543 2260 637 2293 diluit]
659 2260 690 2286 ln
702 2259 777 2286 nullo
789 2258 874 2294 reperi
886 2256 1010 2284 Lambini
1022 2256 1102 2282 deluit.

326 2309 353 2326 τι..
376 2299 446 2333 Qud
461 2298 562 2323 human?
575 2296 676 2330 ferenda
685 2296 820 2329 intelligit]
841 2295 884 2321 Sic
895 2293 1030 2320 Vic'iorius
1050 2290 1152 2318 edidit:
1177 2292 1205 2317 Sc
1218 2290 1249 2317 sic

289 2335 402 2362 hibetur
412 2336 438 2361 in
451 2334 520 2360 Pali.
531 2331 636 2358 secund.
648 2338 713 2358 tert.
723 2332 811 2366 quint.
822 2331 936 2366 primus,

289 2371 408 2398 ustionem
420 2371 573 2396 Vaticanam
586 2387 593 2400 ‚
604 2367 666 2401 quod
674 2369 780 2392 humana
788 2367 889 2392 hiemari?
898 2365 994 2397 ferenda
1006 2385 1013 2397 ,
1025 2371 1117 2400 utpote
1128 2362 1249 2399 liquidis-

290 2408 382 2435 simam
394 2408 420 2432 &
431 2407 564 2442 propriam
576 2403 701 2431 Ciceroni
711 2401 783 2428 infra
794 2411 851 2438 cap.
861 2409 909 2436 27.
924 2410 950 2436 p.

330 2452 356 2480 3.
377 2447 440 2469 Nam
450 2444 565 2468 revocatio
581 2442 623 2466 illa
640 2448 711 2474 quam
721 2438 817 2473 affin]
843 2437 938 2465 Lamb.
956 2438 1082 2465 avocatio,
1103 2433 1250 2469 quodlicet

290 2480 399 2506 damnet
411 2478 541 2505 Gulielm.
559 2483 684 2511 tanquam
705 2478 719 2502 c
738 2473 932 2509 coujeetatione
943 2471 1066 2498 Lambini
1078 2478 1188 2502 ortum,
1209 2478 1250 2497 ta-

293 2525 354 2544 men
367 2514 475 2552 proefert
485 2514 637 2541 Vaticanus.

332 2559 360 2585 4.
381 2551 548 2577 Fodicanribm
556 2550 585 2574 iis
595 2547 690 2582 rebam]
712 2546 769 2574 Pal.
780 2545 998 2583 pizfoditamibm:
1010 2542 1081 2579 quod
1092 2542 1127 2570 est
1138 2542 1251 2577 asidam.

294 2588 359 2616 ficut
369 2588 433 2613 casti
444 2586 497 2617 illi,
508 2585 571 2612 teste
582 2584 669 2615 Festo,
679 2584 807 2610 dixerunt
818 2582 960 2619 projodere.

336 2633 361 2657 5.
378 2625 444 2656 Qia
461 2629 554 2648 natura
564 2621 691 2646 datumef?
707 2621 825 2645 auxilium
843 2625 978 2652 extorqueiu
996 2617 1128 2641 inveterati
1144 2613 1251 2647 doloris]

296 2660 369 2696 Qia
383 2658 473 2685 inveni
487 2658 514 2684 in
534 2655 689 2683 melioribus
699 2654 778 2682 codd.
799 2653 867 2680 Pali.
886 2660 952 2679 tert.
964 2659 1051 2688 quart.
1072 2650 1145 2677 Pith.
1165 2650 1252 2676 Vatic.

296 2695 361 2721 hanc
372 2694 513 2721 leffiionem
526 2692 612 2728 recepi
622 2692 647 2718 in
659 2691 816 2718 contextum
829 2700 834 2717 :
856 2696 883 2716 at
895 2687 961 2715 illud
973 2694 1109 2721 extorque-u
1119 2686 1199 2712 etiam
1211 2694 1252 2712 re-

298 2731 366 2765 liqui
377 2739 430 2757 tra-s
443 2730 511 2756 Pau.
528 2729 641 2764 amplius
656 2727 781 2754 afferunt.
803 2726 901 2760 vulgo:
924 2723 1008 2759 quodti
1026 2730 1119 2748 natura
1126 2723 1211 2747 datum
1221 2724 1257 2747 εἴτ’

299 2769 427 2798 auxilaam,
437 2766 654 2799 extorques‚ju-aet.
665 2762 794 2790 inoffenso
804 2761 911 2797 quidem
922 2759 1009 2792 cursu,
1021 2766 1100 2796 prout
1111 2757 1255 2793 Magistelli

300 2801 454 2836 capiebant5
473 2800 516 2827 fed
530 2809 621 2826 vereor
633 2809 663 2826 an
676 2800 806 2826 levitime.

338 2837 365 2862 6.
384 2840 524 2870 Pythagoras
534 2837 617 2870 mihist
625 2835 735 2869 dicei-en]
752 2836 793 2861 lta
804 2833 870 2860 Pall.
881 2842 921 2870 pr.
932 2831 982 2859 sec.
993 2837 1081 2867 quart.
1093 2830 1181 2866 quint.
1197 2829 1254 2856 mss.

302 2872 412 2898 Suffrid.
424 2873 507 2898 Vatis.
528 2872 569 2898 led
581 2871 678 2907 nequid
689 2871 848 2897 diffimulcm
862 2888 869 2901 ‚
890 2870 916 2897 in
927 2876 1022 2907 quarto
1033 2867 1066 2894 sic
1075 2866 1200 2902 scriptum
1211 2865 1255 2893 of-

302 2907 377 2934 fendi
391 2917 396 2933 :
419 2910 473 2932 mihi
485 2910 580 2942 etiamsi.
601 2908 668 2934 alias
680 2917 689 2938 3
710 2909 805 2940 mihific
815 2906 911 2932 diceret.

340 2951 366 2976 7.
388 2945 518 2975 chzestitia
531 2944 685 2977 quidemfinet
694 2941 882 2975 te'ijllasacere]
906 2939 1004 2967 Immifi
1016 2945 1077 2965 ante
1087 2940 1131 2969 ista
1141 2937 1257 2973 particu-

304 2979 357 3005 lam
370 2977 411 3004 seu
423 2978 626 3012 provocabulinn
638 2986 671 3009 te,
681 2988 714 3005 ex
727 2978 794 3005 Pall.
806 2985 895 3014 quart.
908 2977 996 3012 quint.
1008 2975 1072 3002 Fab.
1084 2975 1222 3000 vaticano.

295 3023 297 3028 ’
330 3013 368 3054 ¹8.
387 3015 561 3053 Cfuiminimum
580 3014 619 3045 effe
628 3015 758 3040 <videturi>1
777 3016 822 3040 hac
839 3013 917 3039 camd
932 3012 1000 3045 loci]
1022 3013 1063 3038 Ita
1072 3019 1132 3037 cum
1145 3009 1258 3045 vulgatis

303 3048 451 3079 Vifiorius.
464 3048 539 3074 rabi:
551 3051 587 3072 cui
598 3051 706 3074 minimus
716 3050 755 3081 effi-
764 3051 862 3075 videtur
870 3053 895 3075 in
905 3051 949 3074 hac
959 3048 1035 3074 causa*
1043 3049 1117 3072 locus.
1138 3047 1258 3072 ceterum

305 3085 423 3121 quinque
436 3083 502 3109 l'all.
516 3083 584 3122 l’itli.
606 3087 663 3108 min.
676 3086 715 3115 effa
725 3086 779 3110 vid.
797 3089 822 3110 in
843 3088 887 3110 hac
905 3085 977 3117 causti
986 3085 1055 3117 loqui.
1080 3091 1158 3118 quam
1172 3091 1258 3109 veram

303 3120 355 3149 effe
366 3120 520 3150 lec‘cionem,
531 3126 657 3144 evincunt
668 3118 817 3152 sequentia:
841 3130 889 3154 qu:
897 3128 976 3145 tamen
984 3122 1020 3145 ita
1031 3119 1099 3144 dicet.

339 3166 370 3191 9.
390 3158 482 3182 Dicenti
490 3158 606 3180 virtutem
619 3154 667 3186 sest:
676 3155 714 3187 effi
725 3157 879 3189 contentam]
902 3155 1001 3181 Partim
1017 3154 1152 3187 vietor-io,
1163 3153 1259 3189 partim

303 3193 372 3222 Pili.
383 3191 489 3220 secund.
501 3190 565 3219 Fab.
577 3190 649 3221 l'ith.
670 3189 795 3217 vaticano
806 3189 884 3217 debes
898 3190 963 3221 hauc
974 3189 1118 3218 lefiiionem
1131 3200 1138 3217 ς
1162 3198 1224 3219 nam
1234 3189 1260 3217 hi

1275 2254 1317 2316 lisff,

1312 2261 1426 2290 itegram
1440 2263 1448 2285 ;
1470 2253 1516 2280 ille
1528 2254 1556 2286 se
1573 2256 1652 2279 minut
1660 2253 1772 2289 praestat.
1793 2252 1875 2288 vulgo
1888 2271 1896 2283 ,
1915 2252 2008 2277 virtute
2018 2249 2244 2284 seeffi'rontentam.

1306 2290 1334 2316 -d
1348 2291 1414 2317 istud
1433 2289 1588 2318 etiamst-ias
1607 2290 1696 2316 docenti
1712 2289 1808 2316 restare
1817 2289 1844 2315 in
1863 2287 1921 2315 Pal.
1933 2294 1997 2314 tert.
2016 2285 2089 2312 Pith.
2108 2283 2173 2312 Fab.
2192 2291 2247 2310 non

946 2332 1063 2354 humana.
1084 2326 1249 2363 proeferole-
1294 2328 1392 2353 dicenti.

1333 2371 1375 2389 ιο.
1386 2366 1419 2388 Ει
1428 2364 1468 2388 hoc
1476 2363 1512 2388 ille
1520 2363 1642 2388 acriculus
1650 2370 1685 2386 me
1694 2360 1829 2394 audiente]
1851 2357 2007 2386 Feliciffima
2017 2357 2073 2383 haec
2082 2356 2118 2383 est
2129 2353 2248 2382 Turnebi

1292 2397 1457 2432 conjeStiira.
1473 2400 1488 2424 a
1500 2397 1586 2424 Vatic.
1599 2397 1631 2423 ad
1642 2397 1748 2422 oculum
1760 2394 1959 2431 repraesentata:
1983 2403 2061 2429 quam
2072 2392 2179 2423 adjuvat
2186 2391 2250 2417 Pal.

1293 2442 1356 2460 tert.
1367 2437 1486 2467 agriculae¹
1498 2453 1507 2464 ‚
1527 2432 1673 2458 scribendo.
1693 2431 1756 2468 quid
1768 2431 1876 2458 sentiam
1889 2450 1897 2462 ‚
1917 2429 2022 2466 disputo
2032 2430 2058 2456 in
2073 2426 2248 2468 CrepundiiS.

1295 2470 1350 2496 l’al.
1363 2477 1451 2505 quart.
1471 2470 1586 2495 atricolm
1595 2467 1705 2494 solemni
1725 2467 1871 2494 imitatione
1881 2478 1892 2493 ο
1901 2476 1949 2503 pro
1958 2475 1985 2492 n.
2006 2474 2063 2501 quae
2072 2464 2105 2490 de
2122 2465 2250 2499 icriptura

1292 2505 1324 2531 de
1344 2505 1422 2541 plano
1441 2504 1583 2531 lefiiionem
1605 2504 1670 2531 hanc
1687 2503 1769 2530 dubio
1788 2503 1896 2529 eximit.
1916 2503 1987 2528 Nam
2003 2500 2128 2538 ,νὶὲὶοῒὶο
2147 2499 2250 2536 iplimet

1294 2541 1336 2568 suu
1343 2551 1366 2567 m
1379 2542 1526 2576 &ngfixmss>
1535 2540 1670 2575 displicuit
1681 2549 1690 2571 ;
1701 2540 1746 2575 qui
1757 2541 1876 2564 Graculus
1886 2537 1960 2564 nobis
1972 2536 2107 2564 obtrusum
2118 2537 2152 2568 it,
2163 2537 2178 2561 ii
2188 2542 2252 2570 gra—

1293 2578 1359 2604 culis
1379 2577 1464 2603 forliin
1480 2577 1592 2612 accepit.
1615 2576 1697 2612 vulgo
1708 2577 1826 2603 Graculus
1836 2574 1963 2602 mendose
1977 2593 1985 2606 ,
2003 2581 2033 2600 ut
2051 2572 2195 2600 indicatum
2213 2569 2251 2597 est

1296 2614 1418 2640 Victorio
1428 2620 1506 2648 atque
1519 2612 1659 2639 Lambino.

1336 2659 1345 2676 i
1355 2659 1377 2676 1.
1397 2653 1444 2675 Nec
1454 2656 1548 2674 mortem
1558 2658 1598 2674 nec
1609 2648 1659 2673 deos
1669 2646 1850 2681 extimescerem]
1871 2645 1988 2673 Auc‘iioi'
1997 2646 2032 2672 est
2042 2643 2139 2671 duabus
2150 2641 2253 2677 primo-

1297 2685 1369 2747 iii-bikils
1381 2685 1488 2712 vocibus
1508 2684 1593 2711 editio
1603 2683 1718 2711 ViCtorii
1730 2695 1736 2710 ;
1758 2683 1826 2710 Pali.
1838 2683 1967 2719 quinque,
1983 2680 2040 2708 mss.
2050 2676 2160 2707 Suffrid.
2172 2677 2252 2704 Fabr.

1321 2730 1341 2748 it
1365 2742 1371 2748 .

1338 2767 1379 2784 12.
1391 2758 1459 2792 Qd
1465 2767 1515 2790 ergo
1526 2757 1641 2790 ?hujufire
1651 2759 1707 2782 vitae
1716 2755 1832 2788 propofiiio
1841 2755 1870 2785 ἐν
1880 2752 2011 2787 cogitarim]
2032 2751 2096 2777 Non
2108 2748 2198 2775 addixi
2210 2757 2254 2775 me

1299 2794 1342 2820 hic
1352 2794 1474 2820 Viciorio
1490 2794 1627 2826 prtqwsitam
1645 2792 1787 2819 ostentanti
1799 2801 1805 2818 :
1829 2799 1888 2817 Cum
1907 2787 1975 2816 illud
1986 2788 2106 2822 propifitio
2122 2785 2208 2812 exstet
2226 2785 2253 2811 in

1298 2830 1421 2858 omnibus
1433 2829 1527 2861 nostris
1539 2827 1594 2854 mss'.

1338 2875 1347 2892 ι
1355 2875 1380 2902 3.
1399 2867 1471 2898 Qem
1480 2864 1659 2898 aspendum]
1677 2864 1722 2890 Ita
1730 2858 1877 2891 Vidini-ius.
1889 2860 1946 2886 Pal.
1957 2868 1997 2894 pr.
2009 2856 2060 2885 sec.
2071 2857 2157 2894 quint.
2168 2856 2256 2885 Vatic.

1301 2903 1374 2929 Pith.
1386 2902 1454 2928 Pall.
1467 2902 1529 2927 vero
1543 2901 1651 2931 tertius,
1663 2906 1752 2934 quart.
1763 2898 1840 2924 Fabr.
1850 2897 2026 2929 exspcaabam.
2122 2925 2126 2928 Ι

1339 2946 1380 2971 14.
1400 2934 1576 2963 Simulanimm
1586 2945 1637 2960 cum
1646 2945 1670 2960 re
1680 2934 1802 2965 concidit]
1815 2934 1875 2958 Vct.
1887 2930 1970 2957 codex
1982 2930 2036 2956 l'all
2044 2950 2049 2955 .
2060 2926 2138 2965 prim.
2149 2926 2256 2955 secund.

1301 2981 1364 3000 tert.
1377 2974 1463 3010 quint.
1476 2974 1550 3006 simul
1557 2974 1653 2997 animus
1671 2979 1718 2995 rem
1735 2968 1845 2994 condidit.
1866 2974 1952 3003 quart.
1972 2966 2108 2992 recondidit.
2127 2964 2171 2992 sed
2189 2963 2258 2991 illud

1302 3010 1416 3037 nostrum
1430 3015 1537 3035 tuentur
1549 3006 1620 3039 Vici.
1630 3005 1764 3038 ceterique
1775 3003 1921 3029 editionum
1936 3002 2073 3039 manipuli.
2120 3014 2123 3016 ’

1342 3055 1350 3072 i
1359 3055 1384 3079 5.
1404 3045 1461 3070 Ciaem
1470 3053 1494 3070 os
1500 3041 1666 3075 pvflt'cussti]
1687 3040 1764 3066 Fabr.
1781 3049 1822 3064 nos
1840 3040 2005 3071 perstrinxisti.

1342 3082 1384 3107 16.
1403 3079 1467 3113 Qid
1482 3079 1594 3104 haherent
1606 3095 1614 3106 ‚
1633 3075 1726 3109 quadiu
1736 3076 1798 3101 bonis
1808 3074 1991 3109 relinquerent]
2013 3073 2081 3100 Pall.
2093 3078 2159 3100 tert.
2170 3075 2259 3107 quart.

1302 3117 1361 3151 quod
1369 3117 1454 3141 homini
1463 3115 1546 3146 relinq.
1558 3111 1646 3146 quint.
1656 3111 1717 3144 quod
1723 3111 1814 3144 quidem
1825 3114 1849 3135 in
1861 3112 1922 3137 bonis
1932 3112 1975 3136 rel.
2156 3119 2158 3122 ·

1342 3161 1382 3185 17·
1409 3150 1490 3182 Nisifi
1504 3148 1589 3172 vetlem
1598 3155 1666 3171 voces
1685 3147 1795 3180 manes]
1820 3146 1963 3182 Eleganter
1974 3145 2007 3173 fic
2016 3143 2152 3174 Visstorius
2164 3162 2173 3176 ,
2191 3149 2221 3170 ut
2231 3143 2262 3169 δε

1305 3187 1373 3216 Pall-
1384 3194 1425 3222 pr.
1437 3191 1500 3213 tert.
1512 3189 1600 3219 quart.
1612 3181 1691 3212 Fabi.
1702 3182 1769 3211 alias
1783 3182 1920 3211 omittitur
1921 3184 1955 3218 fi.

2149 3223 2174 3242 ι.
2182 3215 2266 3248 Refer-
