2360 3400
133 878 177 904 22

121 1721 166 1755 23

124 2374 174 2407 24

465 158 672 204 ΕΡιεΤ,
712 170 791 200 AD
829 154 1169 205 Tritonem,
1204 169 1280 201 ET
1318 159 1546 213 AnioS,
1581 159 1707 204 [ΑΒ.
1749 161 1889 208 XVI.

2071 176 2156 223 771

200 237 368 271 certiorem.
393 240 403 257 ¹
418 236 531 268 Habes.
551 234 884 276 deponcndaetibisunt
896 233 1085 265 urbanitates.
1108 245 1160 264 ru·
1182 235 1186 270 Ι
1205 234 1241 264 de
1259 233 1348 265 rebus
1358 235 1441 266 volui
1454 236 1487 266 ad
1499 245 1528 266 te
1539 236 1644 277 saepius
1655 237 1798 269 scribere:
1818 250 1882 271 non
1894 241 1967 281 quin
1978 238 2160 271 confidi—rtis.

200 281 292 313 sticus
302 283 460 311 Romanus
469 277 565 308 faetus
575 287 616 307 es.
640 277 807 318 Qomodo
823 286 879 318 ego
896 278 974 307 mihi
990 286 1072 306 nunc
1088 285 1156 306 ante

200 323 307 353 oculos
315 331 402 352 tuum
408 318 657 361 jucundissimum
669 318 863 360 conspefibam
875 326 1013 359 propono
1024 329 1033 353 ς
1052 317 1158 348 videor

199 366 285 395 enim
294 363 396 394 videre
403 370 559 392 ementem
569 370 596 391 te
607 370 639 390 ru
645 359 727 391 sticas
739 371 783 390 res
794 381 802 394 ,
823 371 892 391 cum
908 361 1012 390 villico
1026 360 1158 400 loquen-

194 414 282 440 tem,
301 407 334 434 in
351 404 458 434 lacinia
476 403 639 434 servantem
654 412 691 433 ex
705 403 807 433 mensa
817 401 943 433 secunda
954 401 1076 432 semina.
1098 400 1155 431 Sed

220 446 281 477 uod
291 446 326 476 ad
336 456 400 476 rem
410 446 559 485 pertinet,
579 454 628 474 me
639 454 703 475 tum
715 445 768 474 ribi
780 442 906 474 defuisse
916 463 924 477 ,
944 442 1028 484 aeqne
1039 461 1048 475 ,
1067 452 1099 472 ac
1110 451 1152 476 tu,

195 456 299 518 doleo.
322 487 379 518 Sed
396 488 462 517 noli
481 486 633 520 dubitare,
654 487 805 520 m1Tiro,
825 488 938 526 quinte
950 485 1154 514 sublevaturus

196 529 252 560 firn
265 550 274 563 ,
292 527 313 559 fi
331 529 426 560 modo
441 528 560 560 fortuna
576 538 641 558 me:
664 529 826 569 praesertim
845 526 918 558 cum
929 527 1039 560 sciam,
1066 535 1155 556 com-

198 581 327 602 munem
346 571 436 602 nobis
454 580 573 601 emtum
589 567 649 600 effe
666 569 758 600 istum
775 569 917 599 fundum.
942 571 990 598 De
1005 566 1154 598 mandatis

195 613 278 655 quod
296 613 351 644 tibi
369 624 447 644 curae
464 612 540 646 fuit,
564 611 607 642 est
619 613 695 641 mihi
709 621 834 653 gratum.
857 610 915 642 Sed
931 619 1001 650 peto
1020 608 1036 640 a
1054 618 1100 643 te,
1122 617 1155 639 ut

187 655 287 696 'quam
297 656 453 686 celerrime
466 656 543 684 mihi
554 655 690 684 librarius
701 655 836 683 mittatur
846 673 855 686 ‚
877 651 1013 682 maxime
1026 650 1149 691 quidem

196 699 317 727 Graecus
331 709 336 727 :
357 697 488 727 multum
501 698 577 726 mihi
590 697 672 725 enim
684 696 807 734 eripitur
825 704 922 734 operae
938 696 971 723 in
981 692 1151 723 exscriben-

195 738 243 770 dis
253 740 511 780 hypomnematis.
534 741 584 768 Tu
599 737 692 768 velim
708 738 740 765 in
757 737 865 776 primis
881 743 964 765 cures
975 754 983 768 ‚
1004 742 1036 764 ut
1045 733 1151 767 valeas,

193 798 226 819 ut
245 789 304 819 una
328 780 589 824 συμφόλολογεῖν
613 785 767 826 poffimus.
797 786 968 815 Antherum
991 783 1047 814 tibi
1065 793 1152 814 com-

196 831 319 863 mendo.
344 830 427 859 Vale.

368 871 602 901 TULLIUS
621 869 835 900 TIRONI,
850 869 973 898 S.P.D.

253 918 340 945 peno
359 922 399 943 ex
413 913 471 941 tuis
480 912 586 941 litteris
597 910 652 940 tibi
662 908 774 939 melius
788 906 861 938 esse:
877 911 968 948 cupio
978 908 1066 939 certe.
1093 910 1149 939 Cui
1170 943 1172 951 .

252 956 377 997 quidem
387 954 428 983 rei
439 953 526 982 omni
536 954 651 982 ratione
666 961 734 982 cura
743 959 776 980 ut
786 951 927 981 inservias
941 962 945 979 ;
967 950 1000 980 &
1009 960 1078 981 cave
1090 951 1150 981 sus-
1171 957 1172 960 ’

190 1000 298 1040 piceris
309 1017 319 1030 ‚
338 1003 442 1026 contra
459 1003 557 1024 meam
574 994 761 1023 voluntatem
773 1002 801 1023 te
815 991 926 1026 facere,
947 992 1031 1034 quod
1041 1002 1105 1022 non
1114 991 1150 1023 sis

190 1048 323 1071 mecum.
346 1046 468 1067 mecum
480 1045 511 1065 es
523 1055 531 1069 ,
549 1034 570 1065 fi
588 1044 617 1066 te
635 1044 728 1066 curas.
751 1037 849 1076 Qare
859 1035 978 1064 malote
988 1034 1149 1065 valitudini

189 1090 248 1113 tuae
256 1081 364 1111 servire
375 1098 384 1110 ,
406 1078 496 1118 quam
509 1079 586 1108 meis
604 1077 701 1107 oculis
713 1097 721 1111 ‚
742 1076 774 1107 ὃς
787 1076 917 1107 auribus.
941 1074 999 1107 Etfi
1012 1078 1097 1106 enim
1114 1076 1148 1107 &

186 1122 278 1155 audio
289 1130 316 1152 te
327 1141 335 1154 ,
348 1120 380 1150 &
389 1119 478 1150 video
490 1119 620 1150 libenter
631 1130 636 1148 z
654 1128 756 1149 tamen
767 1120 824 1149 hoc
835 1119 933 1148 multo
943 1120 1016 1152 erit,
1037 1116 1056 1148 si
1068 1119 1149 1151 vale-

186 1165 234 1196 bis
243 1183 252 1198 ‚
268 1161 439 1204 jucundius.
464 1164 528 1203 Ego
537 1159 584 1192 hic
595 1159 674 1191 ceffo
685 1181 693 1194 ‚
705 1162 776 1202 quia
786 1160 847 1200 ipse
856 1160 934 1191 nihil
944 1160 1054 1191 scribo:
1078 1160 1147 1202 lego

184 1215 285 1238 autem
296 1202 502 1236 libentiffime.
517 1206 568 1234 Tu
579 1203 654 1236 istic,
665 1201 684 1232 fi
693 1202 767 1243 quid
777 1203 887 1232 librarii
900 1212 967 1233 mea
977 1212 1069 1232 manu
1080 1212 1146 1233 non

184 1248 374 1289 intelligent,
395 1244 585 1276 monstrabis.
610 1248 678 1275 Una
692 1246 824 1274 omnino
838 1243 1025 1284 interpositio
1035 1242 1146 1275 diffici-

186 1291 245 1320 lior
255 1289 298 1320 est
310 1310 316 1322 ,
328 1297 417 1330 quarn
429 1297 467 1317 ne
477 1287 537 1327 ipse
546 1287 668 1328 quidem
679 1285 768 1317 facile
778 1287 872 1328 legere
883 1287 966 1316 soleo
976 1306 984 1320 ‚
1002 1290 1015 1306 ²
1026 1285 1062 1316 de
1072 1296 1145 1327 qua-

185 1331 289 1363 dtimo
298 1333 418 1362 Catone.
443 1332 490 1359 De
501 1331 635 1360 triclinio
646 1348 654 1362 ‚
671 1338 757 1362 cura,
779 1328 900 1359 utfacis.
925 1330 1029 1359 Tertia
1039 1328 1143 1363 aderit,

184 1372 281 1404 modo
300 1383 338 1403 ne
354 1371 477 1402 Publius
495 1379 613 1412 rogatus
632 1369 675 1400 sit.
709 1372 884 1400 Demetrius
903 1369 958 1400 iste
977 1380 1145 1410 numquam

182 1417 317 1446 omnino
327 1413 484 1445 Phalereus
491 1411 565 1443 fuit:
579 1412 629 1442 sed
639 1421 721 1442 nunc
730 1412 818 1451 plane
830 1413 965 1442 Bilienus
975 1411 1027 1442 est.
1041 1415 1145 1453 Itaque

184 1458 263 1488 redo
273 1456 427 1487 vicarium.
451 1462 483 1485 tu
494 1464 564 1484 eum
576 1453 758 1484 observabis.
782 1453 841 1484 Etsi
853 1465 859 1483 ;
877 1463 1087 1484 verumtamen
1105 1453 1143 1484 de

182 1499 264 1529 illis:
284 1496 365 1528 nosti
373 1504 477 1527 cetera.
499 1496 556 1527 Sed
567 1505 668 1526 tamen
679 1515 687 1529 ‚
707 1494 819 1536 siquem
832 1506 903 1526 cum
919 1506 957 1526 eo
971 1497 1145 1526 sermonem

183 1540 341 1573 habueris,
360 1537 467 1568 stribes
480 1538 515 1568 ad
533 1548 602 1572 me,
622 1547 654 1568 ut
673 1538 750 1567 mihi
769 1539 902 1568 nascatur
915 1537 1050 1578 epistolae
1060 1548 1147 1579 argu-

184 1591 323 1612 mentum
335 1601 344 1615 ,
366 1580 399 1611 δε
417 1588 450 1610 ut
462 1588 524 1610 tuas
534 1579 626 1621 quam
636 1578 822 1621 longisfimas
830 1581 940 1611 litteras
950 1581 1058 1621 legam.
1080 1582 1144 1610 Cu-

182 1634 213 1655 ra
223 1643 231 1658 ,
243 1625 289 1654 mi
297 1625 374 1654 Tiro
385 1641 394 1656 ‚
409 1630 443 1653 ut
454 1622 561 1653 valeas.
581 1623 639 1653 hoc
648 1623 727 1652 mihi
736 1624 848 1663 gratius
856 1621 951 1654 facere
961 1622 1039 1652 nihil
1048 1629 1145 1663 potes.

184 1666 270 1697 Vale.

292 1708 530 1738 TULLIUS
551 1708 744 1738 TIRONI
763 1708 863 1737 SUO
881 1727 890 1741 ,
912 1709 983 1740 S.P.
996 1709 1036 1737 D.

281 1751 313 1779 U
334 1747 407 1779 vero
422 1747 540 1779 confice
558 1746 770 1788 profeffionem
781 1768 790 1782 ‚
812 1747 833 1778 si
842 1758 937 1789 potes.
961 1747 1011 1780 etsi
1021 1751 1082 1781 haec
1091 1758 1144 1790 pe-

281 1792 371 1821 cunia
387 1799 427 1820 ex
447 1799 484 1819 eo
501 1799 609 1831 genere
628 1788 671 1820 est
681 1810 689 1823 ‚
710 1799 744 1820 ut
767 1789 947 1830 profeffione
968 1800 1033 1821 non
1052 1799 1145 1832 egeat.

182 1834 402 1863 Verumtamen
414 1831 523 1862 Balbus
540 1829 576 1862 ad
595 1841 646 1861 me
656 1830 783 1871 scripfit‚
802 1841 883 1862 tanta
896 1832 925 1862 se
939 1834 1081 1873 epiphora
1090 1842 1147 1873 op-

182 1871 314 1913 press'um
327 1894 336 1907 ‚
357 1873 429 1903 utlo
453 1873 485 1903 ui
495 1883 559 1903 non
568 1872 665 1914 poffit.
689 1875 842 1903 Antonius
858 1873 895 1904 de
914 1874 979 1914 lege
991 1873 1063 1915 quid
1078 1884 1147 1915 ege-

186 1917 245 1949 rit,
265 1916 350 1946 liceat
360 1915 455 1945 modo
467 1914 600 1945 rusticari
609 1934 618 1948 ,
633 1915 670 1945 ad
681 1916 878 1955 Bithynicum
889 1914 997 1955 scripsi.
1022 1918 1070 1946 De
1080 1919 1146 1947 Ser-

186 1957 264 1987 vilio
281 1966 313 1987 tu
330 1957 461 1990 videris,
480 1956 727 1998 quisenefiimtem
741 1966 805 1987 non
814 1959 997 1988 contemnis.
1020 1956 1080 1989 Etfi
1091 1960 1145 1988 At-

185 2009 262 2038 ticus
277 2008 394 2043 noster,
412 2010 482 2050 quia
495 2008 649 2050 quondam
666 2018 717 2039 rne
732 2009 925 2039 commoveri
939 2000 1088 2041 ‘mm’oefff
1100 2009 1147 2038 in-

184 2050 319 2085 tellexit,
338 2051 419 2082 idem
440 2051 555 2091 semper
575 2060 676 2092 purat,
695 2060 751 2081 nec
763 2050 865 2084 videt,
886 2048 996 2091 quibus
1007 2046 1149 2089 praefidiis

187 2092 385 2133 philosophiae
395 2093 501 2133 saeptus
516 2091 570 2123 firn
585 2104 590 2122 ;
609 2093 642 2123 &
652 2092 752 2123 hercle
763 2112 773 2126 ‚
789 2091 873 2133 quod
883 2090 1010 2122 timidus
1020 2091 1079 2131 ipse
1090 2090 1144 2125 est,

186 2129 402 2177 yvva’omffiT.
427 2143 492 2182 Ego
503 2150 603 2172 tamen
613 2143 743 2173 Antonii
751 2142 946 2172 inveteratam
958 2139 1019 2171 fine
1029 2141 1090 2171 ulla
1099 2140 1148 2172 of—

184 2180 320 2212 fensione
330 2184 495 2214 amicitiam
505 2185 633 2214 retinere
643 2184 712 2214 sane
723 2183 796 2213 volo
807 2183 1006 2224 :scribamque
1014 2182 1050 2213 ad
1061 2192 1144 2213 eum:

186 2223 235 2254 sed
245 2233 308 2254 non
319 2224 386 2255 ante
400 2245 409 2259 ‚
432 2225 524 2266 quam
544 2235 571 2256 te
585 2225 706 2256 videro:
726 2235 782 2255 nec
792 2234 893 2256 tamen
904 2234 932 2255 te
945 2234 1039 2256 avoco
1049 2224 1064 2255 a
1077 2225 1146 2266 syn—

185 2274 293 2315 grapha
315 2269 383 2315 26⁷⁹
406 2270 543 2309 κνήμης.
571 2276 639 2305 Cras
654 2273 796 2315 exspefi'm
814 2276 951 2315 Leptam.
975 2275 1089 2304 etenim
1110 2273 1147 2304 ad

187 2317 273 2357 cujus
284 2324 379 2346 rutam
389 2315 511 2356 pulegio
522 2317 601 2346 mihi
619 2318 661 2347 tui
673 2317 820 2347 sermonis
829 2316 978 2347 utendum
988 2315 1039 2346 est.
1063 2317 1147 2347 Vale.

361 2359 592 2389 TULLIUS
614 2360 826 2391 TIRONI,
846 2361 874 2389 S.
887 2361 917 2389 P.
930 2361 972 2388 D.

189 2397 325 2476 ETS1
341 2399 428 2430 mane
441 2400 605 2440 Harpalum
617 2400 758 2431 miseram
771 2410 777 2430 z
791 2408 901 2434 tamen,
912 2399 985 2430 cum
996 2399 1148 2434 haberem,

265 2440 402 2472 cuire&e
413 2440 515 2472 darem
530 2442 640 2474 litteras
650 2462 660 2477 ‚
681 2441 732 2473 etsi
754 2444 831 2473 novi
845 2442 926 2473 nihil
939 2451 1019 2477 erat,
1038 2443 1146 2474 iisdem

868 2589 1045 2617 sincerissima
1062 2590 1145 2617 leaio

185 2622 262 2649 liaecz't
274 2623 395 2650 Lambini
416 2623 489 2650 libris
500 2625 552 2651 est:
575 2633 652 2660 quam
663 2634 769 2660 quoque
787 2624 914 2661 deprendi
934 2625 960 2652 in
976 2626 1047 2652 Pali.
1065 2627 1142 2654 Vati-

182 2660 240 2686 cani
250 2660 396 2696 excerptis,
408 2661 435 2685 &
445 2659 592 2686 editionum
603 2660 732 2696 priniana.
753 2660 889 2687 Vic'korius
899 2660 1001 2688 edidit:
1023 2664 1095 2688 habes
1104 2664 1145 2689 ubi

178 2696 239 2727 fiint
257 2696 387 2729 deponendae
403 2697 566 2722 urbanitates.
588 2696 670 2731 vulgo
694 2696 777 2723 vero:
799 2698 877 2723 Habes
894 2699 935 2724 ubi
951 2698 1084 2731 deponenda
1101 2700 1145 2725 tibi

183 2732 234 2764 fint
241 2733 393 2757 urbanitates
398 2752 404 2757 .

227 2597 250 2614 1.
269 2589 363 2613 Habes:
381 2588 513 2621 deponendae
528 2591 572 2615 tihi
583 2589 642 2622 snm
658 2589 846 2623 urbanitates]

223 2775 251 2793 ι.
270 2771 304 2794 De
321 2769 443 2803 quadrimo
460 2768 573 2802 Canna]
594 2768 677 2795 Extat
687 2768 712 2795 iu
725 2768 845 2796 Palatino
862 2769 949 2804 primo
962 2788 970 2801 ,
990 2769 1071 2796 tertio
1082 2788 1091 2802 ,
1115 2770 1143 2796 Sc

187 2800 303 2830 editione
313 2804 508 2840 antiquissima,-
526 2808 559 2831 D:
568 2814 616 2839 qua
629 2808 706 2838 primo
715 2807 811 2831 carone.
832 2804 901 2832 uude
919 2805 963 2832 alii
975 2814 1033 2832 cum
1047 2807 1143 2832 Manu-

187 2837 227 2862 tio
238 2837 341 2873 legunt,
351 2840 376 2865 de
385 2841 509 2874 quoprimb
520 2848 610 2867 cauma.
630 2840 697 2872 Alii,
710 2841 816 2873 deprimo
825 2844 921 2868 Catone.
941 2851 986 2868 iios
998 2841 1024 2868 in
1035 2841 1084 2868 hoc
1095 2841 1143 2868 ob-

1203 275 1447 318 diligentiaetuae:
1463 278 1510 308 sed
1521 280 1624 309 reime
1635 281 1816 322 magnitudo
1827 282 1977 313 movebat.
2003 285 2162 322 Mihi-51⁴»-

1202 326 1230 346 ra
1244 337 1252 350 ,
1270 318 1416 359 &puppis
1428 340 1436 353 ‚
1453 328 1484 350 ut
1495 322 1667 351 Graecorum
1679 323 1873 362 proverbium
1885 324 1945 357 est.
1962 324 2019 354 fuit
2029 325 2044 355 a
2056 335 2103 354 uie
2116 326 2158 354 tui

1202 357 1396 394 dimittendi,
1408 370 1439 390 ut
1449 364 1578 392 rationes
1591 363 1703 394 nostras
1714 366 1886 404 explicares.
1910 365 2015 396 orium
2029 387 2037 399 ‚
2053 368 2087 396 dc.
2097 370 2160 396 Aua

1201 400 1278 430 relio
1291 403 1394 442 utique
1404 403 1471 433 satis
1483 402 1542 434 fiat.
1566 407 1592 434 A
1601 406 1736 436 Flamma
1748 427 1756 439 ‚
1769 405 1789 436 si
1799 416 1862 437 non
1874 416 1958 446 potes
1968 418 2059 438 omne
2072 418 2160 446 ‚par-

1201 448 1260 470 tem
1273 443 1402 482 aliquam
1414 445 1506 475 velim
1518 454 1696 487 extorqueas
1716 450 1764 477 :in
1776 451 1941 489 primisque
1951 471 1959 482 ,
1980 460 2011 479 ut
2021 450 2158 490 expedita

1200 480 1234 512 sit
1252 484 1355 522 pensio
1374 485 1517 515 Kalendis
1529 488 1595 527 Jan.
1627 491 1674 518 De
1694 490 1888 521 attributione
1904 513 1912 524 ,
1932 490 2084 522 conficies.
2111 491 2158 521 De

1198 526 1454 563 repraesentatione
1474 547 1482 561 ‚
1510 528 1636 559 videbis,
1667 533 1715 560 De
1732 531 1906 562 domesticis
1922 532 2075 563 backenus,
2108 536 2156 563 De

1198 565 1328 605 publicis
1347 569 1450 598 omnia
1463 570 1540 598 milii
1552 579 1627 600 certa
1638 591 1646 603 ,
1669 574 1740 612 quid
1751 572 1910 607 OEeavius,
1933 577 1982 615 qui
1995 578 2157 605 Antonius:

1199 617 1265 647 quae
1277 608 1441 638 hominum
1453 612 1558 650 opinio
1570 631 1577 643 ,
1599 613 1669 651 quid
1685 614 1821 644 futurum
1841 625 1935 655 putes.
1960 619 2024 658 Ego
2041 619 2094 646 vix
2114 626 2157 646 te-

1199 658 1275 678 neor
1285 669 1293 682 ‚
1311 652 1387 690 quin
1398 660 1557 681 accurram.
1585 655 1661 683 3sed
1674 655 1781 685 litteras
1792 666 1854 686 tuas
1864 658 2022 698 exspedsswt
2041 659 2073 688 δε
2085 659 2157 689 scito

1199 690 1325 720 Balbum
1349 700 1414 721 tum
1434 691 1521 722 fuisl'e
1533 696 1647 734 Aquini
1661 714 1668 726 .
1686 697 1759 727 curn
1779 700 1833 727 tibi
1851 699 1893 729 est
1903 699 2038 734 dicium,
2059 700 2157 740 &po--

1198 731 1300 762 stridie
1312 734 1461 763 Hirtium.
1485 738 1503 760 4
1514 737 1589 764 Puto
1599 745 1759 777 utrumque
1769 740 1803 768 ad
1814 750 1908 780 aquas.
1933 742 1988 772 Sed
1999 742 2078 782 quod
2090 751 2159 781 ege—

1194 774 1255 803 rint
1264 774 1434 804 Dolabellae
1449 785 1669 815 procuratores,
1689 779 1734 809 fac
1745 780 1971 814 admoneantur.
1995 784 2156 824 appellabis

1195 816 1286 845 etiam
1300 817 1432 856 Papiam.
1457 817 1539 848 Vale.

1388 868 1536 898 CICERO
1559 870 1632 898 FIL.
1656 871 1824 905 TIRONI,
1848 875 1918 903 s.1>.
1931 876 1970 904 D.

1270 913 1315 941 'rs
1324 921 1335 940 i
1355 910 1433 950 justa
1442 931 1451 945 ‚
1468 912 1620 944 &idonea
1630 915 1698 945 usus
1709 926 1739 945 es
1750 918 1940 948 excusatione
1951 919 1987 949 de
1999 920 2152 951 intermis-

1274 951 1355 982 sione
1369 953 1533 998 litteiarum
1545 964 1663 986 tuarum
1676 977 1684 990 ,
1704 966 1805 988 tamen
1823 959 1854 989 id
1876 969 1914 990 ne
1927 960 2034 1000 saepius
2051 962 2153 995 facias.

1194 1004 1276 1034 rogo.
1301 1004 1372 1025 nam
1385 998 1435 1025 etii
1444 995 1481 1026 de
1490 997 1591 1036 repub.
1603 999 1779 1029 rumoribus
1789 1020 1798 1034 ,
1814 1001 1847 1030 ὃς
1857 1004 1975 1031 nuntiis
1985 1005 2091 1032 certior
2101 1002 2151 1036 fio,

1195 1035 1228 1065 δε
1250 1035 1285 1066 de
1304 1038 1354 1067 sua
1371 1038 1404 1067 in
1424 1047 1474 1067 me
1494 1040 1647 1070 voluntate
1661 1041 1776 1081 semper
1785 1043 1820 1073 ad
1832 1053 1883 1073 me
1892 1044 2150 1084 perscribitpatcr.

1192 1085 1293 1108 tamen
1304 1078 1340 1108 de
1350 1081 1455 1125 quavis
1466 1081 1597 1111 minima
1606 1092 1636 1112 re
1646 1082 1749 1123 scripta
1765 1084 1780 1114 ὲ
1795 1094 1822 1114 re
1832 1085 1867 1115 ad
1878 1095 1927 1115 me
1936 1085 2062 1125 epistola
2073 1087 2140 1116 sem-

1190 1128 1243 1159 per
1258 1119 1318 1150 fuit
1335 1119 1514 1160 gravissima.
1538 1124 1635 1164 Qare
1654 1123 1727 1155 cum
1742 1127 1775 1156 in
1789 1128 1895 1166 primis
1915 1136 1978 1157 tuas
1991 1127 2152 1158 desiderem

1191 1162 1319 1196 litteras,
1340 1163 1407 1193 noli
1425 1166 1617 1195 committere
1629 1187 1637 1200 ‚
1656 1175 1689 1196 ut
1702 1167 1894 1199 excusatione
1911 1169 2013 1208 potius
2034 1170 2153 1209 expleas

1190 1202 1327 1235 officium
1337 1204 1505 1240 scribendi,
1520 1206 1611 1247 quam
1622 1207 1782 1239 affiduitate
1791 1209 1993 1250 epistolarum.
2019 1212 2101 1242 Vale.

1342 1258 1379 1294 Q.
1394 1258 1543 1288 CICERO
1564 1260 1717 1290 TIRONI
1738 1263 1817 1291 SUO
1831 1281 1839 1295 ‚
1862 1264 1891 1292 S.
1907 1264 1937 1292 P.
1953 1264 1993 1291 D.

1197 1298 1472 1375 VERBERAVt
1495 1311 1523 1333 te
1535 1305 1727 1345 cogitationis
1745 1308 1834 1337 tacito
1847 1306 1991 1337 duntaxat
1999 1308 2152 1341 convicio,

1293 1342 1376 1415 <huod
1390 1343 1547 1375 fasciculus
1557 1348 1629 1376 alter
1637 1346 1674 1377 ad
1688 1357 1737 1378 me
1745 1349 1810 1388 jam
1820 1347 1881 1379 sine
1892 1352 1951 1378 tuis
1963 1350 2069 1379 litteris
2089 1359 2155 1389 pei-—

1192 1384 1269 1415 latus
1277 1394 1292 1414 e
1324 1407 1329 1412 .
1354 1387 1430 1416 Non
1448 1395 1533 1426 potes
1542 1386 1672 1428 effugere
1682 1390 1772 1428 hujus
1781 1391 1874 1431 culpae
1885 1400 2020 1430 poenam.
2044 1393 2091 1421 De
2101 1401 2152 1430 pa-

1191 1435 1282 1457 trono
1292 1429 1410 1458 Marcus
1419 1427 1462 1458 est
1470 1428 1673 1460 adhibendus:
1688 1432 1770 1472 iique
1782 1433 1846 1466 diu,
1858 1433 1890 1462 &
1902 1433 2007 1463 multis
2017 1432 2154 1463 lucubra-

1190 1469 1325 1499 tionibus
1344 1478 1549 1502 commentata
1567 1473 1713 1504 oratione.
1737 1474 1807 1504 vide
1818 1483 1851 1504 ut
1861 1474 1985 1514 probare
2001 1472 2104 1514 possit.
2127 1484 2154 1504 te

1191 1520 1255 1541 non
1264 1509 1403 1551 peccasse.
1427 1512 1518 1542 Plane.
1538 1521 1565 1543 te
1583 1523 1675 1554 rogo,
1696 1513 1770 1546 ficut
1787 1516 1864 1546 olim
1879 1524 2006 1545 matrem
2022 1514 2153 1545 nostram

1188 1552 1284 1583 facere
1293 1554 1425 1583 memini
1436 1573 1444 1587 ‚
1468 1563 1534 1595 quae
1550 1554 1666 1596 lagenas
1680 1558 1770 1586 etiarn
1781 1558 1897 1587 inaneis
1907 1555 2095 1598 obfignabat‚
2116 1567 2153 1587 ue

1191 1594 1363 1625 dicerentur
1373 1597 1477 1625 inanes
1487 1596 1594 1638 aliquae
1604 1596 1691 1627 fuisse
1703 1617 1711 1630 2
1733 1608 1799 1640 quae
1810 1598 1917 1629 furtim
1926 1597 2020 1628 ess'ent
2027 1597 2153 1629 exsicca-

1189 1644 1225 1667 tae
1237 1646 1243 1666 :
1265 1634 1303 1666 sic
1312 1645 1342 1666 tu
1354 1656 1364 1670 ‚
1387 1638 1478 1668 etiam
1488 1635 1510 1668 si
1519 1658 1528 1672 ‚
1552 1638 1633 1679 quod
1643 1639 1749 1670 scribas
1759 1659 1768 1674 ‚
1792 1650 1855 1670 non
1866 1639 1989 1671 habebis
1999 1660 2008 1673 ,
2032 1640 2154 1670 scribito

1190 1687 1291 1709 tamen
1301 1698 1310 1713 ,
1334 1688 1374 1709 ne
1390 1678 1506 1710 furtum
1525 1678 1695 1711 ceffationis
1712 1680 1878 1722 quaefiviss‘e
1898 1681 2037 1712 videaris.
2060 1682 2154 1712 Valde

1188 1722 1273 1751 enim
1284 1722 1329 1751 mi
1339 1720 1456 1761 semper
1468 1721 1502 1752 &
1511 1731 1596 1758 vera,
1625 1722 1659 1755 δε
1672 1722 1772 1755 dulcia
1785 1726 1844 1755 tuis
1860 1723 1995 1765 epistolis
2008 1732 2154 1755 nuntian-

1188 1771 1246 1794 tur.
1270 1765 1349 1794 Ama
1358 1773 1416 1794 nos
1426 1783 1435 1798 ‚
1447 1763 1480 1795 &
1490 1764 1563 1795 vale.

1369 1814 1451 1853 QC.
1475 1815 1505 1844 Τ
1518 1812 1674 1845 IRONI
1697 1817 1792 1846 SUO
1808 1835 1817 1848 ‚
1840 1817 1870 1846 S.
1883 1817 1912 1845 P.
1925 1817 1966 1846 D.

1192 1856 1473 1933 MInichM
1492 1859 1570 1889 mihi
1582 1859 1824 1890 verberationem
1837 1858 2007 1890 cessationis
2022 1858 2149 1900 epistola

1303 1898 1421 1929 dedisti.
1437 1902 1529 1933 Nam,
1542 1910 1608 1940 quae
1618 1901 1733 1940 parcius
1743 1900 1832 1932 frater
1841 1901 2055 1942 perscripserat,
2064 1911 2151 1932 vere-

1189 1939 1299 1971 cundia
1318 1940 1458 1971 videlicet
1469 1961 1478 1976 ‚
1497 1941 1747 1982 &properatione
1758 1962 1767 1977 ,
1789 1953 1821 1973 ea
1832 1952 1863 1973 tu
1874 1942 1934 1973 fine
1945 1942 2151 1977 assentatione,

1190 1991 1222 2013 ut
1235 1990 1334 2016 erant,
1353 1982 1389 2013 ad
1405 1992 1455 2013 me
1475 1981 1609 2023 scripfisti
1620 2003 1629 2018 ‚
1650 1984 1684 2014 δε
1696 1984 1833 2015 maxime
1841 1984 1878 2015 de
1888 1985 2064 2015 consulibus
2072 1983 2150 2015 defi-

1188 2026 1284 2066 gnatis
1296 2034 1302 2053 ;
1322 2034 1399 2066 quos
1408 2034 1463 2066 ego
1472 2028 1593 2065 penitus
1603 2027 1679 2056 novi
1688 2025 1853 2056 libidinum
1865 2026 2059 2069 &languoris
2070 2025 2152 2057 effae-

1189 2064 1484 2097 minatiffimianimi
1494 2067 1619 2107 plenos:
1638 2069 1689 2108 qui
1703 2066 1759 2097 nisi
1776 2067 1792 2099 a
1808 2068 2018 2109 gubernaculis
2028 2067 2151 2099 receffe-

1189 2110 1251 2139 rint
1261 2127 1269 2142 ,
1288 2110 1462 2139 maximum
1473 2109 1509 2139 ab
1518 2110 1660 2140 universo
1669 2108 1823 2151 naufragio
1834 2111 2006 2150 periculum
2021 2109 2072 2141 est.
2095 2113 2152 2141 In-

1188 2149 1332 2181 credibile
1345 2149 1389 2180 est
1401 2171 1409 2183 ,
1433 2160 1499 2191 quae
1517 2160 1573 2197 ego
1592 2151 1664 2181 illos
1682 2151 1762 2185 scio,
1782 2151 1924 2192 oppolitis
1935 2153 2094 2183 Gallorum
2104 2162 2152 2183 ca-

1191 2191 1257 2222 stris
1269 2212 1278 2226 ‚
1290 2194 1322 2222 in
1332 2191 1442 2222 aestivis
1452 2191 1551 2223 fecisse
1561 2212 1570 2226 ‚
1581 2203 1658 2234 quos
1667 2193 1719 2223 ille
1731 2194 1805 2224 latro
1816 2214 1824 2227 ‚
1840 2192 1893 2224 nisi
1904 2194 2019 2235 aliquid
2032 2193 2149 2224 firmius

1188 2233 1280 2265 fuerit
1290 2254 1298 2267 ‚
1320 2234 1456 2264 societate
1465 2236 1611 2265 vitiorum
1626 2235 1761 2265 deliniet⁴
1786 2237 1847 2266 Res
1859 2234 1902 2266 est
1911 2245 1960 2267 aut
1969 2236 2148 2271 tribunitiis,

1189 2285 1238 2307 aut
1255 2276 1377 2316 privatis
1391 2274 1525 2306 consiliis
1538 2277 1715 2307 munienda.
1740 2279 1820 2308 Nam
1832 2276 1878 2308 isti
1891 2277 1951 2308 duo
1960 2280 2014 2308 vix
2024 2278 2091 2308 sunt
2102 2277 2149 2307 di-

1190 2319 1242 2360 gni
1254 2338 1263 2352 ,
1282 2319 1393 2358 quibus
1411 2318 1493 2348 alteri
1513 2318 1684 2352 Caesenam,
1703 2319 1786 2349 alteri
1798 2317 2036 2350 Cossutianarum
2054 2319 2150 2350 taber-

1192 2370 1298 2392 narum
1308 2359 1504 2390 fundamenta
1514 2360 1623 2390 credas.
1646 2363 1692 2391 Te
1704 2381 1712 2393 ‚
1733 2370 1766 2391 ut
1778 2360 1863 2395 dixi,
1880 2360 1945 2391 fero
1955 2362 2059 2392 oculis⁴
2085 2364 2148 2402 Ego

1190 2412 1246 2433 vos
1255 2402 1291 2433 ad
1306 2412 1317 2432 1
1327 2412 1338 2431 r
1348 2412 1373 2432 1.
1383 2401 1510 2432 Kalend.
1523 2401 1643 2436 videbo,
1654 2402 1781 2443 tuosque
1791 2403 1896 2433 oculos
1906 2423 1914 2437 ,
1927 2405 2016 2433 etiam
2029 2401 2047 2431 fi
2059 2412 2085 2432 te
2095 2412 2149 2433 ve-

1187 2447 1274 2475 niens
1285 2446 1318 2475 in
1337 2442 1441 2475 medio
1453 2443 1521 2474 foro
1535 2444 1650 2478 videro,
1669 2443 1856 2476 diss'aviabor.
1879 2447 1932 2475 Me
1944 2454 2021 2475 ama.
2039 2444 2124 2474 Vale.

1872 2488 1943 2533 M.
1979 2486 2149 2533 Tur.-

1183 2592 1245 2619 libri
1258 2592 1396 2624 habereut,
1416 2592 1535 2625 edscilicet
1544 2594 1649 2622 litteras,
1660 2591 1824 2624 fiiixit,fidst
1834 2596 1844 2616 .’
1852 2593 1957 2622 litteras,
1968 2591 2019 2622 <ly-c,

1216 2635 1245 2661 4.
1267 2632 1328 2654 Puro
1338 2635 1462 2661 utrumque
1472 2628 1505 2652 ad
1513 2637 1600 2662 aquas.
1619 2629 1666 2652 Sed
1671 2627 1732 2660 quod
1739 2627 1855 2661 egerint]
1878 2625 2038 2654 ViEroi-ianae
2047 2626 2146 2656 editio-

1180 2663 1219 2691 nis
1232 2664 1376 2691 leEliouem
1388 2664 1521 2690 tenuimus
1533 2682 1541 2695 ,
1562 2662 1729 2700 approbatam
1741 2664 1768 2689 Sc
1788 2663 1969 2690 confirmatam
1989 2664 2004 2689 εὶ
2024 2664 2147 2691 Palatino

1179 2699 1457 2735 sexto,Hittorpiauo.
1471 2700 1554 2731 Nam,
1567 2701 1666 2735 primus
1679 2698 1741 2725 ficut
1752 2699 1779 2724 Sc
1790 2698 1968 2734 antiquissima
1977 2699 2061 2726 editio
2073 2707 2147 2734 5puso

1181 2739 1298 2771 utrimque
1310 2737 1344 2762 ad
1363 2744 1440 2770 aquas·
1450 2736 1494 2769 scu
1505 2735 1566 2769 quod
1581 2736 1688 2768 elegerint
1698 2737 1749 2761 Dal.
1770 2742 1833 2767 prce.
1855 2734 1995 2762 Turnebus
2009 2744 2042 2762 ex
2053 2736 2144 2771 conje-

1182 2771 1259 2798 &ura
1269 2771 1425 2798 emendabat
1437 2790 1445 2802 ,
1467 2771 1506 2797 vel
1519 2781 1525 2797 t
1546 2778 1599 2804 puio
1609 2779 1735 2805 uti-umque
1744 2771 1778 2796 ad
1785 2780 1872 2805 aquas.
1894 2775 1968 2796 Emer
1975 2772 2035 2806 quia*
2042 2775 2130 2805 egerint
2142 2782 2151 2796 .-

1179 2807 1222 2834 νει
1230 2815 1286 2841 puto
1294 2816 1419 2842 utrumque
1429 2807 1462 2832 ad
1470 2816 1547 2841 aquae
1556 2810 1644 2833 Xeniaae
1656 2826 1663 2839 ,
1675 2807 1733 2841 quid
1741 2810 1827 2840 egerint
1839 2808 1957 2841 ,firibam
1968 2808 2002 2833 ad
2009 2815 2031 2833 re
2036 2809 2127 2841 scilicet
2136 2820 2143 2834 ι

1180 2843 1253 2880 quod
1265 2844 1396 2871 Lambino
1416 2843 1498 2878 magis
1513 2844 1599 2879 placet
1612 2863 1619 2874 ,
1638 2851 1716 2878 quain
1729 2843 1915 2870 Manutianum
1940 2851 2141 2871 commentum:

187 2871 330 2902 sturiffimo
339 2876 400 2902 loco
410 2876 476 2903 nihil
485 2877 516 2904 ad
522 2876 591 2903 ferre
601 2876 747 2908 adjumenti
765 2876 909 2913 poffumus.
928 2877 1063 2905 Palatinus
1083 2877 1143 2905 sex·
1174 2887 1232 2913 puta
1240 2888 1365 2915 utrumque
1375 2880 1408 2906 ad
1416 2888 1503 2913 aquas.
1516 2880 1617 2912 sciemus
1626 2880 1687 2913 qnod
1696 2881 1797 2912 egerint:
1812 2879 1884 2915 quod
1906 2887 1993 2907 tamen
2004 2880 2142 2915 aliquanto

189 2914 232 2934 tue
244 2908 346 2937 videtur
355 2911 480 2947 praeferre
490 2914 516 2938 dc·
525 2914 660 2947 qimdrlmio
667 2915 763 2939 Catone.

1180 2917 1307 2943 remotius
1319 2915 1367 2942 esse
1379 2914 1532 2950 ascriptum
1544 2915 1651 2950 vulgata
1661 2914 1806 2951 eademque
1816 2916 1926 2951 antiqua
1935 2916 1972 2943 ait
1984 2915 2063 2943 idem.
2076 2916 2142 2943 Edi-

214 2951 254 3004 ἱ.
273 2946 318 2971 sed
334 2949 425 2972 litteras
436 2956 500 2973 -aeuas
510 2950 643 2984 exspem]
665 2950 727 2976 Nou
738 2948 818 2976 aliter
828 2949 870 2975 hic
881 2949 952 2976 locus
964 2950 990 2976 iu
1002 2949 1141 2976 Medicaeo.
1178 2952 1263 2978 tioues
1275 2953 1338 2988 quip
1357 2951 1471 2978 eferunt
1485 2970 1492 2983 ‚
1509 2957 1565 2983 puto
1575 2958 1700 2985 utrumque
1710 2952 1828 2988 adaquas
1837 2953 1932 2987 semu:
1957 2952 2026 2980 uude
2040 2952 2141 2981 facien-

186 2977 211 3004 s:
238 2979 309 3006 Pali.
317 2982 420 3018 aliquot
428 2984 456 3009 &
466 2984 549 3011 editio
559 2986 654 3021 prima,
665 2985 888 3021 quemadmodum
899 2987 927 3012 &
937 2985 1073 3012 Vi6'mrius
1084 2985 1142 3011 edi·
1176 2987 1242 3015 dum
1253 2988 1334 3016 Gulie
1348 2987 1415 3015 mius
1425 2986 1476 3014 effe
1486 2994 1562 3023 putat
1571 2989 1743 3022 aquasfinias.

186 3013 230 3042 dit
241 3016 419 3052 ‚Jkdfilistetae
428 3027 484 3046 iim
491 3023 601 3057 exspem.
622 3021 765 3050 Lambinus
777 3032 830 3051 uon
840 3022 909 3050 male
921 3041 929 3055 ‚
949 3021 1019 3059 quod
1032 3022 1138 3059 quidam

1515 3169 1610 3197 Eeee
1620 3177 1635 3195 e
1655 3176 1672 3195 2
2029 3168 2140 3194 uvam

2171 896 2212 911 ,,,.

2177 907 2211 927 ¹—J

2175 1272 2221 1303 25

2172 1834 2213 1869 27
