2339 3379
629 140 1226 187 PHILIPPICA
1308 136 1625 182 Parma.
2003 147 2098 194 575

137 227 375 269 utquisquamte
386 225 492 257 timere
502 222 626 262 incipiat
637 240 645 255 ‚
667 231 772 251 eorum
785 241 793 255 ‚
811 222 862 261 qui
873 218 990 251 semela
1001 226 1028 248 te
1040 216 1097 248 fiut
1141 217 1221 250 laus,
1242 217 1294 258 qui
1311 226 1407 256 nuper
1421 226 1492 247 cum
1508 218 1597 247 Hiera
1610 217 1720 258 legatus
1735 214 1779 246 est
1792 214 1826 246 ad
1842 223 1868 246 te
1883 213 1987 244 missus
2004 225 2009 243 :
2031 222 2097 245 tum

139 270 256 300 liberati
267 272 386 300 timore.
410 269 485 297 Non
495 264 591 295 debeo
603 284 612 297 ‚
632 266 666 293 C.
678 263 771 293 Caesar
782 283 790 297 ‚
812 262 893 303 quod
905 260 968 291 fieri
979 260 1053 290 solet
1063 261 1095 289 in
1139 269 1242 300 regum
1253 257 1424 289 amicissimi
1437 280 1444 292 ,
1460 268 1524 289 tum
1536 258 1590 288 tibi
1601 261 1690 288 etiam
1703 279 1711 293 ,
1727 267 1759 289 ut
1768 259 1850 298 spero
1862 277 1871 291 ‚
1885 257 2009 297 probati.
2035 258 2096 286 Ex-

140 314 230 342 tantis
238 310 378 352 periculis
387 329 395 342 ,
412 316 524 338 tentare
535 326 544 340 ,
561 310 571 325 ¹
583 315 717 347 quonam
729 305 823 335 modo
834 303 964 334 dicendo
978 301 1094 331 miseri—
1139 303 1222 340 quire
1233 300 1269 330 de
1280 301 1428 330 Blesamio
1439 320 1447 334 ,
1468 300 1617 341 numquid
1635 300 1669 331 ad
1687 311 1785 342 regem
1803 308 1904 330 contra
1914 299 2093 339 dignitatem

138 353 272 384 cordiam
289 360 370 382 tuam
388 356 584 380 commovere
598 345 719 387 poffim.
742 347 820 376 nihil
829 354 905 386 opus
916 343 967 375 est.
991 351 1093 372 occur-
1139 350 1221 371 tuam
1231 342 1386 381 scripserit.
1401 345 1505 372 Hieras
1515 342 1637 382 quidem
1649 343 1764 372 causam
1775 348 1903 372 omnem
1916 340 2047 380 suscipit,
2059 338 2093 369 ὃς

137 404 201 426 rere
209 395 270 435 ipsa
280 394 354 424 solet
363 390 546 432 supplicibus
556 410 564 423 ‚
582 390 614 419 δε
623 387 798 419 calamitosis
809 408 817 423 ,
833 388 946 418 nullius
959 386 1094 415 oratione
1139 383 1318 413 criminibus
1327 384 1388 413 illis
1398 393 1452 423 pro
1463 394 1528 424 rege
1540 384 1702 426 sefiappom't
1712 394 1788 413 reum
1796 404 1804 418 ,
1817 384 1997 413 memoriam
2009 390 2092 411 tuam

138 444 267 467 evocata.
289 438 426 474 Propone
437 432 493 463 tibi
503 431 579 462 duos
589 441 687 472 reges:
708 430 781 461 &id
792 431 898 460 animo
908 425 1093 465 contempla·
1139 424 1298 463 implorat,
1317 434 1374 464 qua
1385 425 1463 454 vales
1473 426 1640 464 plurimum
1654 437 1659 454 :
1680 435 1765 467 negat
1781 435 1924 466 umquam
1940 425 1968 454 sc
1985 424 2000 453 a
2017 431 2044 453 te
2062 424 2096 452 in

139 488 171 508 re
182 497 191 511 ‚
210 476 290 518 quod
309 476 405 506 oculis
422 484 486 504 non
503 482 598 514 potes.
622 472 704 503 dabis
716 469 854 512 profecto
868 468 1091 500 misericordiae,
1138 467 1274 505 Deiotari
1286 467 1438 496 tetrarchia
1447 466 1552 505 pedem
1565 466 1720 497 discessisse
1733 479 1737 496 :
1759 468 1906 508 inprimis
1919 464 2028 495 finibus
2041 464 2094 494 tibi

137 518 219 560 quod
229 517 390 549 iracundiae
398 515 552 558 negavisti.
576 515 673 545 Multa
690 515 759 545 sunt
775 523 831 544 tuae
844 512 1012 543 clementiae
1026 519 1094 539 mo·
1139 508 1167 537 se
1178 505 1284 547 praesto
1297 505 1384 535 fuiss'e
1397 507 1470 537 dicit
1481 527 1488 539 ,
1511 508 1603 547 usquc
1613 509 1647 538 ad
1660 510 1785 539 ultimos
1795 510 1984 550 prosecutum
1997 518 2001 535 ·.
2021 505 2094 537 cuni

137 569 300 591 numenta:
321 559 369 590 sed
383 560 520 589 maxime
533 567 638 587 eorum
649 557 876 590 incolumitates,
895 553 1005 595 quibus
1020 551 1094 581 salu-
1116 582 1117 592 γ
1139 548 1155 579 ὲ
1168 549 1276 578 balneo
1285 546 1393 577 exisses
1404 567 1411 580 ‚
1432 558 1532 578 tecum
1548 551 1574 578 se
1587 548 1674 580 fuiss'e
1685 571 1694 584 ‚
1715 550 1787 580 cum
1798 552 1849 580 illa
1860 559 1984 580 munera
1995 549 2094 588 inspe*

136 611 200 632 tem
213 600 331 632 dedisti.
354 611 420 642 qua:
431 600 451 631 fi
463 602 495 630 in
504 601 626 640 privatis
640 599 769 638 gloriosa
783 598 867 630 sunt,
889 595 988 625 multo
1001 594 1095 634 magis
1116 602 1117 610 ¹
1138 589 1227 622 xiss‘es
1237 598 1356 619 cenatus
1368 609 1376 622 ‚
1394 589 1465 619 cum
1486 592 1517 619 in
1538 591 1678 621 cubiculo
1691 591 1887 622 recubuifl'es:
1907 591 2095 630 eandemque

135 643 460 674 commemorabuntur
470 643 499 671 in
509 640 629 682 regibus.
653 644 775 680 Semper
792 640 906 679 regium
926 645 1042 666 nomen
1061 637 1093 663 in
1116 663 1117 672 5
1137 631 1334 662 assiduitatem
1352 630 1405 661 tibi
1431 632 1457 660 sc
1475 631 1630 670 praebuisl'e
1648 633 1798 672 postridie.
1821 633 2019 674 quamobrem
2040 651 2048 664 ‚
2072 630 2094 659 si

136 686 190 716 hac
203 687 323 716 civitate
336 684 472 715 sanetum
486 683 559 714 fuit:
579 684 731 713 sociorum
742 680 813 711 vero
823 688 926 719 regum
940 678 1096 707 &amico-
1116 694 1118 716 l
1138 674 1210 714 quid
1220 682 1327 702 eorum
1339 692 1347 706 ,
1360 682 1423 713 quae
1435 672 1553 712 obieeta
1564 673 1628 703 suut
1639 694 1646 706 ‚
1660 677 1821 715 cogitatum
1834 676 1867 705 sit
1878 696 1885 709 ‚
1898 685 1961 704 non
1971 673 2094 714 recusat,

76 732 89 756 1
99 731 119 763 5
137 737 204 758 rum
215 747 224 761 ‚
237 725 466 758 sanctiflimum.
506 725 595 767 Qiod
606 734 722 754 nomen
733 724 764 752 hi
773 730 855 762 reges
866 729 904 749 ne
913 720 1093 750 amitterent,
1116 748 1118 761 Ι
1137 717 1213 755 quin
1225 714 1256 744 id
1266 713 1382 745 facinus
1392 734 1400 747 ,
1417 715 1502 744 suum
1515 714 1636 749 iudices.
1660 719 1805 756 roirca
1815 737 1822 750 ‚
1834 720 1865 748 c,
1877 718 1984 749 ῥὶς-Ἠ,
1999 715 2096 744 velim

135 778 164 800 te
174 768 300 803 victore,
311 770 478 799 timuerunt
488 778 494 797 :
503 775 654 798 retentum
665 764 750 796 vero,
761 763 795 792 &
804 764 819 792 a
830 770 857 791 te
867 758 1094 791 confirmatum,
1138 756 1294 787 existimes
1304 776 1312 790 ,
1332 756 1481 786 hodierno
1493 755 1540 785 die
1551 757 1730 786 sententiam
1743 767 1823 788 tuam
1836 779 1843 792 ‚
1867 768 1917 788 aut
1930 768 2000 788 cum
2016 757 2099 787 sum-

135 810 262 852 postcris
281 813 371 841 etiam
391 811 448 841 suis
469 809 628 840 tradituros
647 805 704 836 esse
721 802 855 834 confido.
879 805 1010 842 Corpora
1025 799 1094 830 verb
1117 822 1118 827 ,
1139 808 1194 828 mo
1205 798 1352 828 dedecore
1364 798 1564 842 miserrimam
1579 797 1692 838 pestem
1710 800 1934 838 importaturam
1949 798 2006 829 ess‘e
2021 801 2098 838 regi-

136 854 204 886 sua‚
223 863 278 893 pro
294 853 386 883 salute
400 861 504 893 regum
517 851 641 880 suorum
658 848 689 876 hi
706 847 794 887 legati
809 845 863 874 tibi
878 846 951 885 regii
965 842 1094 875 tradunt,
1117 868 1118 874 ,
1139 841 1194 871 bus
1205 861 1213 874 ‚
1232 849 1281 870 aut
1291 840 1481 869 incolumem
1492 843 1603 869 ramam
1614 850 1684 870 cum
1702 841 1790 870 salute
1804 852 1809 869 z
1825 851 1954 881 quorum
1969 842 2096 871 alterurn

138 897 255 928 Hieras,
267 895 300 924 ὃς
310 895 488 925 Blesamius,
501 891 534 921 ὅτ,
543 891 616 920 Anti
638 898 716 919 onus
725 908 733 922 ‚
745 887 819 921 tibi,
833 886 980 927 nobisque
991 886 1096 915 omni·
1139 892 1240 922 optare
1251 902 1259 915 ‚
1281 882 1406 912 illorum
1422 881 1602 912 crudelitatis
1611 881 1653 912 est
1666 893 1670 911 :
1691 882 1816 912 alterum
1829 883 1999 912 conservare
2013 902 2020 915 ‚
2039 883 2100 912 cle-

136 936 261 976 busjam
271 936 322 966 diu
332 937 419 968 noti,
431 933 596 972 eademque
630 931 665 962 de
676 930 709 960 &
720 931 831 960 virtute
843 927 984 969 praeditus
995 930 1097 966 Dory·
1118 932 1119 941 ¹
1144 926 1267 954 mentiae
1278 933 1344 954 tuae.

174 1004 305 1038 LQ0mm
313 1001 373 1027 modo
382 1000 473 1027 dicendo
483 999 666 1032 mIsericordiam
675 995 825 1029 tuam,&c.]
838 997 922 1022 Vetus
932 993 1135 1025 BasilicauuQ&
1144 1001 1261 1027 quonam.-
1272 991 1397 1018 videlicet
1410 1001 1503 1019 verum
1514 992 1657 1027 effe‚ecqu³.
1666 1003 1722 1019 nam
1733 995 1804 1020 modo.
1814 993 1900 1028 inqui:
1912 993 1933 1018 (L-
1940 991 2072 1018 uiizlmizzs
2079 1008 2085 1015 -

472 1068 567 1128 M.
650 1069 1059 1130 TULLII
1156 1064 1769 1128 CICERONIS

310 1161 500 1249 IN
644 1160 782 1246 M.
897 1155 1900 1246 ANToNiuM

138 1277 2102 1414 PHILIPPICA-RUM

554 1429 1674 1570 LIBERSESIMUS'

384 1601 1250 1671 PHILIPPICA
1373 1598 1846 1668 PRIMA.

469 1713 775 1762 ORATio
844 1710 1786 1776 QJADRAGESIMATERTIA.

407 1805 590 1843 NTEQAM
603 1802 639 1832 de
648 1801 812 1842 republica,
826 1807 921 1840 patres
930 1799 1104 1839 conscripti,
1147 1801 1202 1831 tias
1221 1800 1314 1831 ullius
1332 1800 1443 1830 decreti
1457 1800 1596 1835 Caesaris,
1615 1810 1665 1832 aut
1681 1800 1822 1832 beneficii
1840 1801 1986 1844 figeretur.
2010 1803 2109 1835 Multa

366 1873 371 1881 ,
404 1845 503 1876 dicam
518 1854 552 1874 ea
561 1864 571 1878 ‚
591 1854 657 1885 quae
671 1843 798 1874 dicenda
809 1843 868 1872 hoc
879 1849 1014 1880 tempore
1024 1841 1103 1871 arbi-
1145 1851 1288 1882 praetereo
1296 1863 1305 1876 ,
1318 1852 1409 1882 eaque
1416 1842 1562 1882 praeclara.
1583 1843 1617 1873 ad
1628 1843 1771 1884 singulare
1780 1846 1864 1874 enim
1874 1846 1909 1873 M
1913 1847 2051 1875 ..Antonii
2063 1845 2107 1876 fa-

313 1918 319 1920 ,
346 1910 366 1920 ,,
403 1895 465 1917 tror
483 1906 492 1921 ‚
513 1895 667 1926 exponam
686 1885 775 1915 vobis
794 1884 924 1914 breviter
939 1881 1100 1912 consilium
1146 1884 1231 1913 &um
1240 1883 1360 1914 festinat
1369 1886 1475 1914 oratio.
1499 1884 1688 1916 Dictaturam
1701 1905 1709 1918 ‚
1721 1895 1786 1926 quae
1796 1888 1860 1916 vim
1867 1887 1932 1926 jam
1943 1887 2106 1928 regiaepore-

327 1924 372 1967 ¹¹5
403 1928 438 1958 &
447 1926 648 1968 profectionis
659 1947 668 1960 ‚
680 1927 712 1957 &
723 1923 902 1956 reversionis
912 1933 996 1954 meae.
1021 1927 1099 1964 Ego,
1136 1924 1219 1962 statis
1228 1925 1380 1956 obsederat
1391 1945 1400 1959 ‚
1410 1924 1549 1956 funditus
1560 1937 1597 1957 ex
1609 1937 1670 1967 rep.
1683 1927 1810 1957 sustulit.
1826 1927 1863 1958 de
1872 1938 1929 1968 qua
1938 1938 1976 1958 ne
1986 1929 2108 1959 senien-

401 1968 475 2000 curn
490 1970 636 2010 sperarem
650 1967 811 2009 aliquando
825 1966 861 1997 ad
879 1965 1012 1997 vestrum
1025 1975 1100 1996 con-
1145 1969 1198 1998 tias
1217 1967 1343 2008 quidem
1361 1967 1507 1998 diximus.
1530 1968 1672 2008 scriptum
1692 1969 1979 2000 senatusconsultum
1994 1990 2002 2003 ,
2024 1971 2107 2011 quod

403 2010 504 2041 silium
535 2031 544 2045 ‚
577 2009 848 2050 auEtoritatemque
877 2007 1097 2048 rempublicam
1122 2006 1124 2043 j
1145 2008 1210 2039 fieri
1219 2010 1312 2039 vellet
1321 2029 1330 2043 ‚
1349 2009 1461 2039 attulit.
1485 2019 1546 2050 quo
1560 2012 1682 2041 recitato
1693 2031 1702 2044 ‚
1720 2010 1929 2042 auctoritatem
1943 2012 2008 2052 ejus
2020 2013 2107 2043 sum-

353 2048 379 2064 ῃ
404 2051 462 2083 effe
473 2061 641 2083 revocatam
655 2073 663 2085 ,
687 2051 875 2082 manendum
896 2051 973 2079 mihi
993 2048 1101 2080 statuc-
1122 2063 1124 2096 i>
1143 2060 1200 2080 mo
1211 2049 1310 2081 studio
1320 2051 1525 2081 securisumus
1535 2071 1544 2084 ,
1556 2053 1643 2093 eique
1651 2051 1838 2093 ampliffimis
1848 2053 1945 2084 verbis
1955 2063 2008 2094 per
2020 2055 2106 2084 sena·

129 2095 200 2127 bam
214 2116 223 2130 ‚
241 2094 320 2138 quafi
331 2097 363 2126 in
372 2094 479 2135 vigilia
490 2094 617 2136 quadam
627 2094 778 2124 consulari
789 2112 797 2126 ‚
819 2102 852 2123 ac
866 2092 1020 2122 senatoria.
1043 2101 1099 2121 nec
1122 2123 1123 2127 ,
1144 2093 1269 2123 tuscons
1266 2093 1363 2122 ultum
1374 2095 1478 2134 gratias
1487 2095 1616 2134 egimus.
1629 2096 1699 2124 Lux
1708 2095 1846 2136 quaedam
1854 2094 2012 2126 videbatur
2021 2096 2104 2126 obla-

127 2137 202 2168 verb
213 2139 339 2179 usquam
350 2137 540 2168 discedebam
551 2157 560 2170 ,
579 2145 636 2167 nec
644 2136 660 2166 a
670 2135 821 2176 republica
830 2133 1011 2174 dejiciebam
1022 2143 1097 2163 ocu·
1121 2170 1123 2177 A
1143 2144 1172 2165 ta
1182 2155 1191 2169 ‚
1206 2144 1271 2165 non
1283 2134 1378 2164 modo
1386 2144 1480 2175 regno
1490 2155 1499 2169 ‚
1517 2135 1597 2176 quod
1609 2137 1842 2175 pertuleramus:
1862 2137 1912 2168 sed
1922 2139 2012 2168 etiam
2022 2141 2107 2179 regni

129 2180 176 2210 los
188 2200 196 2213 ‚
212 2190 250 2210 ex
260 2190 297 2209 eo
306 2179 376 2214 die,
391 2189 452 2220 quo
464 2181 496 2208 in
509 2178 606 2209 aedem
616 2178 751 2208 Telluris
759 2177 919 2207 convocati
929 2176 1042 2205 sumus.
1061 2177 1096 2206 in
1121 2182 1123 2217 g
1144 2177 1243 2206 timore
1257 2176 1389 2207 sublato:
1411 2186 1616 2218 magnumque
1635 2180 1744 2220 pignus
1761 2179 1797 2210 ab
1814 2189 1852 2209 eo
1871 2179 2040 2219 reipublicae
2054 2181 2107 2210 da-

129 2231 192 2262 quo
203 2221 320 2262 templo
331 2241 339 2255 ‚
362 2222 555 2262 quantumin
566 2229 616 2250 me
626 2219 685 2250 fuit
695 2239 704 2253 ‚
724 2220 781 2258 jeci
797 2217 993 2249 fundamenta
1007 2219 1096 2257 pacis:
1143 2227 1209 2248 tum
1220 2239 1228 2252 ,
1241 2219 1268 2248 se
1279 2218 1403 2248 liberam
1413 2220 1567 2249 civitatem
1578 2217 1634 2249 effe
1643 2221 1733 2254 velle,
1744 2220 1814 2251 cum
1824 2220 1966 2250 distentam
1976 2231 2103 2255 nomen,

129 2261 424 2304 Atheniensiumque
434 2266 443 2282 ¹
454 2264 695 2293 renovavivetus
705 2261 894 2301 exemplum:
905 2261 1045 2289 Graecum
1055 2267 1100 2289 et·
1141 2260 1225 2301 quod
1240 2261 1313 2300 faepe
1328 2259 1444 2300 justum
1458 2259 1559 2291 fuiffet
1569 2281 1577 2295 ‚
1599 2271 1706 2302 proper
1719 2272 1867 2303 perpetuae
1887 2261 2039 2293 dfflarurae
2058 2274 2106 2294 re·—

129 2306 191 2336 iam
206 2304 336 2336 verbum
351 2305 489 2345 usurpavi
503 2324 512 2338 ,
531 2314 593 2344 quo
603 2313 670 2334 tum
680 2305 713 2333 in
724 2302 861 2333 sedandis
870 2301 1030 2332 discordiis
1039 2310 1098 2331 erat
1120 2311 1122 2317 ·
1142 2311 1262 2333 centem
1276 2303 1458 2332 memoriam
1471 2323 1480 2337 ,
1499 2302 1638 2334 funditus
1650 2314 1687 2334 ex
1701 2305 1851 2345 republica
1861 2304 2028 2336 sustulisset.
2051 2308 2106 2335 Li-

128 2348 179 2377 usa
188 2349 293 2378 civitas
304 2347 362 2377 illa:
372 2356 459 2388 atque
468 2355 599 2377 ornnem
609 2347 792 2376 memoriam
802 2343 1016 2374 discordiarum
1026 2341 1098 2372 obli·
1143 2344 1259 2374 beratus
1277 2343 1365 2374 caedis
1381 2345 1516 2384 periculo
1534 2348 1633 2384 paucis
1651 2345 1719 2386 post
1733 2346 1838 2377 diebus
1852 2347 1967 2377 senatus
1979 2368 1988 2380 ,
2008 2356 2104 2377 uncus

126 2389 210 2418 vione
224 2389 402 2429 sempiterna
411 2388 575 2419 delendam
585 2388 695 2418 censui.
721 2386 859 2417 Praeclara
868 2394 932 2415 tum
943 2386 1038 2415 oratio
1048 2386 1094 2414 M.
1143 2385 1293 2426 impastus
1307 2385 1350 2416 est
1361 2385 1492 2427 fugitivo
1502 2387 1549 2417 illi
1560 2407 1568 2420 ‚
1587 2390 1599 2414 3
1611 2389 1663 2429 qui
1675 2389 1707 2418 in
1720 2391 1752 2418 C.
1764 2391 1851 2419 Marii
1861 2399 1975 2419 nomen
1989 2389 2105 2419 invase-

126 2432 255 2461 Antonii
265 2441 270 2460 :
281 2432 396 2472 egregia
403 2432 495 2461 etiam
505 2431 650 2460 voluntas
662 2440 668 2459 z
691 2438 747 2469 pax
758 2428 889 2469 denique
897 2437 949 2467 per
958 2436 1029 2457 eum
1040 2446 1048 2461 2
1062 2426 1095 2456 &
1143 2436 1198 2459 iat.
1221 2437 1308 2470 atque
1319 2429 1382 2458 haec
1391 2430 1497 2459 omnia
1505 2433 1712 2460 communiter
1721 2440 1791 2461 curri
1803 2431 1925 2469 collega.
1944 2431 2000 2460 alia
2011 2428 2103 2470 porro

125 2481 179 2513 per
189 2472 299 2502 liberos
309 2473 372 2512 ejus
382 2483 451 2503 cum
460 2472 564 2512 praesta
575 2470 716 2502 ntiffimis
725 2470 842 2501 civibus
851 2467 1028 2500 confirmata
1039 2467 1091 2499 est.
1142 2472 1262 2511 propria
1280 2469 1449 2501 Dolabellae
1462 2481 1467 2500 :
1486 2481 1551 2511 qua:
1563 2491 1571 2504 ,
1591 2471 1646 2501 nisi
1656 2472 1769 2512 collega
1785 2471 1922 2503 abfuiss'et
1933 2482 1938 2500 :
1960 2472 2049 2502 credo
2059 2474 2104 2502 eis

126 2517 223 2555 Atque
235 2514 282 2544 his
297 2516 451 2554 principiis
466 2515 583 2556 reliqua
598 2512 837 2544 consentiebant.
860 2511 897 2542 ad
907 2511 1098 2541 deliberatio-
1143 2511 1230 2542 fuiffe
1243 2510 1344 2542 futura
1352 2522 1543 2543 communia.
1568 2516 1648 2543 Nam
1662 2533 1670 2547 ‚
1689 2513 1760 2543 cum
1773 2514 1897 2553 serperet
1907 2516 1939 2543 in
1950 2512 2106 2544 urbeinfi·

127 2565 181 2586 nes
193 2565 239 2586 eas
249 2576 257 2589 ‚
267 2565 339 2596 quas
348 2556 472 2587 habebat
481 2556 568 2587 domi
578 2555 615 2586 de
626 2555 780 2595 republica
788 2574 797 2588 ,
810 2555 960 2594 principes
968 2554 1097 2583 civitatis
1143 2556 1246 2584 nitum
1259 2555 1375 2584 malum
1386 2574 1394 2588 ‚
1407 2554 1495 2595 idque
1507 2564 1639 2585 manaret
1649 2557 1680 2584 in
1691 2555 1754 2584 dies
1765 2555 1852 2585 latius
1864 2566 1869 2584 :
1882 2555 2036 2597 iidemque
2048 2556 2105 2586 bu-

126 2597 303 2628 adhibebat:
322 2597 357 2628 ad
367 2598 446 2628 hunc
456 2598 597 2628 ordinem
608 2607 654 2627 res
673 2599 803 2637 optimas
821 2593 1000 2634 ²deferebat:
1014 2595 1098 2625 sum-
1144 2595 1225 2627 stum
1242 2598 1275 2626 in
1295 2595 1363 2626 foro
1379 2595 1528 2629 facerent,
1545 2598 1621 2637 4qui
1637 2597 1719 2626 illam
1735 2597 1912 2637 insepultam
1923 2597 2103 2637 sepulturam

127 2649 179 2670 ma
188 2649 258 2670 curn
271 2639 414 2680 dignitate
424 2659 432 2674 ,
455 2639 488 2670 &
497 2639 664 2670 constantia
675 2638 710 2669 ad
724 2648 757 2668 ea
767 2658 775 2673 ‚
795 2647 862 2679 quae
875 2635 994 2677 quaefita
1004 2644 1097 2670 erant,
1144 2637 1308 2668 refecerant
1320 2649 1325 2666 ;
1346 2638 1378 2667 &
1387 2637 1524 2678 quotidie
1534 2640 1629 2679 magis
1639 2657 1647 2671 ‚
1667 2639 1816 2679 magisque
1827 2639 1934 2679 perditi
1947 2640 2103 2674 homines,

128 2681 340 2722 respondebat:
351 2682 428 2711 nihil
439 2691 505 2712 turri
516 2702 524 2716 ‚
536 2680 590 2712 nisi
601 2681 683 2722 quod
691 2688 871 2717 eratnotum
889 2679 1036 2709 omnibus
1045 2698 1054 2712 ‚
1065 2680 1099 2708 in
1145 2690 1216 2711 cum
1228 2680 1271 2710 sui
1282 2679 1429 2709 similibus
1440 2680 1529 2710 servis
1540 2700 1549 2712 ,
1560 2679 1647 2709 tectis
1659 2699 1668 2713 ‚
1681 2690 1713 2710 ae
1725 2680 1846 2720 templis
1856 2681 1937 2711 urbis
1947 2683 2102 2712 minaren-

127 2725 163 2754 C.
175 2723 294 2754 Caesaris
305 2725 530 2754 commentariis
544 2722 754 2764 reperiebatur.
773 2721 1041 2761 numquiexsules
1053 2730 1099 2750 re·
1146 2731 1209 2752 tur:
1229 2722 1294 2752 talis
1313 2720 1528 2752 animadversio
1544 2720 1602 2752 fuit
1612 2722 1778 2752 Dolabellae
1789 2743 1797 2756 ,
1817 2722 1887 2752 cum
1905 2725 1937 2752 in
1955 2723 2103 2757 audaceis,

128 2764 223 2795 stituti
234 2768 244 2794 ?
254 2775 351 2795 unum
361 2765 455 2805 ajebat
463 2785 471 2798 ,
482 2774 618 2805 praeterea
628 2766 798 2794 neminem·
822 2772 898 2793 num
910 2764 991 2792 imm
1001 2765 1099 2792 unita-
1147 2764 1356 2805 sceleratosque
1370 2763 1467 2794 servos
1482 2784 1490 2797 ‚
1511 2773 1576 2797 tum
1586 2766 1617 2794 in
1629 2766 1763 2804 impuros
1774 2785 1782 2798 ‚
1799 2764 1831 2795 δε
1841 2764 1972 2795 nefarios
1983 2766 2107 2800 liberos;

127 2815 171 2836 tes
181 2807 253 2838 datae
263 2809 273 2836 Ρ
282 2808 373 2837 nullae
384 2827 393 2840 ,
404 2807 610 2847 respondebat.
634 2804 775 2836 Affentiri
786 2806 876 2835 etiarn
886 2814 942 2834 nos
951 2807 1016 2834 Ser.
1027 2804 1100 2834 Sul-
1146 2806 1270 2846 talisque
1281 2804 1393 2836 eversio
1403 2805 1484 2836 illius
1497 2806 1650 2836 exsecratae
1660 2807 1811 2837 columnae
1822 2827 1831 2840 ,
1849 2817 1883 2837 ut
1899 2809 2012 2837 mirum
2028 2809 2107 2837 mihi

127 2850 208 2889 picio
218 2869 227 2882 ,
238 2848 397 2880 clariffimo
409 2851 475 2880 viro
487 2870 496 2884 ,
508 2849 609 2880 voluit
617 2869 626 2884 ,
637 2858 734 2890 nequa
743 2847 841 2879 tabula
850 2845 916 2888 post
926 2846 994 2876 idus
1009 2848 1097 2876 Mar·
1146 2847 1302 2882 videatur,
1313 2856 1374 2878 tarn
1385 2847 1470 2881 valde
1478 2848 1627 2888 reliquum
1640 2857 1759 2889 tempus
1769 2849 1805 2880 ab
1813 2849 1869 2880 illo
1879 2859 1941 2881 uno
1951 2850 1999 2880 dic
2008 2848 2107 2887 dusm-

2028 2890 2101 2945 saffe-

133 2955 156 2978 1.
215 2956 407 2993 Enpnarivetm
417 2956 543 2987 exemplum
555 2973 564 2986 ,
582 2955 649 2988 &ej
671 2955 712 2981 lta
722 2953 790 2980 Pali.
802 2954 882 2981 nostri
893 2953 957 2979 duo.
977 2953 995 2979 ii
1017 2953 1087 2979 enim
1167 2966 1193 2993 3.
1213 2958 1279 2990 an
1297 2961 1417 2984 C‚Mari1·
1434 2967 1512 2983 nomi—n
1531 2959 1681 2994 invasa-au]
1703 2959 1746 2985 Sic
1765 2959 1833 2985 Pall,
1847 2959 1880 2986 fic
1889 2960 1955 2986 olim
1971 2959 2048 2987 editi,
2069 2967 2101 2989 ut

218 2987 264 3014 soli
275 2997 352 3015 erant
363 2989 393 3016 ad
409 2999 528 3017 manum.
547 2991 604 3017 aliae
615 2991 719 3026 aliquot
730 2990 790 3017 edd.
811 2993 921 3015 revocari
934 3009 942 3022 ⁷
957 2988 1028 3024 quod
1048 2998 1091 3015 re·
1112 3019 1113 3023 ,
1133 2993 1298 3020 Gulielmius
1318 2993 1370 3020 fide
1386 2994 1508 3020 Lilicnsis
1519 2995 1660 3022 omittebat
1670 2995 1893 3032 praepositionem.

130 3022 273 3060 spuendum
285 3024 326 3050 vel
337 3025 408 3058 ideo,
419 3026 490 3061 quod
500 3027 623 3062 proxime
633 3027 772 3063 praeceffit,
783 3029 915 3053 convocari.
1111 3030 1113 3074 4

167 3068 195 3085 2.
216 3061 336 3094 Defenbat
347 3072 353 3087 :
365 3062 460 3094 summa
470 3071 520 3087 cum
530 3063 643 3096 dignitate
655 3082 662 3095 ‚
681 3063 748 3097 ava]
772 3064 852 3089 Hunc
864 3062 985 3088 ordinem
998 3061 1092 3087 verbo-

1169 3051 1196 3076 4.
1217 3045 1264 3077 Q?
1282 3045 1345 3069 illam
1363 3045 1503 3078 insepultam
1513 3045 1663 3079 ftpulturam
1681 3046 1837 3080 rafim-ann]
1860 3048 1900 3074 lta
1911 3046 2034 3074 Liliensis
2055 3057 2102 3074 co-

132 3104 190 3121 rum
205 3094 308 3121 servant
327 3096 393 3122 pau·
407 3098 435 3122 &
456 3098 555 3125 vetuste
576 3099 637 3124 cufi·
659 3099 748 3135 inepae
759 3098 904 3125 Lamb-nms
918 3118 925 3129 Ἰ
966 3098 992 3124 ui
1013 3098 1093 3124 Hier.
1134 3079 1209 3122 dcx3
1220 3080 1315 3124 melius
1327 3081 1436 3107 omiiiiio
1448 3081 1557 3126 vulgato
1570 3102 1578 3114 ‚
1599 3083 1732 3115 effcccrmn.
1754 3083 1926 3125 instauratum
1938 3084 2008 3110 euim
2020 3083 2102 3112 funus

133 3130 256 3158 Ferraria
266 3129 376 3157 assensus
387 3134 512 3166 mutavit,
527 3134 592 3161 nihil
603 3135 673 3161 enim
692 3134 827 3162 horridius
840 3108 1039 3172 transpolitione
1048 3133 1095 3163 illa
1138 3121 1245 3146 C'aemn·
1267 3120 1302 3146 est
1322 3128 1410 3146 ‘finem
1431 3120 1489 3167 ¹¹,⁰¹.c
1507 3122 1624 3149 imit-itio
1646 3123 1801 3167 ,ΕΙ-ἀωῐωῦ
1813 3142 1823 3157 2
1843 3120 2101 3160 Τάὲθᾶπιὶῑῶῢ

136 3166 238 3203 periodi
248 3166 334 3200 istius,
345 3167 489 3196 dummodo
503 3170 561 3207 quis
571 3171 679 3207 propius
689 3170 822 3200 attendat.
1115 3169 1119 3201 1
1137 3160 1208 3198 quod
1219 3161 1303 3190 exsta
1313 3160 1381 3199 ΞὶΡῃά
1393 3161 1547 3199 ΕΗᾸἸΡῑάῧΠ)
1562 3163 1712 3194 Phoenissis.

1986 3217 2010 3237 3.
2021 3210 2106 3237 filim

2124 2105 2146 2129 Η
