2297 3389
0 2892 28 2927 „d

1 2939 33 3025 ἐΰν-ν

0 3043 31 3094 ,ᾗ

44 2007 45 2010 „
36 1953 44 1978 ⁴
23 1751 48 1937 ‚zaza-vd*-
38 1713 41 1729 —
40 1671 43 1689 ,-
38 1619 41 1646 ‹-›

737 114 975 160 L1n.11.
1029 129 1096 161 in
1141 115 1198 161 C.
1234 116 1529 183 VERREM.

162 205 244 231 vum
254 197 312 232 est,
322 197 333 238 j
338 194 438 228 udices
449 194 498 225 :in
508 191 617 225 Siculis
626 191 749 234 quidem
759 212 768 226 ,
782 196 792 212 ¹
804 193 879 223 &in
889 193 1034 225 omnibus
1046 197 1130 242 Crac-

167 244 212 273 cis
223 262 232 276 ,
253 239 378 271 monstri
392 236 500 267 fimile.
523 245 588 265 non
598 235 750 265 crederem
764 235 823 264 hoc
833 234 869 264 de
880 234 982 265 statuis
992 255 1000 268 ,
1021 234 1131 275 nisija-

165 285 291 317 centeis‚
301 279 487 319 revulsasque
497 275 637 308 vidiss‘ern
648 287 653 305 z
665 285 819 316 propterea
828 275 910 317 quod
921 277 1128 324 apud-omneis

166 327 288 356 Graecos
305 324 355 352 hic
363 330 431 351 mos
447 318 508 352 est,
528 327 562 348 ut
577 319 730 348 honorem
745 317 926 364 hominibus
937 318 1074 348 habitum
1095 329 1128 348 in

164 364 375 397 monumentis
390 360 566 400 hujusmodi
581 380 589 394 ,
614 361 743 389 nonnulla
756 359 886 400 religione
897 359 1008 389 deorum
1021 361 1128 409 conse-⁴

164 409 237 439 erari
246 401 616 443 arbitrentur.1taquecum
627 401 743 432 Rhodii
754 400 870 431 bellum
882 401 959 431 illud
968 411 1061 447 prope
1073 402 1128 431 soli

163 449 295 489 superius
305 444 377 476 cum
386 444 561 475 Mithridate
570 454 637 486 rege
648 441 789 485 gesserint
799 463 806 477 ,
818 443 994 483 omneisque
1004 453 1028 482 ej
1035 453 1067 473 us
1076 453 1128 473 co-

162 492 236 531 pias,
250 492 265 508 2
278 489 519 528 acerrimumque
528 488 689 526 impetum,
702 485 868 519 moenibus,
878 483 1127 519 litoribus‚claffi—

161 531 277 572 busque
288 530 346 560 suis
355 531 527 569 exceperint
536 548 544 562 ,
557 528 629 558 crim
637 528 671 557 ὃς
682 529 758 568 regis
768 528 888 557 inimici
900 535 1005 567 praeter
1014 536 1127 574 ceteros

162 570 391 608 essent-statuam
399 572 536 612 ejus‚quae
545 578 605 600 erat
615 569 692 610 apud
704 569 783 609 ipsos
793 571 827 598 in
838 569 1034 599 celeberrimo
1045 568 1126 598 urbis

158 614 241 648 loco,
255 624 286 643 ne
297 621 359 642 tum
368 612 483 654 quidem
492 613 521 641 in
532 611 593 654 ipst's
602 610 673 641 urbis
680 611 806 651 periculis
814 611 983 651 attigerunt.
995 609 1126 640 Forsitan

159 658 214 686 vix
222 665 384 687 convenire
396 654 544 685 videretur
555 674 564 687 ,
585 663 677 695 quem
694 653 793 692 ipsum
805 653 965 682 hominem
983 661 1128 691 cuperent

161 706 292 728 evertere
301 716 310 731 ‚
320 697 386 737 ejus
393 694 528 737 effigiem
538 715 547 730 ‚
560 693 812 735 simulacrumque
823 694 953 739 servare.⁸
964 693 1013 724 sed
1025 702 1126 723 tamen

160 739 313 772 videbam,
325 738 402 779 apud
415 748 467 768 eos
475 736 547 768 cum
557 736 660 770 essem,
670 737 704 766 &
715 737 894 777 religionem
905 733 962 765 efle
972 735 1122 776 quandam

160 782 194 811 in
205 782 252 811 his
261 780 349 811 rebus
361 801 370 814 ‚
382 779 398 810 a
408 779 573 820 majoribus
583 778 720 809 traditam
733 797 741 811 ‚
757 778 790 807 δε
800 778 860 808 hoc
870 777 1015 817 disputare
1027 787 1033 806 ;
1048 786 1119 822 cum

159 822 252 854 statua
261 823 290 853 se
301 824 364 862 ejus
374 819 506 852 habuiss‘e
522 822 668 860 temporis
678 822 828 850 lationem
839 839 848 854 ,
864 828 925 860 quo
938 817 1030 866 posita
1040 817 1120 864 eflet:

159 875 230 895 cum
240 866 366 894 homine
375 863 447 893 vero
457 883 466 896 ,
487 873 548 903 quo
558 871 670 904 gereret
684 861 799 891 bellum
811 881 819 895 ,
837 871 924 901 atque
935 859 1030 890 hostis
1040 859 1078 890 efl
1084 870 1122 891 et.

96 902 141 936 66
159 906 274 937 Videtis
283 908 374 947 igitur
384 925 391 939 ,
402 905 665 937 consuetudinem,
676 903 914 944 religionemque
926 905 1102 932 Graecorum
1115 923 1123 937 ‚

157 959 224 990 quae
242 955 421 977 monumenta
441 945 559 982 hostium
575 947 604 974 in
618 944 682 975 bello
697 946 751 986 ipsb
761 945 852 984 fhleat
871 944 1010 983 defendere
1022 964 1031 978 ‚
1054 954 1121 991 eam

157 992 277 1022 summa
287 992 319 1019 in
329 999 398 1028 pace
407 990 540 1028 praetoris
549 988 655 1028 populi
665 990 704 1017 R.
716 987 815 1017 statuis
826 985 961 1026 praesidio
972 996 1035 1016 non
1045 985 1120 1016 fuis-

156 1035 196 1064 se.
219 1032 466 1062 Taurominitani
475 1049 484 1064 ‚
496 1040 625 1071 quorum
638 1028 680 1059 est
691 1031 793 1059 civitas
805 1028 945 1058 foederata
957 1048 965 1062 ,
979 1029 1120 1075 homines

156 1072 331 1115 quietissimi
342 1093 350 1106 ,
371 1074 424 1113 qui
443 1072 579 1102 maxime
592 1071 627 1101 ab
637 1071 756 1109 injuriis
776 1069 949 1100 nostrorum
969 1069 1121 1117 magistra-

156 1125 245 1147 tuum
255 1116 365 1144 remoti
378 1114 557 1144 consuerant
567 1111 755 1155 elie-,prasidio
762 1112 911 1151 faederis-hi
922 1121 1025 1141 tamen
1036 1111 1120 1142 istius

160 1166 291 1189 evertere
302 1156 427 1186 statuam
439 1165 503 1185 non
513 1155 743 1185 dubitaverunt:
776 1157 787 1181 3
798 1164 855 1195 qua
864 1154 957 1200 ablata
967 1174 976 1187 ‚
988 1152 1063 1194 bafin
1077 1163 1119 1184 ta-

155 1209 230 1230 men
240 1201 272 1228 in
280 1197 349 1228 foro
360 1207 479 1228 manere
490 1197 646 1237 putabant,
661 1195 681 1225 fi
692 1197 798 1226 scirent
809 1198 950 1225 homines
963 1216 971 1229 ‚
993 1194 1115 1226 statuam

154 1242 220 1282 ejus
230 1240 247 1271 a
256 1241 518 1270 Taurominitanis
529 1237 587 1269 effe
598 1237 745 1277 deit-(stam
758 1258 766 1271 ‚
787 1237 878 1278 quam
887 1235 907 1266 fi
919 1237 1034 1267 nullam
1047 1248 1118 1267 um-

152 1293 242 1324 quam
253 1273 379 1322 pofit‘am
388 1280 806 1320 arbitrarentur.Tyndaritan1
815 1279 988 1318 dejecerunt
996 1281 1029 1308 in
1036 1278 1116 1326 ¹foro:

157 1326 192 1356 δε
203 1324 306 1355 eadem
318 1323 354 1353 de
364 1323 446 1354 causa
455 1332 568 1363 equum
579 1324 701 1352 inanem
714 1322 907 1362 reliquerunt.
931 1322 1092 1351 Leontinis
1104 1341 1113 1355 ‚

124 1394 129 1396 .
154 1367 261 1397 misera
271 1367 304 1395 in
312 1367 431 1395 civitate
441 1373 526 1405 atque
536 1365 638 1398 inani,
661 1372 762 1393 tamen
772 1362 857 1393 istius
867 1382 875 1396 ,
895 1364 929 1392 in
938 1361 1092 1403 gymnasio
1102 1384 1110 1397 ‚

153 1408 246 1439 statua
263 1406 377 1447 dejeClm
393 1405 444 1436 est.
477 1408 557 1436 Nam
569 1405 642 1446 quid
659 1415 714 1445 ego
730 1405 767 1435 de
783 1405 969 1444 Syracusanis
988 1405 1112 1451 loquar,

153 1449 236 1492 quod
255 1458 320 1479 non
338 1447 380 1478 est
397 1450 554 1488 proprium
572 1447 821 1487 Syracusanorum
833 1466 842 1479 ,
859 1446 934 1476 4sed
946 1446 1114 1494 &illorum

152 1500 320 1523 commune
329 1510 338 1524 ,
354 1490 388 1521 &
397 1499 565 1520 conventus
577 1490 670 1523 illius,
682 1499 714 1519 ac
724 1488 816 1529 prope
826 1490 918 1518 totius
927 1490 1115 1536 provinciae?

152 1541 261 1575 quanta
278 1532 353 1562 illuc
367 1531 522 1561 multitudo
533 1551 542 1565 ,
559 1540 668 1572 quanta
686 1532 732 1560 vis
751 1531 918 1560 hominum
937 1529 1113 1560 convenifle

153 1574 304 1606 dicebatur
313 1582 379 1604 tum
390 1593 399 1608 ‚
416 1572 487 1603 cum
499 1573 598 1603 statuae
609 1573 677 1603 sunt
686 1572 768 1602 illius
778 1571 901 1612 dejestae
911 1591 919 1605 ,
931 1581 1017 1613 atque
1027 1582 1112 1615 ever-

152 1617 192 1648 sae
206 1619 217 1646 ?
238 1625 267 1647 at
282 1625 344 1657 quo
362 1616 430 1646 loco
450 1617 460 1645 ἓ
484 1613 651 1644 celeberrimo
671 1634 680 1648 ‚
702 1624 736 1644 ac
753 1612 973 1655 religiosissimo
993 1625 998 1643 :
1023 1617 1036 1641 5
1046 1623 1112 1665 ame

151 1659 252 1700 ipsum
261 1659 403 1698 Serapim,
414 1659 446 1687 in
456 1659 556 1698 primo
565 1657 659 1690 aditu,
669 1655 881 1697 vestibuloque
891 1656 1007 1696 templi.
1020 1655 1112 1698 Qod

151 1698 210 1731 nifi
219 1700 361 1730 Metellus
371 1700 430 1730 hoc
440 1708 500 1730 tam
510 1700 636 1739 graviter
644 1697 747 1740 egiffet
756 1718 765 1732 ,
781 1706 869 1739 atque
880 1699 964 1728 illam
974 1708 1039 1745 rem
1050 1708 1111 1746 im-

149 1744 250 1784 perio,
262 1740 422 1783 edifitoque
432 1739 630 1781 prohibuisset
642 1752 647 1770 z
666 1739 830 1781 vestigium
849 1739 1009 1770 statuarum
1027 1741 1112 1770 iltius

149 1786 185 1815 in
201 1792 261 1815 tota
276 1783 377 1814 Sicilia
387 1783 508 1814 nullum
528 1781 600 1813 effet
616 1781 770 1812 relic‘tum.
803 1784 900 1822 Atque
911 1792 967 1823 ego
976 1782 1034 1811 hoc
1045 1791 1110 1812 non

147 1835 264 1859 vereor,
276 1824 388 1866 nequid
396 1826 507 1855 horum
517 1834 582 1855 non
592 1823 687 1854 modb
699 1823 824 1866 impulsu
834 1843 843 1857 ,
858 1822 966 1853 verum
977 1826 1110 1853 omnino

147 1867 280 1898 adventu
299 1876 371 1896 meo
386 1865 502 1896 fastum
522 1864 581 1896 effe
599 1866 744 1896 videatur.
769 1866 875 1896 omnia
883 1864 937 1895 ista
947 1864 1017 1895 ante
1033 1864 1110 1896 facita

149 1910 218 1940 sunt
229 1929 237 1942 ‚
258 1918 323 1938 non
331 1906 426 1937 modo
435 1927 444 1941 ,
460 1907 553 1948 quam
563 1917 618 1948 ego
627 1907 761 1937 Siciliam
771 1926 779 1941 ‚
798 1905 906 1937 verum
916 1909 1006 1937 etiam
1017 1907 1108 1947 quam

148 1950 203 1981 iste
213 1950 331 1980 Italiam
341 1950 449 1990 attigit.
472 1948 546 1978 dum
556 1958 612 1989 ego
623 1950 656 1978 in
665 1948 766 1979 Sicilia
774 1948 851 1981 sum,
864 1948 948 1977 nulla
956 1948 1047 1978 statua
1056 1949 1107 1979 de-

145 1991 225 2033 jecta
235 1990 286 2022 est.
308 1988 500 2031 posteaquam
511 1988 728 2022 illincdffceffi,
740 2000 805 2030 quae
816 1990 884 2019 sunt
891 1988 981 2031 gesta,
992 2000 1107 2036 cogno-

80 2032 105 2067 6
109 2044 129 2078 7
148 2034 233 2064 scite:
255 2033 525 2072 Centuripinorum
536 2031 652 2061 senatus
661 2030 792 2061 decrevit
801 2051 810 2064 ‚
821 2031 1007 2072 populusque
1013 2030 1106 2071 juflit,

146 2084 192 2109 ut,
203 2085 268 2116 quae
279 2073 377 2105 statuae
389 2076 424 2103 C.
435 2075 536 2102 Verris
545 2071 644 2113 ipsius,
657 2073 689 2103 &
698 2075 797 2112 patris,
810 2073 843 2103 δε
854 2072 928 2106 filii,
944 2071 1047 2107 effent,
1060 2083 1106 2104 eas

144 2116 305 2159 quaestores
320 2114 505 2144 demoliendas
522 2115 671 2144 locarent:
693 2114 826 2155 dumque
836 2125 869 2145 ea
879 2114 1041 2145 demolitio
1052 2113 1106 2145 fie-

144 2167 200 2193 ret,
211 2156 227 2178 ⁶
230 2158 370 2198 senatores
382 2167 414 2186 ne
426 2165 492 2186 xxx
505 2157 599 2185 minua
612 2155 739 2193 adeffint.
762 2156 869 2186 Videte
878 2158 1051 2203 gravitatem
1061 2159 1102 2187 ci-

143 2202 255 2234 vitatis,
268 2200 301 2230 &
310 2198 498 2239 dignitatem.
510 2208 608 2239 neque
618 2207 665 2228 eas
674 2200 707 2227 in
717 2197 790 2227 urbe
799 2198 817 2227 s
814 2207 847 2228 ua
857 2197 961 2228 statuas
976 2197 1037 2244 esse
1045 2209 1101 2229 vo—

142 2241 277 2276 luerant,
298 2250 368 2282 quas
385 2241 474 2270 inviti
489 2249 542 2280 per
555 2241 619 2270 vim
633 2259 642 2274 ,
662 2248 749 2280 atque
760 2241 924 2279 imperium
935 2239 1101 2271 dediflent:

141 2293 240 2325 neque
249 2284 311 2324 ejus
321 2283 459 2312 hominis
469 2301 478 2316 ‚
498 2283 532 2311 in
540 2291 633 2322 quern
643 2279 695 2321 ipsi
703 2291 775 2311 cum
785 2280 955 2322 graviffimo
964 2281 1102 2313 testimo-

141 2328 196 2358 nio
204 2324 325 2366 publice
338 2344 345 2358 ,
358 2323 439 2364 quod
449 2333 619 2364 numquam
628 2333 712 2354 antea
722 2344 731 2356 ,
743 2325 878 2353 Romam
889 2323 1027 2354 mandata
1036 2344 1044 2358 ,
1057 2325 1101 2354 le-

141 2368 281 2409 gatosque
292 2364 435 2396 misifl'ent
451 2375 457 2394 :
473 2365 546 2396 &id
555 2367 671 2408 gravius
681 2363 738 2395 effe
749 2373 945 2405 putaverunt,
962 2365 981 2395 si
987 2365 1099 2408 publico
1110 2380 1113 2382 ·

140 2409 247 2451 consilio
266 2429 274 2443 ‚
296 2407 388 2449 quam
408 2406 429 2437 fi
443 2415 490 2449 per
512 2408 575 2437 vim
595 2407 788 2436 multitudinis
807 2406 921 2438 faerum
938 2409 1097 2439 videretur.

140 2450 221 2481 Cum
242 2452 299 2481 hoc
314 2448 440 2481 confilio
453 2448 559 2480 statuas
568 2450 758 2490 Centuripini
767 2449 888 2489 publice
896 2449 1079 2481 sustulissent
1089 2471 1097 2485 ,

139 2492 223 2523 'audit
231 2492 389 2522 Metellus:
408 2493 534 2534 graviter
551 2490 624 2521 fert:
644 2500 750 2522 evocat
767 2491 803 2522 ad
823 2491 849 2521 se
861 2495 1095 2538 Centuripinum

139 2533 342 2576 magistratum
354 2554 364 2568 ,
377 2534 409 2564 δε
419 2533 666 2574 decem-primos.
689 2532 746 2563 nifi
761 2532 954 2564 restituissent
971 2535 1076 2565 statuas
1085 2555 1094 2569 ,

139 2577 332 2608 vehementer
340 2578 378 2606 iis
391 2577 534 2606 minatur.
558 2575 609 2606 Illi
625 2575 661 2606 ad
679 2576 815 2607 senatum
833 2578 1015 2608 renuntiant.
1038 2576 1095 2608 sta-

175 2690 186 2708 1
194 2701 200 2709 .
219 2685 252 2708 Et
259 2685 284 2709 in
293 2684 399 2709 omnibus
408 2681 516 2716 Grecis]
537 2680 620 2709 Valde
631 2681 810 2709 verisimiliter
820 2682 976 2710 emendabat
987 2683 1094 2711 Guliel-

139 2716 207 2745 qus
219 2737 227 2750 ,
238 2720 377 2745 hominibm.

173 2762 203 2780 2.
221 2757 426 2789 acerrimumque
433 2757 552 2788 Impetum,
563 2755 676 2780 moenibm
683 2754 750 2789 ὡς]
762 2753 889 2790 Vulgata,
899 2764 978 2782 acerr.
989 2757 1038 2790 ejm
1046 2757 1093 2782 im-

131 2794 212 2823 petum
220 2788 236 2816 ἃ
246 2799 313 2817 moen.
323 2789 366 2817 sed
375 2789 500 2826 glossulas
511 2790 570 2816 illas
581 2791 708 2825 rejecerat
719 2790 798 2818 Fabr.
810 2792 838 2817 &c
849 2793 917 2818 Met.

175 2828 273 2861 3.,Qa
283 2828 392 2862 ablata]
405 2828 472 2853 Met.
482 2827 510 2852 ὅτ
522 2826 600 2853 Fabr.
611 2829 703 2853 ableffa
713 2846 721 2859 ‚
732 2834 763 2854 ut
774 2827 894 2855 videatur
905 2827 980 2855 fuisse
991 2830 1093 2863 abjeffa.

171 2863 246 2895 4.Sed
252 2862 281 2894 ὠ·
288 2864 378 2888 illarum
387 2863 527 2897 commune]
540 2863 686 2890 Lambinus
696 2866 807 2891 aliorum.
816 2872 912 2901 praeter
924 2864 1019 2892 libros.
1031 2867 1091 2893 Gu-

137 2894 254 2925 lielmius
264 2898 418 2931 conjiciebat
430 2919 437 2930 ‚
447 2900 536 2924 illorum
545 2900 678 2925 commotis.

176 2942 202 2967 5.
221 2930 376 2969 Mnteipficm
384 2936 514 2970 Serapim]
535 2936 576 2962 Ita
586 2935 642 2962 Pal.
653 2935 702 2962 see.
712 2936 750 2962 ita
761 2936 867 2963 Metell.
878 2937 915 2963 ita
925 2937 1002 2964 F'abr.
1023 2937 1093 2964 nllu—

138 2966 231 3006 ditque
241 2971 268 2996 &
280 2971 338 2997 Pal.
367 2980 388 2997 r.
399 2973 426 2998 iu
436 2981 489 3007 quo
501 2991 509 3003 ,
522 2973 595 3005 ipsum
603 2975 686 3006 Sepim.
707 2972 772 2998 item
783 2972 848 3000 edit.
859 2974 944 3010 prima
957 2994 964 3007 ,
983 2975 1072 3011 inqua
1083 2995 1091 3006 ⁷

137 3006 211 3038 ipficm
223 3006 279 3068 {aeple
288 3018 295 3032 .·
311 2981 466 3043 poiieriores
478 3008 574 3035 Critici
593 3008 668 3035 nobis
679 3007 846 3036 obtruserant
858 3030 865 3043 ‚
885 3018 941 3036 ante
959 3012 1032 3045 ipsimi
1049 3014 1093 3045 Jo-

138 3046 193 3066 vcm
205 3044 229 3067 ·1
244 3051 258 3067 u
273 3045 310 3068 te.

174 3061 209 3101 6?
223 3080 344 3103 Senatores
361 3088 389 3105 ne
407 3082 484 3105 minus
495 3089 554 3106 xxx
564 3079 688 3116 adffent]
709 3081 773 3108 Non
792 3082 866 3118 potui
878 3082 1020 3110 excludere
1030 3081 1092 3109 scri-

139 3118 244 3147 pturam
256 3114 323 3140 Met.
333 3115 360 3139 &
373 3114 449 3141 Fabr.
461 3116 578 3151 vulgata,
587 3120 668 3142 Senat.
680 3126 750 3143 xxx.
760 3127 804 3143 nam
814 3121 892 3144 minus
902 3119 964 3151 ades.

2042 126 2135 189 263

1158 200 1160 202 ’
1178 203 1234 227 tuae
1246 217 1254 229 ‚
1266 206 1331 236 quae
1343 197 1429 229 istius
1439 199 1617 230 causaenihil
1626 195 1815 240 prodesi'effi,
1831 212 2028 243 reponuntur.
2052 210 2066 233 7
2077 210 2140 236 De—

1175 246 1254 268 creta
1264 241 1532 280 Centuripinorum
1543 261 1551 275 ,
1570 252 1636 283 quae
1647 242 1684 273 de
1695 243 1795 274 statuis
1805 254 1888 275 erant
1901 245 1977 276 fasta
1986 267 1994 280 ‚
2018 258 2068 276 non
2084 248 2140 277 rol-

1176 278 1284 308 [untur.
1309 279 1367 311 Hic
1377 292 1434 324 ego
1445 283 1526 313 aliud
1536 284 1586 313 alii
1597 285 1730 315 concedo
1741 296 1745 314 :
1757 287 1885 317 Metello
1893 307 1901 321 ‚
1913 289 2018 318 homini
2027 290 2140 331 fizpien·

1177 320 1202 348 ti
1212 341 1220 353 ,
1230 323 1347 360 prorsus
1357 333 1420 353 non
1433 323 1553 363 poss'um
1566 327 1727 366 ignoscere,
1739 326 1758 357 fi
1769 328 1840 369 quid
1854 328 1942 360 stulte
1951 329 2030 361 facit.
2045 332 2141 403 (grid.)

1176 361 1227 391 ille
1239 363 1296 392 hoc
1305 364 1424 403 putabat
1433 368 1517 396 Verri
1528 368 1726 405 criminosum
1734 368 1799 400 fore
1808 390 1817 404 ‚
1833 369 1854 400 fi
1863 371 1928 410 ejus
1937 371 2037 403 statuae
2047 383 2062 403 e
2090 382 2142 404 ent

1177 402 1299 441 deje&ae
1311 424 1320 437 ,
1331 406 1413 446 quod
1424 407 1497 447 saepe
1507 418 1599 439 vento
1609 429 1617 443 ,
1639 420 1689 440 aut
1697 411 1799 452 aliquo
1807 413 1873 443 casu
1884 411 1948 444 fieri
1958 414 2031 445 solet
2044 417 2054 444 ?
2073 425 2140 446 non

1176 452 1235 473 erat
1252 446 1285 474 in
1297 447 1356 476 hoc
1369 457 1466 488 neque
1482 451 1598 480 crimen
1615 452 1714 482 ullum
1725 472 1733 486 ,
1753 463 1851 494 neque
1868 455 2067 495 reprehensio.
2092 460 2140 488 Ex

1175 495 1236 525 quo
1247 487 1337 527 igitur
1347 491 1462 519 crimen
1475 510 1483 523 ‚
1505 500 1590 532 atque
1600 494 1744 524 accusatio
1755 497 1904 526 nascitur?
1923 507 1962 527 ex
1972 499 2138 530 hominum

1170 526 1289 565 judicio
1299 548 1308 563 ,
1330 529 1363 559 &
1373 531 1535 561 voluntate.
1560 536 1624 579 Ego
1634 554 1642 568 ,
1666 534 1687 564 fi
1705 537 1849 567 Metellus
1870 537 1975 569 statuas
1993 550 2137 581 reponere
2159 539 2180 572 6
2186 539 2204 572 8

1176 570 1390 610 Centuripinos
1401 582 1465 602 non
1475 574 1616 614 co‘e'gisset
1625 596 1634 609 ,
1647 577 1708 608 haec
1720 578 1851 609 dicerem
1864 591 1870 609 ;
1882 583 2015 611 Vina-rr:
2023 602 2031 615 ‚
2042 592 2138 622 jum-

1176 619 1232 640 csss
1242 630 1251 644 ,
1271 621 1418 652 quantum
1429 634 1438 646 ‚
1460 614 1492 644 δε
1501 617 1591 655 quam
1603 619 1741 649 acerbum
1754 620 1892 652 dolorem
1903 623 2055 654 sociorum
2065 644 2074 658 ,
2094 633 2137 656 at-

1173 662 1232 692 que
1247 656 1417 684 amicorum
1428 658 1536 686 animis
1549 658 1707 690 inusserint
1719 661 1803 691 istius
1818 664 1936 703 injuriae
1947 685 1956 698 ,
1973 664 2045 696 curn
2057 669 2137 697 Cen-

1174 696 1379 734 turipinorum
1389 696 1564 728 amicissima
1573 719 1582 733 ,
1604 701 1636 730 ὃς
1647 700 1813 734 fidelissima
1823 707 1926 736 civitas
1939 726 1947 740 ,
1967 717 2034 747 quae
2044 710 2135 739 tantis

1173 734 1283 766 officiis
1294 747 1363 768 cum
1374 739 1488 778 populo
1499 741 1537 770 R.
1553 742 1714 781 conjuncta
1725 743 1767 774 est
1777 765 1786 778 ‚
1809 756 1841 776 ut
1851 757 1915 777 non
1925 749 2027 779 solum
2038 759 2134 790 remp.

1172 777 1306 808 nostram
1316 799 1324 812 ,
1346 780 1395 810 sed
1406 783 1496 810 etiam
1507 783 1541 812 in
1552 785 1660 822 quovis
1681 786 1789 815 homine
1799 789 1913 827 privato
1926 801 2021 820 nomen
2035 792 2134 831 ipsum

1172 821 1386 851 Romanorum
1405 822 1521 862 semper
1532 823 1674 855 dilexerit
1682 848 1691 860 ,
1710 836 1743 857 ea
1752 830 1875 868 publico
1885 831 2010 862 confilio
2021 853 2029 866 ,
2048 842 2136 874 atque

1172 861 1345 893 au&oritate
1361 863 1520 903 judicarit,
1542 868 1574 896 C.
1585 869 1685 897 Verris
1696 867 1801 900 statuas
1813 869 1870 901 effe
1884 873 1915 902 in
1926 873 1997 903 urbe
2008 875 2058 904 sua
2068 885 2132 905 non

1172 913 1320 943 oportere.
1344 908 1497 936 recitarem
1508 907 1624 938 decreta
1632 912 1900 951 Centuripinorum
1913 925 1918 942 2
1935 915 2085 946 laudarem
2097 917 2134 946 il-

1170 946 1231 975 lam
1241 948 1393 977 civitatem
1406 948 1453 977 :id
1464 949 1546 989 quod
1556 949 1705 982 veriffime
1717 952 1845 992 pofl'em.
1857 965 2132 988 commemorarem

1170 987 1274 1018 decem
1284 989 1381 1019 millia
1390 992 1504 1020 civium
1517 993 1787 1033 Centuripinorum
1796 1015 1804 1029 ,
1822 995 2054 1028 fortiffimorum
2066 1019 2074 1033 ,
2095 998 2132 1029 fi-

1169 1028 1449 1072 dehffimorumque
1468 1033 1638 1064 sociorum:
1658 1045 1709 1065 eos
1721 1046 1829 1067 omnes
1845 1037 1989 1072 statuisse,
2010 1042 2131 1071 Morio·-

1170 1081 1319 1102 MENTUM
1337 1082 1446 1104 isrius
1470 1084 1508 1103 1N
1522 1085 1585 1105 sUA
1601 1086 1769 1108 CIVITATE
1781 1089 1929 1110 NULLUM
1944 1091 2019 1111 esse
2032 1092 2132 1112 opon-

1167 1123 1267 1143 TERE.
1291 1116 1365 1145 Haec
1376 1123 1440 1145 tum
1451 1116 1581 1147 dicerem
1590 1138 1597 1151 ‚
1615 1116 1633 1147 fi
1644 1118 1749 1150 statuas
1760 1122 1901 1152 Metellus
1909 1132 1973 1153 non
1984 1125 2132 1163 reposuis-

1168 1155 1219 1184 set.
1246 1156 1350 1185 Velim
1360 1167 1489 1197 quaerere
1499 1168 1580 1189 nunc
1590 1170 1626 1189 ex
1638 1161 1701 1200 ipso
1712 1163 1838 1193 Metello
1851 1183 1859 1197 ,
1871 1165 2017 1204 quidnam
2029 1166 2077 1195 sua
2088 1168 2130 1201 vi,

1168 1197 1201 1226 ὃς
1210 1196 1382 1228 au&oritatc
1394 1200 1471 1229 mihi
1483 1210 1520 1230 ex
1531 1202 1583 1231 hac
1593 1211 1728 1233 oratione
1739 1205 1913 1243 praeciderit.
1937 1207 2041 1237 eadem
2063 1210 2131 1247 opi-

1167 1248 1224 1268 nor
1234 1241 1341 1270 omnia
1349 1243 1523 1271 convenire.
1547 1253 1644 1284 neque
1661 1247 1744 1274 enim
1757 1266 1765 1279 ,
1787 1245 1807 1275 s1
1818 1248 1953 1277 maxime
1966 1248 2066 1279 stature
2076 1250 2130 1280 de-

1162 1279 1251 1320 jecstae
1262 1280 1357 1312 essent
1366 1302 1374 1316 ‚
1387 1292 1434 1313 eas
1445 1294 1500 1324 ego
1512 1284 1598 1314 vobis
1609 1285 1726 1325 possem
1734 1288 1876 1326 jacenteis
1885 1289 2050 1320 ostendere.
2069 1292 2128 1322 hoc

1167 1332 1229 1352 uno
1240 1332 1351 1353 uterer:
1371 1326 1524 1355 civitatem
1537 1335 1595 1356 tam
1607 1338 1727 1368 gravem
1739 1328 1844 1360 statuas
1851 1330 1994 1370 judicasse
2005 1335 2039 1362 C.
2051 1336 2129 1363 Ver-

1166 1365 1205 1393 ris
1217 1364 1433 1396 demoliendas.
1445 1368 1503 1398 hoc
1514 1370 1592 1398 mihi
1602 1371 1745 1400 Metellus
1755 1381 1819 1401 non
1830 1371 1954 1412 eripuif:
1967 1375 2024 1404 hoc
2034 1377 2126 1405 etiam

1165 1406 1294 1440 addidit,
1310 1416 1342 1437 ut
1352 1418 1488 1448 quererer
1498 1429 1505 1442 ‚
1519 1408 1538 1439 fi
1549 1412 1625 1440 mihi
1635 1411 1785 1442 videretur
1795 1433 1803 1447 ,
1816 1423 1876 1444 tam
1887 1416 2066 1455 iniquo-jure
2078 1417 2128 1446 so-

1163 1450 1218 1477 ciis
1230 1469 1238 1481 ,
1258 1458 1345 1489 atque
1354 1452 1459 1480 amicis
1472 1453 1609 1491 imperari
1622 1473 1630 1485 ,
1656 1462 1689 1482 ut
1703 1455 1733 1483 its
1746 1465 1777 1483 ne
1792 1456 1821 1484 in
1829 1457 1887 1495 suis
1898 1457 2014 1497 quidem
2026 1455 2127 1497 benefi-

1163 1491 1209 1518 ciis
1221 1489 1304 1520 libero
1309 1490 1420 1529 judicio
1433 1493 1479 1521 uti
1490 1493 1584 1522 licerer
1593 1505 1604 1521 .·
1621 1490 1635 1513 ⁸
1646 1504 1678 1525 ut
1688 1506 1743 1525 vos
1758 1506 1893 1538 rogarem
1904 1517 1912 1531 ‚
1923 1507 1956 1528 ut
1966 1499 2125 1537 conjectu-

1163 1542 1226 1561 ram
1237 1531 1506 1574 faceretis,qualem
1517 1537 1549 1565 in
1560 1537 1607 1565 his
1618 1537 1706 1566 rebus
1715 1539 1747 1567 in
1759 1548 1808 1568 me
1819 1541 1855 1568 L.
1868 1540 2028 1571 Metellum
2037 1540 2127 1572 fuiss'e

1163 1576 1315 1613 putaretis,
1327 1576 1361 1605 in
1370 1576 1479 1617 quibus
1490 1576 1578 1607 rebus
1589 1576 1689 1608 obefi'e
1699 1581 1777 1609 mihi
1785 1579 1892 1620 posset,
1907 1580 1979 1612 cum
1989 1584 2023 1613 in
2031 1583 2085 1613 hac
2094 1593 2127 1614 re

1164 1624 1224 1646 tam
1241 1625 1338 1656 aperta
1351 1616 1510 1657 cupiditate
1520 1617 1631 1653 fuerit,
1654 1622 1687 1650 in
1697 1631 1754 1661 qua
1764 1623 1842 1651 nihil
1852 1622 1960 1654 obfuit.
1992 1624 2048 1655 Sed
2069 1635 2126 1667 ego

1163 1658 1292 1688 Metello
1304 1668 1369 1689 non
1379 1660 1505 1694 irascor,
1521 1664 1537 1686 9
1545 1671 1642 1702 neque
1654 1664 1681 1691 ei
1693 1663 1711 1693 s
1707 1673 1774 1693 uam
1784 1666 1995 1705 purgationem
2005 1668 2099 1707 eripio
2112 1687 2123 1701 ‚

1162 1709 1219 1739 qua
1227 1700 1280 1729 ille
1289 1700 1365 1740 apud
1376 1704 1497 1731 omneis
1508 1704 1618 1736 utitur,
1640 1712 1673 1734 ut
1682 1705 1760 1734 nihil
1775 1705 1917 1735 malitiose}
1927 1727 1935 1741 ,
1951 1717 2048 1749 neque
2059 1720 2123 1738 con-

1154 1740 1231 1780 sulti>
1243 1739 1344 1772 fecifl'e
1355 1742 1497 1777 videatur.
1518 1746 1588 1786 Jam
1598 1747 1690 1787 igitur
1699 1745 1742 1776 est
1751 1748 1789 1777 ita
1798 1748 1988 1787 perspicuum
2000 1770 2008 1784 ,
2024 1759 2120 1781 utne-
2143 1750 2189 1792 69

1158 1793 1225 1824 gare
1242 1793 1307 1814 non
1326 1783 1415 1824 possis
1425 1805 1433 1819 ‚
1453 1785 1568 1816 nullam
1579 1788 1632 1817 tibi
1644 1786 1766 1818 statuam
1778 1790 1934 1820 voluntate
1944 1793 2120 1834 cujusquam

1158 1825 1255 1855 datam
1268 1836 1273 1855 :
1285 1827 1402 1856 nullam
1413 1830 1572 1867 pecuniam
1584 1827 1743 1860 statuarum
1754 1831 1953 1865 nominemifi
1962 1836 1993 1863 vi
2003 1836 2122 1875 expres-

1159 1867 1219 1897 sam
1231 1887 1239 1901 ,
1254 1868 1286 1898 &
1295 1867 1444 1899 coafifflm.
1469 1880 1530 1910 quo
1540 1870 1663 1911 quidem
1674 1873 1707 1900 in
1717 1873 1846 1901 crimine
1857 1882 1920 1903 non
1931 1875 2006 1905 illud
2019 1876 2120 1907 solum

1157 1909 1287 1950 intelligi
1297 1911 1369 1940 volo
1378 1930 1387 1944 ‚
1400 1919 1428 1940 te
1438 1911 1473 1940 ad
1484 1911 1589 1942 statuas
1598 1932 1606 1945 ,
1623 1915 1651 1930 ¹0
1661 1922 1713 1942 11-s
1724 1922 1786 1943 cxx
1797 1914 1895 1944 millia
1904 1916 2049 1957 coegifle:
2068 1918 2119 1948 sed

1158 1951 1257 1980 multo
1265 1953 1357 1981 etiam
1367 1952 1444 1982 illud
1454 1953 1643 1994 magis,quod
1656 1953 1772 1984 “simul
1783 1955 2052 1989 demonstrandum
2066 1959 2119 1993 est,

1156 2000 1302 2031 quantum
1313 1992 1420 2023 odium
1432 1996 1464 2023 in
1475 2003 1501 2024 te
1512 2004 1670 2029 aratorum,
1687 2005 1835 2036 quantum
1845 2000 1989 2029 omnium
1999 2002 2121 2031 Siculo-

1155 2043 1223 2063 rum
1234 2032 1286 2067 sit,
1300 2034 1442 2064 &fuerin
1466 2037 1499 2065 in
1518 2047 1577 2077 quo
1596 2047 1662 2078 quae
1680 2037 1776 2068 vestra
1793 2038 1927 2070 defenfio
1945 2040 2044 2073 futura
2060 2042 2114 2077 sit,

1153 2075 1327 2114 conjeRura
1342 2076 1452 2118 affequi
1471 2088 1534 2108 non
1551 2089 1638 2119 queo.
1676 2081 1800 2110 Oderunt
1811 2081 1902 2111 Siculi
1915 2093 1926 2109 .-
1953 2091 2117 2124 togatorum

1152 2117 1225 2145 enim
1239 2118 1323 2157 caufiz
1336 2118 1429 2148 multa
1436 2119 1507 2157 feci.
1540 2123 1579 2150 At
1589 2122 1620 2150 hi
1634 2121 1756 2162 quidem
1767 2126 1924 2158 acerrimi,
1945 2125 2118 2156 inimicissi-

1154 2161 1256 2199 mique
1267 2160 1344 2190 sunt.
1374 2162 1506 2190 Inimicos
1519 2160 1602 2191 1Μύεο
1614 2164 1696 2191 civeis
1708 2166 1788 2192 Rom.
1805 2163 2025 2206 qubdsbciorum
2039 2178 2114 2197 com-

1151 2203 1232 2229 moda
1246 2223 1254 2234 ‚
1279 2212 1314 2230 ac
1319 2202 1390 2240 jura
1402 2202 1520 2241 defendi.
1544 2205 1666 2234 Atsocii
1676 2207 1709 2234 in
1720 2205 1854 2236 hostium
1866 2217 1996 2239 numero
2015 2210 2045 2240 se
2061 2210 2113 2241 abs

1152 2251 1179 2272 te
1189 2243 1307 2273 habitos
1316 2254 1489 2284 queruntur.
1523 2248 1660 2276 Aratores
1677 2248 1798 2277 inimici
1815 2248 1884 2279 sunt
1890 2259 2012 2290 propter
2020 2251 2112 2282 decu-

1150 2294 1225 2314 mas.
1244 2285 1316 2325 quid
1328 2290 1338 2315 ,²
1350 2288 1401 2326 qui
1412 2296 1495 2327 agros
1506 2288 1684 2322 immuneis,
1698 2289 1864 2331 liberosque
1875 2301 1965 2325 arant,
1977 2293 2112 2324 curode-

1149 2330 1240 2356 runt?
1263 2337 1315 2357 cur
1326 2327 1459 2358 Halefini
1472 2332 1484 2358 ἓ
1505 2339 1557 2359 cur
1571 2332 1780 2371 Centuripini?
1804 2342 1856 2362 cur
1864 2333 2011 2375 Segestani
2025 2338 2036 2364 ?
2058 2345 2112 2366 cur

1149 2369 1333 2399 Halicienses
1352 2373 1363 2399 ἓ
1385 2370 1467 2411 quod
1485 2381 1580 2411 genus
1597 2373 1762 2403 hominum
1781 2393 1789 2408 ‚
1812 2384 1904 2415 quem
1923 2386 2087 2407 numerum
2097 2398 2106 2412 ,

1149 2413 1175 2428 ¹2
1186 2420 1279 2451 quem
1289 2412 1429 2442 ordinem
1441 2412 1572 2453 proferre
1581 2412 1680 2453 possis,
1692 2417 1745 2456 qui
1757 2423 1784 2445 te
1794 2426 1858 2446 non
1870 2417 1967 2448 oderit
1976 2439 1984 2452 ‚
1996 2416 2054 2449 five
2064 2422 2109 2450 ci·-

1144 2453 1232 2482 vium
1243 2455 1337 2484 Rom.
1349 2452 1408 2484 five
1418 2455 1589 2485 Siculorum
1602 2460 1613 2485 ἒ
1626 2465 1657 2486 ut
1667 2460 1757 2487 etiam
1767 2456 1787 2487 fi
1796 2458 1926 2493 causam,
1934 2469 1985 2490 cur
1995 2469 2022 2490 te
2033 2461 2108 2491 ode-

1144 2496 1220 2527 rint,
1244 2505 1308 2525 non
1320 2495 1430 2536 possim
1446 2496 1542 2526 dicere
1555 2518 1563 2530 ,
1588 2506 1688 2528 tamen
1707 2499 1781 2528 illud
1798 2499 1961 2531 dicendum
1980 2512 2083 2542 putem
2099 2515 2105 2533 ς

1145 2536 1300 2577 QUEM
1328 2539 1508 2568 OMNES
1540 2540 1831 2570 MORTALES
1863 2545 2103 2579 ODERINT‚

1144 2588 1214 2608 eum
1225 2589 1346 2621 quoque
1356 2581 1443 2611 vobis
1452 2580 1525 2611 odio
1535 2579 1593 2611 effe
1604 2591 1749 2622 oportere.
1780 2586 1830 2613 An
1839 2584 1897 2615 hoc
1907 2584 2003 2616 dicere
2013 2587 2104 2617 aude-

2031 2628 2079 2659 bis
2091 2641 2102 2664 ;

1141 2687 1243 2712 Totum
1255 2685 1322 2712 istud
1335 2686 1426 2712 Tullio
1437 2686 1518 2720 adjeci
1530 2696 1563 2713 ex
1575 2687 1735 2714 membranis
1747 2689 1849 2716 Nannii
1861 2709 1868 2721 ‚
1889 2690 2002 2717 Fabricii
2015 2711 2024 2724 ,
2044 2693 2105 2720 Me-

1141 2722 1216 2749 telli:
1230 2722 1295 2749 adeo
1307 2730 1336 2749 ut
1348 2723 1399 2749 fine
1410 2722 1491 2749 dubio
1501 2722 1622 2759 deinceps
1635 2725 1714 2760 recipi
1725 2725 1801 2760 possit
1812 2726 1837 2752 in
1851 2734 2021 2755 contextum.

1176 2757 1203 2785 8.
1224 2762 1305 2784 Utvos
1315 2760 1442 2794 rogarem]
1455 2758 1554 2785 Vocula
1565 2766 1591 2784 ut
1602 2770 1653 2786 non
1665 2761 1824 2796 conspicitur
1834 2762 1860 2788 in
1873 2763 2029 2790 Metellano.

1174 2803 1203 2830 9.
1223 2797 1302 2829 Neque
1319 2795 1422 2829 eifimm
1436 2798 1597 2829 put-gasionem
1615 2797 1710 2831 eripio]
1726 2797 1823 2824 Lesffio
1833 2799 1918 2825 minus
1933 2807 2002 2826 zera.
2033 2800 2101 2828 Pan,

1131 2831 1203 2864 fitam
1211 2834 1370 2864 vagationem.
1390 2831 1495 2859 Metelli
1509 2841 1569 2858 vero
1581 2831 1627 2858 ms.
1640 2836 1796 2861 vacationem.
1811 2835 1880 2862 Met.
1889 2844 1940 2871 pro
1950 2845 1998 2870 qua
2009 2840 2100 2871 utimar,

1139 2867 1248 2894 exhibet
1261 2887 1267 2897 ‚
1279 2877 1351 2902 quam
1361 2871 1448 2894 uritur.

1179 2912 1219 2930 10.
1240 2905 1328 2930 CXX.
1341 2905 1413 2929 millia
1425 2904 1534 2940 corgissej
1551 2904 1664 2932 Videtur
1675 2905 1855 2942 reponendum
1868 2915 1901 2933 cc
1908 2916 1957 2933 1:³³
1968 2915 1996 2935 ut
2007 2909 2102 2937 eratin

1141 2940 1217 2966 Fabr.
1227 2947 1273 2966 aut
1284 2949 1346 2966 vero
1358 2940 1427 2976 quod
1440 2941 1465 2967 in
1478 2940 1582 2967 Metell.
1595 2947 1616 2964 ω
1629 2947 1650 2966 ω
1661 2945 1745 2977 coegisse
1755 2943 1873 2984 expressa
1883 2944 1954 2971 enim
1964 2944 2027 2981 ssepe
2037 2946 2101 2972 mil-

1139 2975 1230 3003 lenarii
1243 2983 1304 3002 nota
1314 2986 1360 3012 per
1371 2977 1491 3003 ultimam
1504 2977 1646 3013 Alphabeti
1658 2979 1814 3006 Gr-aecanici.

1179 3022 1187 3038 1
1197 3022 1218 3038 1.
1237 3015 1313 3037 Simul
1329 3013 1528 3045 &monstrandum
1546 3016 1581 3039 ef?
1591 3034 1598 3046 ‚
1617 3015 1759 3050 quantum]
1782 3014 1857 3042 Idem
1869 3016 1974 3042 Metell.
1994 3022 2100 3044 tantum

1139 3048 1291 3081 habetfimul
1298 3049 1475 3082 [immisti-atum
1485 3049 1561 3075 odium
1574 3070 1581 3083 ,
1591 3051 1641 3082 ὠτ.
1662 3052 1682 3078 F
1684 3050 1766 3078 abi-ic.
1777 3053 1853 3086 simul
1858 3052 2037 3086 demonstratum
2047 3055 2082 3079 ιέῖ
2092 3072 2101 3085 ‚

1139 3092 1253 3118 qnantum
1263 3084 1348 3109 odium.

1179 3129 1221 3146 12.
1250 3122 1322 3156 Qem
1339 3121 1442 3149 ordinem
1456 3122 1561 3158 profirre
1580 3124 1674 3159 poffis]
1695 3122 1760 3153 Non
1781 3122 1846 3152 adeo
1864 3122 1974 3152 absurdi:
1994 3121 2101 3150 Met'ell.

173 3154 191 3183 7
195 3166 203 3175 .
219 3151 317 3178 Daecreta
325 3152 528 3186 Centurcpinorum
539 3171 546 3186 ,
556 3162 605 3188 111⁴ae
610 3153 733 3188 destatuis
742 3155 1091 3195 ei-antffiffffinonsstollnmm·.]
1135 3158 1229 3192 [vssmn.

2000 3203 2026 3229 >1.
2038 3197 2101 3223 μία)
