2337 3400
72 450 111 480 15

133 127 229 177 9¹2
554 97 1063 148 M.Tu1„1„11

129 192 220 222 causa·
233 210 240 222 ‚
262 197 294 217 ur
310 188 346 217 de
358 183 520 216 Buthmtiis
531 184 558 212 S.
570 183 602 210 C.
614 178 698 219 quale
709 177 811 208 scribis
822 197 830 209 ,
852 175 912 206 fiat.
934 173 1026 216 Qod
1037 183 1086 204 me

130 241 257 272 cogam-0:
270 230 351 261 iubes
362 246 369 259 ,
391 224 529 266 cogitabo
541 221 700 264 equidem:
719 218 771 250 etsi
782 219 841 262 tibi
854 217 993 248 dederam
1005 216 1089 255 supe-

133 276 209 302 riore
222 269 345 310 epistola
355 265 560 308 cogitandum.
585 274 615 293 tu
625 271 725 292 autem
737 281 745 293 ‚
765 261 843 301 quasi
853 269 915 299 jam
926 267 1091 297 recuperata

133 313 251 352 Repub.
273 310 382 340 vicinis
402 317 462 338 tuis
473 303 700 336 Massiliensibus
714 303 762 333 sua
779 302 888 332 reddis.
918 301 979 329 haec
997 309 1092 333 ινῃιις,

131 364 196 394 quae
208 374 216 387 ,
240 352 331 393 quam
344 350 428 380 firma
440 349 613 380 habeamus,
626 349 733 385 ignoro
746 365 754 378 ,
770 342 885 374 restitui
896 339 1013 372 fortaffe
1023 341 1094 382 pos-

132 397 199 427 sunt
215 416 225 428 ‚
245 392 419 424 auctoritate
430 401 494 420 non
505 388 635 429 possunt.

371 434 560 464 CICERO
594 430 812 461 ATTICO,
834 429 862 459 S.

136 479 140 483 ”
212 481 355 508 ΡιετοιΑ
364 476 464 505 brevis
474 495 482 508 ,
502 483 568 516 quae
578 471 678 513 postea
689 472 704 501 a
714 480 742 500 te
752 471 858 511 scripta
866 467 929 502 est,
940 467 1010 499 sane
1019 468 1097 497 mihi

214 519 270 550 fuit
288 517 438 559 jucunda,
461 517 497 547 de
520 514 646 544 Brutiad
658 514 829 542 Antonium
842 531 850 545 ‚
871 511 952 541 &de
963 509 1113 550 ejusden»

131 563 168 593 ad
190 571 217 591 te
237 562 352 591 litteris.
372 558 453 602 posse
471 557 612 588 videntur
632 553 689 585 effe
709 555 837 584 meliora
857 573 866 587 ‚
889 553 983 593 quam
1001 552 1098 582 adhuc

135 604 267 634 suerunt.
292 602 340 632 sed
353 602 442 631 nobis
454 600 505 630 ubi
519 597 610 628 fimus
621 617 629 630 ,
642 597 675 627 &
685 595 746 638 quo
757 597 819 637 jam
831 605 914 625 nunc
924 604 982 624 nos
992 593 1098 624 confe-

132 655 245 678 ramus,
258 642 480 685 providendum
490 640 540 672 est.
564 639 584 670 ὁ
594 637 761 669 mirificum
773 637 966 668 Dolabellam
979 637 1095 665 meum!

130 689 194 727 jam
206 696 289 716 enim
303 686 372 716 dico
383 694 488 715 meum
501 696 510 718 5
535 691 619 713 antea
629 701 637 715 ‚
647 680 734 712 crede
745 681 824 710 mihi
834 699 843 713 ‚
854 677 1096 709 subdubitabam.

133 745 275 778 magnam
299 727 510 771 οἶνκθέώρησῖν
523 742 569 762 res
581 731 667 762 habet
681 741 686 759 :
701 729 738 760 de
750 729 819 760 saxo
832 740 840 763 3
851 730 884 758 in
895 737 1014 758 crucem
1030 736 1099 761 3εο-

134 779 276 808 lumnam
296 776 401 807 tollere
422 787 431 809 3
450 775 552 806 locum
572 774 659 803 illum
682 770 876 802 sternendum
896 770 1002 799 locare.
1025 768 1099 809 quid

135 822 243 861 quaeris
264 822 274 848 ?
297 820 418 848 heroica
444 827 449 846 :
471 814 618 847 sustulisse
640 816 719 844 mihi
740 812 859 843 videtur
876 810 1099 841 simulationem

136 860 273 893 desiderii
288 881 297 895 ‚
310 860 406 891 adhuc
418 869 484 900 quae
496 858 666 898 serpebatin
677 856 740 885 dies
751 867 761 889 ς
781 855 985 884 &inveterata
997 872 1006 887 ‚
1018 861 1101 882 vere-

135 904 240 936 banne
249 902 416 944 periculosa
428 900 537 931 nostris
547 897 776 939 tyrannoffimnis
786 894 866 926 esset.
888 905 971 925 nunc
983 894 1100 934 prorsus

138 944 281 976 assentior
292 947 349 975 tuis
365 944 469 974 litteris
484 962 493 976 ,
515 942 656 982 speroque
671 939 815 969 meliora:
837 946 1020 978 quamquam
1031 934 1101 965 istos

132 986 211 1018 ferre
222 997 286 1017 non
295 983 414 1026 poss'um
428 996 432 1013 z
453 984 508 1025 qui
521 1004 529 1017 ‚
542 984 617 1013 dum
629 982 655 1012 se
666 991 768 1021 pacem
779 980 856 1010 velle
867 978 1006 1009 simulant
1019 997 1027 1011 ‚
1039 976 1103 1007 afira

135 1028 250 1059 nefaria
266 1027 444 1058 defendunt.
470 1025 520 1056 scd
541 1034 606 1054 non
626 1021 750 1064 possunt
767 1022 860 1051 omnia
877 1020 975 1062 simul.
995 1021 1103 1059 incipit

135 1081 182 1101 res
203 1070 313 1100 melius
337 1071 377 1098 ire
388 1088 397 1102 ‚
420 1067 511 1108 quarn
531 1075 678 1107 putaram.
697 1075 753 1095 nec
774 1062 845 1093 vero
856 1062 1004 1093 discedam
1016 1080 1024 1095 ‚
1045 1059 1102 1091 nisi

135 1111 209 1142 cum
231 1121 262 1142 tu
281 1121 332 1140 me
353 1109 382 1140 id
403 1108 529 1139 honeste
548 1107 666 1148 putabis
682 1105 776 1137 facere
797 1103 888 1145 posse.
912 1106 1004 1133 Bruto
1021 1102 1100 1132 certe

136 1164 209 1184 meo
230 1154 316 1183 nullo
327 1152 395 1182 loco
406 1151 495 1182 deero
509 1162 514 1180 :
526 1151 615 1191 idque
624 1170 632 1183 ‚
654 1150 744 1179 etiam
759 1146 780 1177 si
791 1148 869 1177 mihi
879 1156 949 1176 cum
961 1145 1015 1174 illo
1025 1143 1104 1173 nihil

137 1194 239 1226 fuisset
250 1215 258 1228 ‚
281 1194 409 1225 facerem
419 1202 539 1234 propter
552 1202 615 1232 ejus
634 1191 812 1232 singularem
832 1187 1103 1225 incredibilemque

135 1241 290 1268 virtutem.
307 1236 391 1267 Piliae
400 1234 508 1265 nostrae
523 1235 629 1264 villam
641 1242 747 1265 totam,
758 1239 883 1271 quaeque
895 1231 928 1258 in
941 1228 1013 1258 villa
1024 1228 1103 1259 sunt,

137 1279 220 1310 trado
232 1291 240 1313 ς
258 1281 292 1308 in
312 1279 533 1317 Pompejanum
555 1276 617 1316 ipse
635 1273 826 1316 proficiscens
852 1269 979 1301 Kalend.
1002 1269 1102 1309 Majis.

135 1332 227 1363 quam
237 1321 332 1351 velim
344 1321 435 1349 Bruto
446 1318 618 1359 persuadeas
630 1337 638 1351 ‚
654 1326 686 1346 ut
697 1315 809 1346 Asturae
819 1312 861 1343 sit.

131 1362 133 1365 ’
368 1362 564 1392 CICERO
586 1358 846 1390 ATTICQS.

265 1406 352 1434 Nou.
361 1403 566 1434 conscendens
575 1402 611 1432 ab
622 1402 716 1431 hortis
728 1398 882 1429 Cluvianis
891 1398 938 1426 ¹in
949 1395 1105 1436 phaselum

242 1450 418 1486 'epicopum
430 1446 482 1475 has
493 1444 562 1475 dedi
578 1440 776 1476 littera5‚cum
786 1439 870 1471 Piliae
879 1437 987 1469 nostrae
998 1438 1105 1467 villam

140 1488 177 1519 ad
189 1490 356 1518 Lucrinum
369 1507 377 1520 ‚
401 1491 416 1506 ²
427 1487 606 1527 villicosque
613 1492 821 1526 procuratores
831 1478 1025 1511 tradidissem.
1046 1478 1107 1518 ipse

140 1538 242 1560 autern
252 1540 289 1559 eo
300 1529 347 1559 die
357 1531 390 1558 in
400 1530 470 1559 Paeti
484 1527 578 1558 nostri
587 1526 802 1568 tyrotarichum
814 1522 1030 1555 imminebam3
1040 1530 1107 1561 per-

140 1573 242 1612 paucis
254 1571 361 1601 diebus
370 1572 403 1599 in
413 1570 635 1609 Pompejanum
652 1579 658 1597 :
677 1566 743 1607 post
755 1568 786 1595 in
797 1567 858 1595 haec
871 1563 1031 1595 Puteolana
1045 1582 1054 1595 ,
1073 1562 1106 1592 &

141 1615 278 1644 Cumana
297 1621 386 1653 regna
407 1615 422 1638 3
442 1613 623 1651 renavigaro.
647 1608 667 1639 ὃ
679 1611 745 1638 loca
755 1606 909 1646 ceteroqui
919 1604 1007 1635 valde
1016 1613 1107 1643 e-xpe-

142 1655 232 1686 tenda
245 1675 253 1688 ,
273 1653 511 1694 interpellantium
533 1661 634 1683 autem
646 1648 844 1681 multitudine
855 1656 938 1687 paene
951 1645 1104 1687 fugienda!

139 1696 199 1728 Sed
217 1696 253 1726 ad
272 1704 379 1729 remur
398 1696 518 1726 veniam
533 1714 541 1728 ‚
561 1692 580 1724 ὃ
599 1692 765 1724 Dolabellae
776 1689 870 1721 nostri
880 1698 1020 1729 magnam
1029 1686 1102 1734 ξω.

142 1739 236 1775 ceiow
248 1741 255 1773 ,¹
275 1753 382 1785 quanta
394 1743 436 1773 est
447 1735 659 1778 οἰνοιθεώρηπς
673 1738 685 1770 ?
708 1739 850 1781 equidem
861 1738 978 1769 laudare
990 1745 1062 1780 eurn
1074 1735 1107 1765 ὃς

144 1788 257 1817 hortari
278 1796 343 1816 non
363 1784 420 1816 defi
427 1784 482 1815 sto.
504 1782 583 1813 reEke
610 1792 642 1813 tu
653 1782 799 1812 omnibus
807 1779 940 1821 epistolis
950 1777 1106 1818 fignihcas,

143 1829 217 1869 quid
227 1828 264 1858 de
275 1839 315 1862 re,
325 1827 399 1869 quid
409 1827 445 1857 de
460 1827 527 1856 viro
537 1825 654 1855 sentias.
678 1824 756 1853 mihi
767 1823 893 1864 quidem
905 1821 1024 1850 videtur
1033 1820 1107 1863 Bru-

145 1880 194 1900 tus
213 1869 315 1900 noster
337 1871 398 1909 jam
409 1868 457 1899 vel
466 1876 611 1898 coronam
621 1875 739 1896 auream
751 1873 801 1905 pei·
810 1863 912 1893 forum
924 1862 1001 1892 ferre
1011 1858 1105 1899 posse.

145 1916 164 1939 4
174 1914 242 1953 quis
254 1913 339 1942 enim
349 1911 454 1942 audeat
463 1909 591 1942 laudare,
602 1905 749 1948 proposita
759 1916 855 1940 cruce,
867 1913 916 1935 aut
926 1904 998 1934 saxo
1011 1906 1022 1932 ἓ
1034 1911 1105 1942 prae-

144 1955 249 1985 sertim
271 1955 360 1985 tantis
379 1950 527 1993 plausibus
546 1971 554 1984 ‚
579 1959 657 1980 tanta
675 1949 888 1989 approbatione
910 1944 1108 1976 infimorum?

146 1998 240 2026 Nunc
253 2015 261 2029 ,
281 1998 326 2026 mi
339 1997 439 2025 Attice
452 2014 460 2027 ,
473 1992 581 2024 mefac
591 2001 624 2023 ut
633 1991 783 2032 expedias.
807 1991 898 2029 cupio
909 2008 917 2022 ,
928 1987 1001 2018 cum
1014 1987 1107 2017 Bmto

145 2037 248 2068 nostro
257 2035 371 2068 affatim
382 2035 574 2067 satisfecerim
585 2054 594 2068 ,
619 2043 774 2064 excurrere
784 2034 817 2061 in
829 2033 986 2061 Graeciam.
1007 2030 1109 2069 magni

141 2078 264 2110 interest
274 2078 493 2112 Ciceronis‚vel
503 2087 569 2107 mea
579 2075 747 2116 potius‚vel
759 2074 931 2104 mehercule
941 2071 1107 2111 utriusque,

142 2131 195 2152 me
206 2122 389 2152 intervenire
400 2120 537 2150 discenti.
559 2127 632 2149 nam
641 2116 766 2158 epistola
775 2115 921 2146 Leonidae
934 2134 943 2148 ‚
966 2122 1057 2154 quam
1072 2112 1107 2142 ad

144 2173 195 2193 me
208 2162 324 2196 misisti,
335 2162 407 2203 quid
418 2161 516 2194 habet,
527 2160 636 2201 quaeso,
651 2162 683 2189 in
696 2168 755 2199 quo
767 2167 950 2200 magnopere
959 2155 1108 2185 laetemur?

144 2214 314 2245 numquam
327 2205 379 2234 ille
389 2204 467 2234 mihi
479 2203 546 2233 satis
557 2202 669 2232 laudari
679 2200 830 2231 videbitur
841 2219 850 2233 ,
868 2198 941 2229 cum
954 2200 994 2228 ita
1006 2196 1108 2226 lauda-

144 2247 246 2281 bitur-3
266 2256 429 2285 QUOMODO
442 2255 536 2274 NUNC
548 2254 615 2274 Esr.
640 2253 704 2273 non
719 2241 761 2272 est
774 2241 894 2272 fidentis
904 2241 961 2270 hoc
972 2238 1109 2269 testimo-

147 2290 249 2323 nium,
261 2288 310 2319 sed
325 2286 427 2328 potius
438 2287 568 2316 timentis.
593 2289 606 2313 5
620 2284 735 2315 Herodi
749 2293 850 2314 aurern
862 2282 1033 2313 mandaram
1047 2300 1055 2315 ‚
1076 2288 1109 2310 ut

145 2340 226 2369 mihi
237 2330 293 2376 ’ᾤ’
303 2333 397 2373 μίτον
416 2335 568 2366 scriberet:
582 2334 598 2365 a
614 2344 676 2375 quo
686 2333 782 2363 adhuc
792 2333 874 2362 nulla
884 2333 982 2362 littera
992 2330 1044 2361 est.
1055 2340 1107 2360 ve-

147 2390 215 2411 reor
228 2400 237 2413 ,
258 2389 296 2408 ne
305 2378 385 2408 nihil
395 2377 531 2408 habuerit
543 2397 552 2410 ,
564 2376 646 2417 quod
658 2376 733 2404 mihi
748 2395 756 2408 ,
768 2385 839 2404 cum
850 2372 1024 2414 cognossem
1037 2392 1046 2406 ‚
1058 2375 1110 2412 ju-

144 2421 284 2453 cundum
302 2428 416 2461 putaret
424 2419 499 2450 fore.

146 2466 352 2506 mihigratum
364 2461 418 2492 est.
443 2461 520 2491 nihil
531 2464 613 2490 enim
627 2457 722 2489 deesse
735 2460 896 2490 Ciceroni,
907 2456 978 2486 cum
992 2455 1026 2485 ad
1039 2454 1112 2485 offi-

147 2509 232 2537 cium
245 2525 254 2538 ‚
275 2514 340 2535 tum
349 2503 384 2535 ad
396 2502 657 2534 existimationem
668 2509 768 2530 meam
778 2502 916 2539 pertinet.
940 2497 1111 2528 Flammam

151 2548 340 2578 Flaminium
360 2545 451 2576 audio
470 2547 580 2575 Romae
599 2542 667 2573 esse.
689 2541 724 2572 ad
743 2551 815 2571 eum
841 2537 937 2580 scripfi
953 2560 962 2573 ,
991 2549 1038 2568 me
1057 2539 1112 2568 tibi
1130 2541 1131 2544 ’

150 2587 299 2619 mandasse
317 2598 369 2628 per
389 2588 498 2617 litteras
509 2606 517 2620 ‚
542 2596 573 2616 ut
595 2586 632 2615 de
644 2584 918 2625 Montaninegotio
931 2591 1003 2612 cum
1017 2591 1053 2610 eo
1065 2581 1113 2610 lo-

149 2641 292 2671 querere-
335 2637 346 2646 ⁷
377 2629 470 2659 velim
489 2638 573 2658 cures
595 2626 751 2667 epistolam
763 2645 772 2659 ‚
792 2635 882 2666 quam
896 2623 931 2653 ad
943 2633 1014 2654 eum
1031 2621 1110 2656 misi,

151 2671 302 2704 reddenda
346 2671 398 2707 5&
410 2671 471 2711 ipse
482 2690 491 2704 ‚
501 2669 584 2711 quod
596 2667 764 2700 commodo
774 2676 828 2699 tuo
838 2665 888 2697 fiat
898 2685 907 2700 ,
917 2675 990 2696 cum
999 2675 1036 2695 eo
1047 2664 1112 2695 col—

523 2418 614 2460 Qod
625 2417 661 2448 ad
672 2419 838 2446 Xenonem
848 2413 985 2454 scripsisti
995 2434 1003 2448 ‚
1025 2414 1109 2444 valde
1129 2411 1131 2440 ἶ

1132 98 1670 148 (Memnonis

1135 177 1264 219 loquare.
1288 185 1375 217 puto,
1393 177 1413 207 [ι
1424 178 1498 219 quid
1509 181 1540 209 in
1553 181 1678 212 homine
1706 179 1809 213 udoris
1819 178 1871 215 est,
1888 179 2094 221 praestatumnt

1136 231 1227 254 eum,
1256 218 1271 239 ⁶
1284 229 1322 248 ne
1346 229 1400 266 pro
1418 220 1447 250 se
1467 221 1598 260 quodam
1621 233 1672 253 mo
1696 223 1916 264 odepcndatur.
1940 226 1988 254 De
1998 225 2098 254 Attica

1136 270 1304 303 pergratum
1315 263 1393 291 mihi
1403 260 1498 292 fecisti
1510 282 1519 296 ,

1137 302 1206 338 effe,
1219 305 1312 345 quam
1322 312 1385 334 non
1397 302 1534 334 belle‘fui

1378 347 1569 376 CICERO
1591 348 1806 382 ATT1C0‚
1829 351 1859 380 S.
2084 374 2087 378 s

1144 386 1217 462 IN
1235 386 1456 426 Pompeianum
1476 388 1548 417 veni
1568 397 1600 418 v.
1629 390 1734 418 Nonas
1750 392 1822 420 Mai.
1840 400 1910 421 cum
1929 391 2027 431 pridie
2039 411 2047 425 ‚
2064 398 2100 421 ut

1185 439 1268 460 antea
1279 429 1313 459 ad
1325 438 1352 458 te
1364 427 1471 468 scripsi,
1484 430 1591 460 Piliam
1604 431 1636 459 in
1647 432 1786 460 Cumano
1795 432 2030 463 collocavissem.
2054 433 2099 463 ibi

1143 473 1221 501 mihi
1243 472 1361 501 cenanti
1383 471 1487 501 litterae
1506 479 1564 501 tuae
1574 471 1642 501 sunt
1654 471 1779 502 redditae
1793 492 1802 505 ‚
1824 482 1893 513 quas
1903 474 2023 505 dederas
2035 476 2101 504 De-

1143 515 1252 543 metrio
1272 513 1381 543 liberto
1401 512 1479 552 prid.
1501 513 1568 542 Kal.
1588 515 1622 542 in
1641 513 1751 554 quibus
1762 514 1857 544 multa
1871 515 2015 554 sapienter
2026 536 2036 549 ,
2054 515 2106 546 sed

1144 565 1245 585 tamen
1255 555 1322 585 talia
1334 573 1342 587 ‚
1363 554 1624 594 quemadmodum
1636 563 1698 585 tute
1711 555 1856 585 scribebas
1865 575 1873 588 ,
1887 566 1919 586 ut
1928 567 2020 588 omne
2029 567 2107 588 con-

1143 596 1243 627 silium
1262 597 1290 625 in
1301 596 1427 635 fortuna
1434 595 1564 637 positum
1575 596 1737 626 videretur.
1761 599 1858 637 itaque
1869 597 1916 626 his
1925 598 1962 628 de
1971 599 2057 628 rebus
2065 609 2106 629 ex

1145 649 1292 679 tempore,
1305 639 1338 668 &
1351 647 1462 668 coram.
1486 641 1535 668 De
1546 639 1706 668 Buthrotio
1717 641 1968 679 negot10‚utinam
1980 641 2106 680 quidem

1146 683 1319 711 Antonium
1337 681 1538 710 conveniam:
1558 679 1693 710 multum
1712 679 1848 720 profecto
1867 679 2032 720 proficiam.
2056 682 2106 712 sed

1143 732 1206 753 non
1216 722 1396 753 arbitrantur
1405 732 1477 752 eum
1488 723 1504 753 a
1517 724 1618 762 Capua
1636 722 1867 752 declinaturum.
1890 722 1951 762 quo
1971 723 2107 763 quidem,

1144 774 1249 795 metuo
1262 784 1271 798 ‚
1283 775 1319 795 ne
1333 774 1443 806 magno
1452 766 1541 805 Reip.
1553 764 1634 794 malo
1647 766 1772 794 venerit.
1794 764 1878 804 quod
1893 764 1974 794 idern
1984 766 2019 794 L.
2038 766 2106 795 Ca:-

1145 807 1199 837 sari
1210 806 1376 841 videbatur,
1385 816 1476 847 quem
1487 806 1583 846 pridie
1593 807 1723 846 Neapoli
1732 803 1874 836 affeetum
1887 808 2012 846 graviter
2022 806 2109 837 vide-

1146 858 1220 878 ram.
1245 849 1443 890 quamobrem
1460 848 1515 879 ista
1534 847 1624 878 nobis
1634 849 1669 878 ad
1680 848 1747 878 Kal.
1755 849 1826 889 Jun.
1839 847 1987 878 tiaeranda
1998 847 2031 877 &
2040 857 2108 887 per-

1147 889 1274 921 ficienda
1295 891 1371 921 sunt.
1391 890 1441 920 sed
1456 889 1612 921 hasikenus.
1632 888 1772 930 inlius
1791 889 1826 919 ad
1838 899 1949 929 patrem
1958 888 2107 919 acerbiffi-

1145 943 1208 964 mas
1220 934 1330 963 litteras
1344 930 1425 962 mifit
1436 942 1441 961 :
1451 942 1519 973 quae
1531 932 1597 962 sunt
1607 934 1634 961 ei
1646 931 1768 962 redditae
1779 952 1786 965 ‚
1797 941 1866 961 cum
1877 929 2060 961 venissemus
2071 934 2105 962 ia

1144 976 1364 1015 Pompejanum
1386 984 1528 1014 :quarum
1538 983 1639 1003 tamen
1648 982 1708 1004 erat
1715 983 1800 1013 caput
1809 992 1818 1006 ‚
1832 973 1996 1014 Aquilliam
2007 983 2108 1002 nover-

1145 1026 1206 1046 cam
1226 1026 1289 1047 non
1301 1015 1359 1046 effe
1380 1016 1519 1045 laturum.
1553 1015 1603 1045 sed
1620 1016 1677 1046 hoc
1693 1015 1847 1045 tolerabile
1867 1014 1984 1045 fortasse
2002 1035 2009 1049 ‚
2028 1014 2106 1045 illud

1144 1058 1235 1089 vero?
1254 1059 1284 1088 se
1301 1058 1338 1088 ab
1356 1057 1470 1088 Caesare
1489 1055 1623 1086 habuiffe
1641 1058 1766 1089 omnia,
1790 1057 1835 1086 nil
1848 1057 1863 1087 a
1870 1066 1968 1097 patre,
1991 1057 2106 1097 reliqua

1145 1108 1256 1148 sperare
1274 1107 1309 1138 ab
1329 1107 1478 1136 Antonio.
1500 1105 1519 1136 ὃ
1539 1104 1691 1145 perditum
1707 1107 1887 1136 hominem!
1906 1102 2108 1137 sedushn'ffs.

1145 1149 1190 1179 Ad
1202 1151 1327 1178 Brutum
1342 1146 1480 1178 nostrum
1494 1167 1503 1180 ‚
1515 1148 1549 1177 ad
1559 1145 1688 1177 ciffium
1700 1167 1708 1180 „
1719 1147 1754 1177 ad
1764 1148 1956 1177 Dolabellam
1966 1146 2106 1188 epistolas

1145 1189 1251 1230 scripsi.
1271 1200 1372 1220 earum
1392 1189 1532 1229 exempla
1543 1187 1597 1219 tibi
1608 1187 1694 1222 misi,
1718 1199 1781 1219 non
1790 1189 2025 1219 urdeliberarem
2037 1189 2107 1219 red-

1143 1232 1289 1263 dendaene
1306 1230 1416 1266 essent,
1440 1230 1548 1272 (plane
1569 1232 1655 1260 enim
1669 1230 1774 1269 judico
1785 1228 1841 1261 esse
1850 1230 2032 1270 reddendas)
2051 1231 2103 1261 sed

1144 1273 1228 1315 quod
1240 1284 1305 1304 non
1313 1273 1420 1304 dubito
1431 1293 1439 1308 ‚
1457 1275 1533 1314 quin
1547 1282 1579 1303 tu
1589 1272 1673 1303 idern
1684 1272 1908 1303 existimaturus
1917 1271 1961 1302 fis.
1985 1275 2107 1303 Cicero-

1145 1318 1177 1346 ni
1193 1326 1263 1346 meo
1273 1336 1281 1350 ,
1292 1317 1337 1346 mi
1349 1318 1447 1346 Attice
1457 1335 1465 1350 ‚
1487 1314 1689 1355 suppeditabis
1700 1323 1845 1355 quantum
1857 1315 2010 1345 videbitur
2019 1334 2028 1347 ‚
2038 1324 2107 1344 rne-

1145 1363 1203 1400 que
1223 1360 1283 1389 hoc
1305 1357 1360 1388 tibi
1379 1366 1456 1388 onus
1474 1359 1634 1397 imponere
1652 1366 1771 1397 patiere.
1795 1367 1861 1398 quae
1881 1356 1976 1387 adhuc
1994 1355 2103 1391 fecisti,

1146 1410 1226 1438 mihi
1234 1408 1302 1439 sunt
1310 1405 1478 1450 gratiffima.
1490 1407 1617 1438 Librum
1634 1416 1738 1437 meum
1750 1407 1839 1437 illum
1850 1393 2012 1433 οἰνὲκῶπν
2024 1416 2106 1437 non-

1146 1451 1220 1481 dum
1232 1470 1240 1484 ‚
1259 1452 1386 1480 utvolui
1398 1470 1407 1484 ‚
1426 1450 1586 1490 perpolivi.
1605 1447 1657 1478 ista
1667 1448 1740 1479 vero
1755 1469 1763 1482 ‚
1784 1459 1849 1489 quae
1859 1457 1891 1478 tu
1907 1451 2029 1478 contexi
2042 1450 2101 1482 vis,

1146 1492 1228 1523 aliud
1246 1492 1400 1533 quoddam
1411 1492 1573 1531 separatum
1582 1492 1730 1521 volumen
1737 1490 1918 1530 exspesstant.
1938 1500 1993 1531 ego
2002 1499 2104 1520 autem

1147 1534 1257 1573 (credas
1267 1535 1345 1563 mihi
1355 1533 1450 1563 velim
1464 1534 1473 1573 )
1494 1535 1615 1563 minore
1624 1533 1758 1572 periculo
1769 1531 1912 1562 existimo
1922 1540 2024 1562 contra
2036 1532 2104 1562 illas

1147 1575 1274 1606 nefarias
1282 1577 1390 1615 parteis
1400 1594 1408 1608 ,
1418 1576 1490 1605 vivo
1502 1583 1641 1614 tyranno,
1653 1574 1713 1604 dici
1722 1572 1860 1614 potuisse,
1871 1573 1961 1613 quam
1971 1581 2105 1603 mortuo:

1146 1618 1199 1647 ille
1217 1622 1302 1647 enim
1316 1617 1420 1647 nescio
1430 1627 1490 1657 quo
1499 1615 1586 1656 pafito
1597 1614 1708 1646 ferebat
1722 1625 1772 1645 me
1781 1615 1905 1656 quidem
1916 1615 2104 1645 mirabiliter.

1145 1669 1239 1693 nunc,
1250 1668 1438 1700 quacumque
1449 1668 1504 1689 nos
1511 1656 1792 1691 commovimus‚ad
1802 1656 1922 1686 caesaris
1934 1665 1997 1686 non
2009 1655 2105 1687 modo

1147 1701 1210 1732 aesta
1220 1721 1229 1734 ,
1248 1711 1355 1731 verum
1376 1702 1467 1730 etiam
1487 1707 1858 1729 (ῑοσιι-ΓΑΤΑτενοεειηιιιτν
1881 1700 1927 1728 De
1943 1700 2106 1732 Montano,

1145 1744 1291 1784 quoniam
1311 1744 1448 1773 Flamma
1464 1743 1567 1775 venit,
1588 1741 1715 1782 videbis.
1737 1749 1812 1781 puto
1825 1749 1890 1770 rem
1900 1740 2027 1771 meliore
2036 1740 2106 1772 loco

1146 1783 1205 1814 effe
1215 1784 1333 1814 debere.
2068 1808 2069 1812 ,

1211 1827 1366 1856 CICER
1381 1829 1407 1856 O
1429 1825 1758 1856 DOLABELLAE
1780 1825 1876 1854 COS.
1900 1825 1994 1854 SUO
2015 1826 2044 1854 S.

1227 1867 1292 1897 TSI
1301 1875 1443 1897 contentus
1454 1877 1530 1896 eram
1540 1887 1548 1900 ‚
1571 1867 1612 1896 mi
1624 1865 1772 1896 Dolabeoea
1784 1873 1837 1895 tua
1841 1865 1937 1906 gloria
1948 1886 1956 1899 ‚
1975 1866 2037 1906 sliri
2036 1865 2107 1907 sque

1226 1918 1260 1940 ex
1270 1920 1302 1939 ea
1311 1920 1445 1951 magnam
1455 1909 1586 1938 lantiam
1600 1908 1836 1950 voluptatemque
1847 1906 2003 1948 capiebam·
2014 1915 2107 1938 tamen

1127 1971 1130 1981 i
1147 1963 1199 1981 non
1215 1951 1322 1993 poffiim
1341 1963 1394 1981 non
1412 1950 1538 1991 confiteri
1552 1970 1561 1985 ,
1581 1951 1721 1980 cumulari
1730 1961 1773 1979 me
1783 1950 1908 1979 maximo
1915 1950 2021 1990 gaudio
2032 1949 2108 1992 quad

1149 1994 1236 2034 vulgo
1266 1994 1413 2024 hominum
1430 1993 1522 2035 opmio
1535 1993 1648 2032 s‘ocium
1665 2003 1709 2022 me
1726 1990 1868 2032 adfi‘ribat
1887 1993 1946 2020 tuis
1965 1990 2106 2021 laud1bus.

1148 2036 1287 2066 neminem
1304 2036 1436 2070 conveni,
1458 2034 1478 2076 (
1487 2036 1616 2064 convenio
1634 2041 1732 2064 autem
1743 2033 1868 2075 quotidie
1875 2033 2030 2074 plurimos:
2037 2033 2108 2074 sunt

1149 2079 1223 2107 enim
1231 2078 1369 2119 permulti
1378 2078 1479 2119 oprimi
1491 2077 1560 2111 viri,
1572 2078 1636 2118 qui,
1648 2076 1820 2106 valitudinis
1830 2076 1915 2116 causa
1927 2096 1935 2109 ,
1947 2077 1975 2105 in
1987 2076 2029 2105 his
2041 2076 2107 2105 locis

1150 2121 1320 2149 conveniunt
1331 2133 1340 2154 3
1355 2127 1483 2162 praterea
1498 2129 1532 2148 ex
1541 2119 1704 2161 municipiis
1717 2117 1872 2159 frequentes
1882 2117 2020 2156 neceffimi
2030 2116 2106 2156 mei)

1149 2163 1201 2202 qui
1222 2172 1311 2191 omnes
1322 2182 1331 2195 ,
1351 2172 1417 2190 cum
1437 2168 1465 2191 te
1478 2161 1600 2201 summis
1620 2159 1753 2190 laudibus
1771 2159 1809 2189 ad
1826 2159 1920 2189 calum
1931 2159 2106 2191 extulerunt,

1148 2204 1221 2234 milii
1234 2202 1363 2233 continui)
1372 2204 1517 2232 maximas
1532 2203 1647 2244 gratias
1656 2209 1756 2243 agunt.
1780 2209 1882 2242 negant
1891 2202 1964 2232 enim
1984 2201 2013 2240 [ἐ
2022 2199 2109 2229 dubi-

1150 2253 1211 2275 tare
1222 2266 1231 2280 ,
1271 2246 1320 2275 uin
1331 2254 1364 2275 ru
1375 2255 1451 2276 meis
1461 2247 1615 2286 praeceptis
1626 2265 1634 2278 ‚
1655 2245 1690 2279 (φ
1700 2243 1818 2285 confiliis
1827 2243 2012 2285 obtemperans
2023 2263 2032 2278 ‚
2040 2251 2108 2284 pra-

1141 2287 1232 2325 stanti
1254 2298 1346 2317 imum
1357 2295 1383 2317 re
1393 2288 1486 2317 civem
1498 2307 1507 2321 ‚
1527 2288 1562 2321 (φ
1567 2286 1739 2329 singularem
1750 2288 1772 2314 C
1770 2285 1889 2324 onfiilem
1894 2284 2019 2326 prebeas.
2040 2283 2111 2326 qui-

1149 2330 1199 2359 bus
1209 2340 1255 2371 ego
1265 2339 1443 2371 quamquam
1455 2329 1593 2370 verisJime‘
1603 2334 1616 2357 7
1622 2327 1728 2369 poffiem
1737 2327 1883 2366 respondere
1896 2347 1904 2360 ‚
1912 2321 1931 2354 ,3
1940 2337 1999 2367 qim
2006 2327 2110 2365 facias,

1129 2366 1130 2380 ¹
1150 2379 1198 2401 tuo
1203 2372 1313 2411 judicio
1327 2392 1335 2405 ,
1347 2374 1382 2404 &-
1392 2379 1444 2401 tua
1446 2371 1541 2410 sponte
1543 2372 1637 2412 facere
1647 2390 1655 2404 ‚
1674 2380 1721 2399 nec
1731 2369 1898 2409 cujusquam
1908 2379 1983 2409 egere
1993 2363 2113 2410 bonfilio.-

1151 2421 1247 2442 tamen
1264 2423 1352 2460 aeque
1365 2413 1447 2454 plane
1463 2412 1592 2451 affintior
1603 2432 1611 2446 ‚
1630 2423 1662 2442 ne
1680 2412 1850 2440 imminuam
1861 2420 1945 2439 ruam
1956 2410 2078 2443 laudem,
2086 2407 2116 2450 [ἶ

1538 262 1626 334 ¹quod
1638 264 1744 296 curasti
1753 285 1762 300 ‚
1781 275 1813 296 ut
1823 274 1889 296 ante
1899 265 2004 296 scirem
2015 264 2097 296 reete

1562 314 1589 334 e.

1153 2455 1242 2484 omnis
1268 2464 1286 2482 a
1300 2456 1368 2483 meis
1386 2455 1502 2496 consiliis
1517 2452 1643 2496 profesta
1661 2454 1792 2483 videatur
1804 2464 1812 2486 3
1831 2463 1916 2494 neque
1935 2452 2017 2482 valde
2034 2461 2111 2492 nego.

1149 2497 1216 2537 sum
1226 2496 1299 2525 enim
1308 2496 1422 2525 avidior
1432 2498 1520 2526 etiam
1529 2516 1538 2530 ,
1551 2492 1716 2538 quamshris
1725 2493 1778 2528 eft',
1786 2495 1891 2534 gz'oriae.
1913 2495 1947 2527 (9⁸
1959 2502 2114 2524 tamennon

1153 2538 1279 2566 ahenum
1289 2536 1325 2573 est
1334 2538 1476 2578 dignitate
1487 2547 1548 2572 tua,
1560 2537 1636 2580 quod
1645 2536 1696 2579 rpfi
1702 2538 1926 2577 Agamemnoni,
1938 2547 2035 2577 regum
2044 2533 2112 2574 regi,

1147 2580 1213 2620 fuit
1224 2578 1362 2615 honestum
1373 2599 1380 2613 ,
1395 2581 1500 2611 habere
1510 2581 1639 2621 aliquem
1651 2583 1684 2609 in
1694 2577 1828 2610 consiliis
1839 2578 1991 2618 capiendis
2002 2575 2115 2607 Nesto-

1152 2632 1227 2652 rem.
1247 2622 1318 2651 mtln'
1329 2622 1392 2652 veri·
1409 2623 1577 2663 gloriosum,
1591 2629 1617 2651 re
1620 2621 1754 2660 juvenem
1767 2620 2009 2657 Consulemflorere
2017 2617 2118 2648 laudi-

1130 2693 1132 2701 χ
1153 2662 1203 2692 hm
1217 2683 1226 2698 ‚
1245 2663 1327 2706 quast
1343 2664 1493 2695 alumnum
1503 2660 1655 2707 disciplina
1662 2673 1733 2693 mm.
1754 2665 1791 2693 L.
1804 2662 1918 2703 quidem
1929 2661 2027 2701 Caesar,
2049 2660 2115 2691 esim

1708 2704 1710 2707 '
2076 2703 2116 2734 ad

143 2823 146 2826 ’
193 2832 203 2849 1
213 2843 218 2848 .
237 2826 264 2848 ln
272 2824 396 2857 ‘leftlum
404 2822 544 2856 epicopum]
564 2822 646 2857 Vulg.
664 2824 691 2847 1'n
695 2821 795 2855 faselum
805 2820 937 2854 episcopum.

193 2867 223 2884 2.
242 2861 371 2892 Wllrcojique
387 2866 550 2891 procuratores
568 2858 739 2892 tradidissfi’m]
762 2857 904 2892 Pignorius
924 2858 1046 2882 accurate
1064 2855 1114 2882 illo

154 2893 202 2922 suo
213 2895 414 2927 comment-irio,
423 2894 456 2921 de
467 2895 567 2927 Servis,
577 2893 771 2921 emendandum
782 2900 871 2929 putat,
882 2893 1015 2927 Viuit-osque
1023 2892 1116 2925 &pro-

156 2937 291 2957 curalort's‘.

195 2974 208 3001 3
216 2986 222 2992 .
241 2966 415 2999 Renavigaro]
437 2965 567 3002 Reposiiit
576 2965 667 2993 Rosius
677 2964 831 2993 auctoribus
843 2964 926 2992 scidis
939 2984 948 2997 ‚
959 2966 1102 2999 renavigare
1113 2975 1121 2990 .-

161 3010 224 3040 pro,
235 3003 374 3033 renavigare
385 3001 455 3036 quod
468 3002 548 3036 vulg&
560 3002 670 3038 legitur.

192 3045 221 3070 4.
241 3038 299 3070 φξβ
316 3039 376 3076 enim
387 3037 471 3062 ardeat
482 3038 582 3063 laudare
595 3040 708 3072 proposita
725 3046 792 3063 cruce
810 3044 854 3063 aut
865 3037 926 3071 [ἦκα
937 3036 963 3070 9]
989 3037 1019 3062 In
1031 3035 1120 3063 omni-

158 3072 213 3103 bus·
226 3082 292 3109 quos
312 3071 379 3097 vidit
400 3072 490 3109 Rosius
511 3073 567 3098 mss‘.
597 3081 734 3100 exaratum
746 3073 781 3100 est
794 3093 802 3106 ,
820 3073 872 3108 quis
890 3076 950 3099 enim
968 3073 1056 3099 audeat
1065 3075 1120 3099 lau-

156 3110 218 3136 dare
229 3117 238 3140 ;
260 3108 329 3145 quod
340 3108 420 3134 eti-im
433 3109 541 3134 testatur
552 3108 699 3141 vietorius,
711 3110 789 3145 idque
800 3110 930 3137 Germani
940 3108 1119 3139 adnotarunt:

158 3145 233 3183 vulg.
252 3145 304 3181 quio·
313 3147 373 3173 enim
382 3143 471 3172 audeat
480 3145 571 3173 violare
576 3147 692 3180 propofita
702 3154 768 3174 cruce
776 3146 895 3182 velstzxo.

1199 2830 1225 2855 5.
1240 2821 1330 2847 Herodi
1339 2829 1417 2846 autem
1427 2820 1570 2846 mandaram
1583 2826 1611 2844 ut
1619 2821 1677 2844 mihi
1685 2818 1855 2851 κατὰ-μῖτον]
1867 2815 1953 2842 Verba
1965 2816 2018 2841 haec
2027 2816 2120 2843 Graeca

1163 2856 1304 2884 soediffime
1315 2864 1438 2892 corrupta
1450 2855 1563 2882 restituit
1573 2854 1710 2881 Viam-ius
1720 2863 1752 2880 ex
1764 2853 1878 2888 antiquis
1889 2851 2034 2882 codicibus
2045 2853 2120 2887 prius

1161 2901 1250 2920 autem
1261 2902 1309 2929 pro
1319 2895 1385 2919 κατὰ
1394 2894 1464 2924 μίτον
1474 2910 1482 2922 ,
1503 2890 1642 2925 legebatur
1659 2891 1803 2923 κΊεκμίιτων.
1824 2889 1984 2915 Wouverius
1993 2896 2046 2914 01·ae
2056 2886 2121 2914 libri

1161 2929 1199 2956 sui
1213 2929 1382 2965 adscripscrat
1391 2929 1450 2955 μεθ’
1463 2927 1560 2961 ἡμέρων.
1581 2943 1583 2945 -
2054 2949 2057 2952 ἱ

1199 2974 1227 3000 6.
1248 2978 1284 3000 Ne
1298 2982 1340 3007 pro
1351 2974 1378 3007 se
1395 2970 1555 3007 quodammodo
1564 2970 1737 3004 dependatur]
1758 2969 1819 2995 Hoc
1834 2969 1871 2995 ita
1881 2968 2016 3004 castigavit
2025 2967 2121 2994 Victo-

1165 3011 1219 3037 rius
1231 3019 1239 3041 3
1260 3010 1374 3045 vulga-ta:
1385 3007 1508 3034 lectionis
1520 3006 1685 3042 perversione
1696 3006 1722 3031 S(
1735 3005 1844 3032 maculis
1855 3004 1979 3032 offensus.
1991 3013 2022 3032 ea
2030 3010 2119 3032 autem

1165 3047 1226 3077 talis
1237 3046 1284 3078 est,
1293 3045 1387 3078 meser)
1397 3042 1568 3078 quodammodo.

1202 3102 1231 3129 7.
1249 3093 1340 3124 Pofficm
1350 3090 1505 3125 respondem]
1526 3089 1546 3115 V
1550 3088 1607 3124 ulg1
1613 3090 1689 3122 poffim
1699 3079 1842 3124 respondere.
1875 3084 1877 3087 ¹

1200 3141 1230 3172 8,
1248 3139 1388 3178 Responderc
1397 3137 1560 3176 quaefacias]
1582 3137 2013 3175 Vulg.respondercfleffluaefaciar.
2047 3177 2064 3201 ο
2107 3171 2114 3178 ι

2013 3179 2038 3200 1.
2064 3179 2124 3200 nmis

2088 359 2166 399 ‘17
