2360 3400
485 143 556 177 nn
600 129 872 176 F1N1nus
905 131 1139 178 Borion.

162 211 226 247 est,
246 212 374 254 partium
395 210 529 251 corporis
548 209 605 240 alia
624 209 765 241 videntur
778 217 889 253 propter
911 221 1003 241 eorum
1017 211 1100 252 usum
1112 210 1128 241 a

164 253 331 285 naturaess'e
342 252 469 286 donata,
490 260 658 286 utmanuS‚
681 261 782 286 crura,
804 253 912 293 pedes,
934 263 967 284 ut
989 263 1039 287 ea,
1060 262 1126 294 quae

143 310 145 314 Α
164 296 233 326 sunt
242 289 324 325 intus
334 296 366 324 in
379 303 502 334 corpore
513 313 522 327 ‚
544 303 675 333 quorum
689 295 799 325 utilitas
808 304 917 336 quanta
928 293 961 325 fit
972 314 982 329 ,
1002 294 1017 325 a
1028 294 1125 324 medi-

163 338 208 367 cis
227 338 318 367 etiam
340 336 522 376 disputatur:
543 335 620 365 ¹alia
639 345 739 366 autern
759 337 875 367 nullam
897 336 936 367 ob
951 337 1122 369 utilitatem,

183 376 242 407 uasi
253 378 288 408 ad
298 378 449 418 quendam
460 386 600 407 ornatum
614 397 624 410 ,
645 386 677 408 ut
684 378 776 408 cauda
783 380 894 418 pavoni
905 398 916 411 ,
933 379 1046 418 plumae
1057 387 1123 408 ver-

161 387 302 449 sicolores
317 419 470 450 columbis
483 439 491 452 ‚
511 421 583 449 viris
594 429 736 450 mammae
746 439 754 453 ,
775 429 863 460 atque
875 420 969 450 barba.
994 422 1067 450 Haec
1078 419 1126 449 di-

162 469 272 491 cuntur
280 459 399 491 sortasse
412 460 558 500 jejunius:
579 461 649 491 sunt
665 463 749 492 enim
760 460 840 502 quasi
859 463 956 502 prima
977 461 1126 491 elementa
1144 472 1145 475 ¹

161 511 274 533 naturae
284 515 292 537 ;
314 503 425 544 quibus
435 503 551 534 ubertas
562 505 707 533 orationis
718 503 854 533 adhiberi
865 505 920 533 vix
929 502 1026 543 potest
1036 523 1045 536 ,
1068 512 1124 533 nec

113 566 135 571 ».
161 543 303 584 equidem
318 555 383 575 eam
402 548 502 587 cogito
521 544 701 575 conseerari:
723 545 1013 576 verumtamencsim
1024 544 1061 574 de
1077 554 1126 574 re-

162 585 219 616 bus
229 586 438 627 grandioribus
449 588 528 618 dicas
540 607 548 620 ‚
569 587 628 626 ips-3:
645 597 685 615 res
701 586 787 615 verba
804 588 928 628 rapiunt.
954 588 994 617 ita
1005 586 1039 617 fit
1050 585 1122 616 cum

163 637 293 669 gravior,
307 638 372 658 tum
384 631 472 659 etiam
484 629 658 669 spendidior
668 630 772 659 oratio.
783 628 834 659 Est
845 638 877 659 ut
887 629 974 662 dicis,
986 631 1123 669 inquam.

162 669 213 700 scd
224 679 324 700 tamen
343 681 362 701 o
373 681 400 700 M
410 681 431 700 N
441 681 461 700 ε
470 691 478 706 ,
495 670 576 712 quod
586 669 623 700 de
634 680 665 700 re
675 670 754 701 bona
764 670 896 701 dilucide
908 670 1017 701 dicitur
1027 690 1036 704 ‚
1047 670 1127 700 mihi

163 712 299 752 praeclare
319 712 380 743 dici
399 713 527 743 videtur.
551 711 721 742 istiusmodi
740 721 840 743 autem
851 722 895 742 res
914 712 1012 743 dicere
1023 711 1128 742 ornate

162 754 254 787 velle,
266 755 379 794 puerile
388 754 446 785 est:
457 754 545 795 plane
556 762 667 788 autem,
678 754 711 784 δε
721 754 875 794 perspicue
884 754 1023 794 expedire
1034 752 1127 794 posse,

131 791 151 823 6
166 794 248 825 doffl
260 816 268 829 ‚
289 796 323 826 δε
344 796 540 838 intelligentis
559 797 625 826 viri.
669 795 899 835 Progrediamur
917 798 1008 837 igitur
1020 815 1028 830 ,
1052 805 1130 836 quo—

165 839 249 867 niam
260 858 268 871 ‚
279 839 381 878 inquit
389 857 398 871 ,
409 837 446 868 ab
456 839 502 867 liis
513 838 670 877 principiis
681 846 792 867 naturae
803 836 986 868 discessimus
999 848 1004 866 :
1019 837 1129 878 quibus

165 889 329 920 congruere
339 879 450 909 debent
460 899 469 912 ,
490 889 555 919 quae
565 879 737 917 sequuntur.
760 879 894 919 sequitur
914 887 1013 909 autem
1033 880 1129 918 prima

164 919 273 951 divisio
283 923 354 951 liaec.
377 918 569 956 AEshmabile
579 918 636 949 effe
646 920 774 949 dicitur:
794 920 833 950 fic
842 923 926 950 enim
940 940 948 954 ,
964 929 995 950 ut
1006 923 1126 960 opinor,

164 963 348 1002 appellamus
358 962 389 992 id
400 981 409 995 ‚
424 962 506 1002 quod
516 969 566 991 aut
577 961 673 1000 ipsum
685 960 853 991 secundum
865 971 1000 992 naturam
1012 961 1046 992 fit
1056 982 1064 996 ,
1079 972 1129 992 aut

164 1005 222 1034 tale
231 1004 304 1044 quid
316 1002 425 1033 efficiat
435 1023 443 1036 ,
462 1012 494 1033 ut
503 1001 666 1033 selefflone
676 1002 804 1044 dignum
815 1012 970 1044 propterea
979 1002 1013 1034 fit
1023 1024 1032 1038 ,
1043 1004 1126 1046 quod

166 1045 288 1085 aliquod
308 1044 428 1085 pondus
447 1045 550 1075 habeat
567 1045 695 1085 dignum
716 1045 916 1076 aestimatione
936 1057 942 1075 :
965 1056 1056 1087 quam
1078 1047 1130 1077 ille

168 1087 250 1122 ἀξίων,
261 1096 363 1117 vocat:
378 1095 540 1127 contraque
551 1085 750 1122 inaestimabile,
761 1087 843 1128 quod
854 1086 888 1118 sit
899 1088 1044 1128 superiori
1055 1098 1130 1120 con-

163 1130 300 1159 trarium.
322 1130 420 1159 initiis
431 1130 526 1170 igitur
535 1131 574 1159 ita
583 1129 755 1159 constitutis
765 1149 774 1162 ‚
787 1138 878 1164 ntea,
888 1139 956 1170 quae
965 1130 1129 1161 secundum

166 1179 301 1201 naturam
314 1171 381 1201 sunt
391 1190 399 1204 ‚
420 1171 480 1210 ipsa
494 1179 616 1210 propter
627 1171 656 1200 se
672 1170 816 1202 sumenda
828 1169 884 1203 sint
895 1190 904 1205 ‚
922 1174 1129 1213 contrariaque

163 1214 241 1242 item
247 1212 557 1252 rejicienda3primurn
570 1211 611 1242 cst
621 1212 879 1252 officium(idenim
889 1214 1007 1254 appello
1019 1215 1130 1256 καθῆκον)

162 1263 199 1284 ut
209 1255 236 1284 se
245 1254 403 1284 conservet
412 1256 445 1283 in
456 1263 567 1285 naturae
577 1253 650 1285 statu
658 1265 668 1283 ·.
687 1254 829 1295 deinceps
839 1264 872 1285 ut
882 1265 913 1286 ea
925 1264 1022 1287 teneat
1033 1277 1041 1290 ‚
1062 1266 1127 1298 quae

162 1296 184 1326 s
180 1296 330 1326 ecundum
352 1304 487 1326 naturam
507 1294 563 1326 sint
575 1315 583 1330 ‚
603 1296 753 1337 pellatque
762 1298 926 1327 contraria:
945 1301 960 1317 2
971 1307 1037 1339 quae
1050 1319 1058 1333 ,
1080 1301 1128 1329 in-

163 1347 254 1368 venta
264 1336 427 1368 selestione
437 1357 446 1371 ‚
459 1338 492 1368 &
504 1339 575 1368 item
586 1336 752 1377 rejeffione
764 1358 773 1372 2
789 1339 969 1379 sequuntur:
985 1340 1126 1381 deinceps

163 1378 237 1409 cum
249 1377 353 1409 officio
364 1378 485 1409 seleffio
496 1392 504 1414 ;
516 1380 627 1409 deinde
636 1389 668 1409 ea
680 1388 900 1419 perpetua,tum
909 1381 944 1411 ad
954 1391 1128 1412 extremum

164 1420 303 1451 constans
315 1440 324 1453 ,
343 1421 599 1461 consentaneaque
610 1429 739 1450 naturae:
761 1423 794 1451 in
808 1431 865 1462 qua
878 1422 1015 1461 primum
1035 1423 1128 1454 inefl'e
1146 1435 1147 1438 ¹

163 1463 273 1502 incipit
282 1481 292 1496 ‚
315 1465 330 1488 ³
342 1462 511 1502 &intelligi
523 1481 532 1496 ,
549 1462 622 1502 quid
643 1460 696 1494 sit,
717 1463 798 1502 quod
817 1467 887 1493 vere
905 1464 1021 1494 bonum
1040 1464 1127 1505 poffit

163 1503 234 1534 dici·
258 1505 355 1542 prima
364 1502 406 1533 est
421 1507 504 1533 enirn
516 1504 674 1532 conciliatio
683 1504 798 1532 hominii
805 1505 840 1534 ad
855 1514 904 1538 ea,
926 1516 993 1546 quae
1004 1507 1072 1536 sunt
1082 1507 1125 1537 se-

161 1544 297 1576 cundum
311 1553 457 1575 naturam.
480 1544 569 1575 fimul
588 1554 687 1575 autem
706 1548 786 1585 cepit
804 1547 1034 1587 intelligentiam
1048 1567 1056 1581 ,
1077 1548 1126 1578 vel

160 1587 322 1617 notionem
333 1584 438 1625 potius
449 1607 458 1620 ‚
478 1597 568 1627 quam
581 1586 731 1627 appellant
742 1587 829 1614 ’ἐννοωω
841 1588 888 1617 illi
899 1607 908 1621 ,
931 1588 1069 1630 viditque
1079 1599 1126 1619 re—

160 1637 229 1658 rum
239 1627 420 1668 agendarum
430 1629 572 1659 ordinem
582 1648 592 1662 ‚
605 1629 638 1658 &
649 1648 658 1662 ‚
669 1637 702 1658 ut
711 1628 809 1659 dicam
819 1648 828 1663 ,
839 1630 1012 1660 concordiam
1021 1632 1124 1661 :mul-

159 1667 194 1700 εὸ
212 1679 278 1699 eam
291 1670 385 1710 pluris
397 1669 555 1701 aestimavit
565 1690 574 1704 ,
595 1676 687 1711 quam
702 1673 808 1701 omnia
820 1672 871 1701 illa
883 1690 892 1705 ,
908 1681 975 1712 quae
984 1672 1122 1712 primum

160 1710 325 1742 dilexerat:
344 1714 458 1752 *ratque
473 1714 516 1743 ita<
529 1714 706 1752 cognitione
717 1731 726 1746 ‚
749 1712 782 1742 δε
794 1714 909 1743 ratione
927 1714 1069 1754 collegit,
1090 1724 1123 1745 ut

160 1751 300 1783 statueret
311 1773 320 1787 ,
334 1755 366 1783 in
376 1763 413 1783 eo
423 1753 609 1784 collocatum
624 1763 637 1783 s
648 1763 670 1784 u
680 1764 746 1783 MM
755 1764 778 1784 u
788 1764 816 1783 M
833 1754 910 1784 illud
920 1756 993 1785 horn
998 1758 1057 1785 inis
1070 1765 1122 1796 per

160 1794 190 1825 se
200 1794 386 1825 laudandum
396 1814 405 1829 ‚
417 1795 451 1825 δε
462 1795 666 1835 expetendum
685 1805 703 1825 B
712 1805 731 1825 o
740 1804 763 1824 N
772 1805 794 1825 υ
804 1805 833 1825 M
842 1815 851 1829 ,
866 1796 949 1836 quod
958 1795 1031 1826 curn
1042 1796 1123 1837 pofi-

161 1844 228 1866 tum
239 1834 273 1866 sit
283 1846 316 1866 in
327 1847 364 1867 eo
375 1855 383 1870 ‚
395 1836 478 1878 quod
488 1838 621 1872 ἓμολογίν-ιι
629 1839 741 1869 Stoici,
762 1846 819 1866 nos
828 1837 1012 1876 appellemus
1023 1849 1122 1868 conve-

160 1878 302 1908 nientiam
310 1898 319 1912 ‚
335 1877 355 1908 fi
364 1878 477 1918 placet:
491 1877 563 1908 curn
574 1880 664 1919 igitur
675 1880 708 1907 in
718 1888 754 1907 eo
764 1876 798 1907 fit
809 1878 840 1908 id
851 1878 969 1908 bonum
980 1899 989 1913 ‚
1004 1879 1067 1920 quo
1076 1891 1123 1911 re-

159 1918 284 1950 ferenda
300 1920 370 1950 sunt
390 1922 496 1950 omnia
511 1919 635 1950 honeste
646 1919 726 1950 faeta
736 1939 744 1953 ‚
765 1920 925 1961 ipsumque
938 1920 1123 1956 honestum,

160 1961 244 2002 quod
256 1963 291 1991 in
306 1961 398 1992 bonis
411 1961 551 1995 ducitur,
569 1971 759 2003 quamquam
767 1960 834 2001 post
847 1965 960 1997 oritur,
981 1972 1082 1994 tamen
1092 1964 1121 1994 id

160 2003 261 2034 folum
273 2023 282 2036 ‚
296 2005 328 2033 vi
339 2004 387 2034 sua
397 2003 431 2034 ὃς
441 2004 586 2045 dignitate
594 2003 800 2043 expetendum
811 2003 854 2034 est
869 2016 873 2032 ι
893 2014 998 2035 eorum
1008 2013 1120 2040 autem,

160 2054 226 2085 quae
245 2045 314 2075 sunt
334 2046 432 2085 prima
449 2055 560 2076 naturae
581 2065 591 2078 ,
621 2054 744 2085 propter
759 2046 788 2075 se
807 2047 886 2075 nihil
904 2046 1120 2086 expetendum.

160 2085 242 2117 cum
255 2086 326 2117 vero
336 2087 388 2117 illa
400 2107 408 2121 ,
427 2097 494 2127 quae
503 2087 592 2127 officia
605 2085 662 2117 effe
673 2087 742 2117 dixi
752 2107 761 2120 .
781 2086 1005 2127 proficiscantur
1013 2088 1051 2119 ab
1060 2089 1121 2119 ini·

161 2130 211 2159 tiis
221 2137 335 2159 naturae
346 2141 355 2163 3
370 2139 402 2159 ea
411 2129 447 2159 ad
458 2130 519 2159 haec
531 2129 634 2159 referri
644 2127 760 2159 neceffe
769 2128 812 2159 est
825 2140 830 2158 :
851 2139 882 2160 ut
891 2130 970 2160 rekte
981 2131 1041 2161 dici
1052 2131 1120 2171 pos—

161 2169 198 2200 fit
206 2190 214 2204 ‚
236 2171 331 2201 omnia
341 2171 431 2211 ‘officia
442 2171 470 2199 e'o
479 2171 574 2210 referri
585 2191 593 2204 ,
613 2178 647 2200 ut
654 2170 846 2213 adipiscamur
855 2172 995 2214 principia
1004 2180 1121 2202 natura.-

160 2221 218 2243 nec
233 2221 336 2243 tamen
350 2221 384 2243 ut
398 2213 456 2243 hoc
469 2211 502 2243 sit
517 2213 670 2251 bonorum
684 2215 829 2243 intimum
841 2233 850 2248 ‚
867 2223 1023 2254 propterea
1038 2214 1119 2256 quod

161 2263 231 2284 non
239 2253 317 2284 inest
326 2255 360 2284 in
373 2255 483 2294 primis
492 2264 605 2285 naturae
618 2255 886 2286 conciliationibus
896 2255 1020 2287 honesta
1028 2254 1119 2288 aetio.

159 2296 346 2336 consequens
358 2298 443 2326 enim
451 2295 494 2327 est
503 2316 512 2330 ‚
529 2296 562 2327 &
573 2296 640 2336 post
649 2298 746 2327 oritur
754 2316 763 2331 ‚
783 2306 816 2328 ut
825 2297 901 2328 dixi.
925 2297 968 2328 est
978 2307 1079 2329 tamen
1089 2308 1122 2330 ea

159 2337 327 2368 secundum
338 2348 471 2369 naturam
483 2357 492 2373 ,
514 2340 673 2380 multoque
684 2348 742 2369 nos
755 2339 791 2370 ad
804 2339 833 2369 se
846 2340 1045 2380 expetendam
1057 2351 1119 2372 ma—

158 2380 205 2420 gis
219 2380 370 2414 hortatur,
389 2382 481 2421 quarn
499 2380 650 2420 superiora
667 2381 781 2412 omnia.
805 2381 854 2412 sed
865 2390 902 2412 ex
914 2383 971 2413 hoc
980 2383 1118 2423 primum

161 2429 245 2450 error
253 2422 407 2452 tollendus
417 2421 459 2453 est
471 2442 479 2456 ‚
499 2426 513 2450 5
522 2424 630 2463 nequis
647 2422 730 2463 sequi
743 2422 899 2454 existimet
909 2444 918 2458 ‚
941 2434 974 2455 ut
985 2424 1047 2455 duo
1062 2424 1120 2456 sint

1189 145 1265 177 ΕΤ
1314 132 1475 180 Miz„
1527 136 1673 184 L1e.
1712 140 1804 187 ΠΙ.
2005 156 2128 208 1023v

1148 209 1150 250 ξ
1170 220 1257 241 neate
1267 210 1380 243 hastam
1391 214 1493 256 aliquo
1505 235 1514 250 ,
1539 225 1590 248 aut
1600 217 1731 258 sagittam
1747 240 1755 255 ‚
1772 219 1843 252 ficut
1858 230 1915 252 nos
1925 221 2085 253 7ultimum
2095 226 2128 256 in

1146 272 1148 296 J
1170 252 1260 283 bonis
1270 253 1408 286 diximus
1424 267 1428 285 z
1448 256 1541 287 sicilli
1552 257 1645 290 facere
1657 270 1763 292 omnia
1775 282 1782 296 ,
1802 273 1868 304 quae
1879 263 1978 304 poffit,
1998 267 2127 297 utcolli-

1168 303 1254 325 neet:
1270 296 1340 326 huic
1351 299 1382 327 in
1393 298 1457 337 ejus
1469 297 1666 331 similitudine
1675 307 1780 335 omnia
1792 304 1846 336 sint
1855 306 1990 337 facienda
2001 327 2010 341 ,
2022 317 2055 338 ut
2063 309 2128 338 col·

1166 336 1279 371 lineet5
1302 339 1334 368 δε
1355 348 1457 370 tamen
1475 350 1508 371 ut
1527 345 1632 373 omnia
1648 343 1752 380 faciat,
1771 357 1833 388 quo
1851 347 2035 389 propositum
2055 349 2128 381 affe-

1166 386 1289 424 quatur:
1310 380 1359 410 sed
1377 382 1455 416 hoc,
1475 383 1552 423 quasi
1569 385 1712 417 ultimum
1725 407 1733 421 ,
1752 391 1838 429 quale
1849 399 1906 420 nos
1922 391 2077 421 summum
2094 394 2128 423 in

1166 428 1226 449 vita
1237 420 1353 451 bonum
1365 422 1512 454 dicimus:
1534 426 1609 456 illud
1619 437 1718 459 autem
1732 450 1741 463 ,
1757 440 1788 460 ut
1798 430 1899 464 feriat,
1913 433 1995 474 quast
2004 433 2126 474 sosigen-

1165 460 1244 494 dum,
1257 472 1308 491 non
1320 466 1508 503 expetendum.
1521 467 1599 497 Cum
1609 479 1708 501 autem
1720 474 1823 502 omnia
1835 472 1934 504 officia
1944 477 1957 504 fi
1969 478 2124 516 principiis

1144 520 1145 533 1
1166 507 1520 550 naturast-proficiscantur,
1531 510 1566 539 ab
1578 511 1684 542 iisdem
1697 513 1811 544 necess'e
1820 514 1862 545 est
1873 515 2020 555 proficisci
2030 518 2123 558 ipsam

1165 544 1353 583 sapientiam.
1375 548 1431 578 Sed
1443 552 1703 589 quemadmodum
1722 565 1736 585 s
1747 565 1778 585 Ε
1790 566 1806 585 p
1819 567 1838 585 iz
1856 566 1875 586 ε
1887 567 1898 586 1
1908 569 1928 587 τ
1940 578 1948 591 ,
1968 567 2000 588 ut
2010 561 2034 589 is
2045 579 2053 593 ‚
2071 561 2125 600 qui

1165 587 1397 618 commendatus
1414 589 1448 619 sit
1463 592 1567 626 alicui,
1589 595 1683 631 pluris
1697 607 1766 627 eum
1780 597 1867 628 faciat
1878 618 1886 633 ,
1901 601 1949 630 cui
1963 610 2127 631 commen-

1164 626 1322 678 datusxsit,
1343 632 1435 677 quam
1455 633 1543 664 illum
1557 656 1566 669 ,
1589 633 1626 666 δὲ
1646 647 1726 678 quo3
1748 638 1785 670 fic
1798 641 1928 671 minime
1941 643 2053 672 mirum
2070 642 2125 675 est,

1166 678 1266 708 primo
1282 680 1338 718 nos
1353 673 1503 711 sapientia:
1518 680 1724 710 commendari
1740 681 1775 711 ab
1797 683 1895 713 initiis
1908 692 2019 714 naturae
2030 703 2039 717 ‚
2058 683 2127 724 pbst

1166 719 1272 762 autemx
1284 713 1376 752 ipsam
1398 714 1573 754 sapientiam
1595 721 1684 750 nobis
1701 725 1847 754 cariorem
1866 724 1949 759 fieri,
1969 725 2059 766 quam
2076 727 2129 755 illa

1167 750 1223 800 sint
1233 772 1242 787 ‚
1262 764 1277 783 a
1291 755 1400 794 quibus
1414 756 1449 787 ad
1462 758 1537 788 hanc
1548 764 1728 793 venerimus.
1752 774 1837 806 atque
1849 776 1880 796 ut
1892 768 2025 797 membra
2036 767 2126 797 nobis

1165 802 1207 824 ita
1218 795 1281 825 data
1291 797 1358 826 sunt
1368 816 1375 830 ,
1394 807 1425 827 iit
1435 799 1469 828 ad
1478 802 1628 840 quandam
1641 807 1787 835 rationem
1801 808 1925 838 vivendi
1936 809 1999 839 data
2008 807 2067 839 effe
2077 819 2129 848 ap-

1166 845 1302 876 pareant:
1318 836 1355 867 sic
1366 843 1509 880 appetitio
1520 846 1635 879 animi,
1650 855 1714 886 quae
1728 848 1784 881 ἐμὲ
1795 850 1898 880 Graece
1908 860 2049 884 vocatur,
2062 860 2127 880 non

1167 878 1203 908 ad
1222 879 1352 919 quodvis
1371 892 1464 921 genus
1483 886 1551 914 vitae
1564 906 1572 918 ‚
1595 887 1643 917 sed
1654 888 1689 917 ad
1700 889 1849 928 quandam
1860 890 1989 922 foi-mam
2002 893 2130 922 vivendi

1148 942 1149 946 ,
1167 919 1287 950 videtui·
1297 922 1377 952 data:
1392 932 1527 965 itemque
1539 927 1570 957 ὃς
1582 930 1655 958 ratio
1669 949 1677 963 ‚
1690 930 1849 970 &perfossa
1859 941 1942 963 mtto.
1965 939 1979 960 9
1991 937 2031 964 Ut
2041 936 2128 964 enirn

1168 961 1308 993 histrioni
1330 964 1409 994 aerio
1421 985 1429 999 ‚
1451 968 1577 999 saltatori
1599 980 1719 1003 motus,
1743 982 1807 1002 non
1824 977 1925 1005 Quivis
1936 995 1944 1008 ‚
1966 976 2013 1005 sed
2031 984 2129 1006 certus

1167 1004 1291 1045 quidam
1303 1005 1345 1053 est
1355 1007 1454 1037 datus:
1478 1007 1514 1039 fic
1526 1013 1585 1042 vita
1595 1013 1704 1054 agenda
1717 1014 1761 1044 est
1774 1007 1857 1045 cert‘o
1865 1026 1971 1057 genere
1981 1018 2126 1057 quodam„

1169 1056 1233 1093 nori
1244 1048 1381 1088 quolibet
1394 1060 1397 1077 :
1417 1051 1496 1090 quod
1507 1062 1602 1092 genus
1614 1057 1801 1086 conveniens
1812 1076 1819 1090 ,
1831 1059 2130 1100 consentaneumque

1172 1087 1316 1136 dicimus.
1339 1100 1394 1122 nec
1413 1095 1496 1122 enim
1512 1095 1742 1135 gubernationi,
1762 1100 1982 1130 autmcdicinae
1997 1099 2130 1131 similem

1169 1130 1344 1170 sapientiam
1365 1131 1426 1164 effe
1438 1135 1633 1171 arbitramur,
1655 1139 1704 1169 sed
1715 1139 1829 1170 astioni
1840 1141 1884 1170 illi
1895 1142 1995 1182 potius
2007 1162 2015 1175 ,
2035 1152 2128 1183 quam

1170 1172 1267 1203 modo
1276 1173 1358 1208 dixi,
1373 1175 1405 1205 &
1414 1175 1582 1213 saltationi,
1595 1188 1626 1210 ut
1638 1180 1664 1209 in
1676 1181 1734 1222 ipsa
1744 1189 1805 1211 arte
1815 1181 1880 1223 insit
1888 1203 1896 1217 ‚
1919 1193 1982 1213 non
1991 1183 2065 1214 foris
2075 1193 2129 1223 pe-

1168 1221 1422 1247 tatureittremum
1438 1237 1446 1251 ‚
1466 1219 1495 1249 id
1508 1219 1549 1250 est
1562 1240 1570 1254 ‚
1589 1224 1657 1252 artis
1669 1222 1798 1253 fflefiio.
1823 1224 1856 1254 &
1866 1234 1966 1255 tamen
1979 1224 2022 1255 est
2037 1228 2138 1255 etiam-

1169 1256 1225 1286 alia
1234 1266 1305 1287 curn
1317 1260 1363 1289 his
1374 1258 1439 1299 ipsis
1449 1261 1561 1292 artibus
1572 1264 1720 1303 sapientiae
1730 1264 1943 1297 diffimilitudo
1954 1279 1963 1300 3
1974 1276 2129 1308 propterea

1166 1297 1249 1338 quod
1267 1301 1300 1329 in
1318 1301 1401 1335 illis,
1426 1311 1492 1342 quae
1509 1303 1588 1335 resi&
1608 1305 1683 1335 faeti
1701 1306 1784 1341 sunt,
1805 1318 1868 1338 non
1877 1311 2128 1340 continenturta-

1167 1349 1240 1370 men
1251 1349 1358 1372 omncs
1367 1352 1465 1382 partes
1476 1364 1485 1378 ‚
1504 1345 1521 1375 ὲ
1533 1347 1643 1386 quibus
1654 1347 1801 1379 constant.
1825 1359 1891 1390 quae
1899 1359 1999 1380 autem
2011 1360 2069 1380 nos
2079 1358 2130 1380 aut

1167 1381 1246 1412 retia
1257 1402 1266 1416 ‚
1290 1392 1340 1414 aut
1348 1384 1429 1415 τεξὲὲ
1437 1385 1657 1418 fastidiemus
1668 1409 1675 1423 ‚
1695 1388 1714 1418 fi
1726 1390 1838 1430 placet,
1860 1392 1906 1421 illi
1917 1401 2017 1422 autern
2027 1392 2129 1432 appel-

1167 1424 1229 1454 lant
1247 1425 1410 1469 mastdarm&
1420 1445 1429 1457 ‚
1450 1432 1571 1458 omneis
1584 1440 1729 1461 numeros
1741 1433 1861 1463 virtutis
1872 1436 2042 1464 continent.
2067 1433 2128 1464 sola

1167 1467 1250 1495 enirn
1264 1467 1406 1505 sapientia
1418 1470 1484 1507 infe
1498 1478 1560 1499 rom
1572 1474 1701 1512 conversa
1709 1472 1755 1502 ef?
1765 1485 1775 1501 .·
1791 1474 1874 1514 quod
1886 1476 1967 1505 idem
1980 1478 2011 1505 in
2021 1476 2131 1505 ceteris

1164 1507 1276 1536 artibus
1295 1517 1358 1537 non
1379 1507 1423 1538 fit.
1447 1512 1556 1541 Inscite
1568 1522 1668 1543 autern
1683 1515 1841 1546 medicinae
1858 1537 1866 1549 ‚
1884 1517 1917 1546 ὃς
1935 1516 2131 1558 gubernatio-

1167 1550 1215 1576 nis
1234 1548 1377 1579 ultimum
1395 1560 1465 1580 cnm
1482 1553 1593 1583 ultimo
1606 1555 1756 1595 sapientiae
1771 1566 1968 1597 comparatur.
1988 1558 2136 1597 sapientia

1165 1590 1249 1618 enim
1263 1589 1294 1619 &
1304 1592 1401 1620 animi
1416 1595 1656 1633 magnitudinem
1671 1597 1884 1637 complectitur
1894 1618 1902 1631 ,
1924 1599 1956 1628 &
1968 1599 2131 1634 iustitiam2

1168 1630 1202 1660 ὅτ.
1223 1639 1255 1660 ut
1267 1633 1390 1665 omnia,
1408 1643 1474 1673 quae
1484 1636 1606 1666 homini
1617 1638 1769 1672 accidant,
1791 1638 1870 1670 infra
1883 1640 1911 1670 se
1925 1638 2128 1680 essejudicet:

1164 1672 1248 1712 quod
1261 1672 1343 1703 idem
1359 1675 1391 1704 in
1400 1677 1506 1706 ceteris
1516 1678 1629 1708 artibus
1639 1689 1702 1709 non
1712 1682 1873 1722 contingit.
1898 1684 2015 1712 Tenere
2025 1691 2129 1713 autem

1164 1716 1290 1744 virtutes
1302 1724 1352 1745 eas
1365 1715 1441 1754 ipsas
1450 1736 1459 1751 2
1479 1727 1605 1758 quarum
1620 1721 1717 1752 modo
1729 1726 1921 1753 mentionem
1933 1722 1989 1753 feci
2001 1743 2009 1757 ‚
2029 1733 2128 1754 nemo

1162 1758 1292 1795 poterit,
1305 1755 1360 1786 nisi
1371 1757 1504 1790 statuerit
1514 1780 1522 1794 ‚
1534 1762 1611 1791 nihil
1623 1761 1681 1793 effe
1692 1783 1701 1797 ‚
1716 1764 1796 1804 quod
1807 1763 1938 1798 interfit,
1949 1774 1999 1795 aut
2009 1762 2128 1796 differat

1164 1797 1245 1827 aliud
1257 1797 1294 1828 ab
1302 1799 1362 1829 alio
1373 1819 1382 1833 ‚
1402 1809 1509 1839 praeter
1525 1802 1632 1839 honesta
1644 1825 1652 1837 ‚
1674 1805 1707 1835 &
1725 1806 1831 1847 turpia.
1855 1806 2021 1837 Videamus
2031 1817 2125 1843 nunc,

1162 1838 1254 1886 quam
1265 1837 1321 1869 fint
1333 1841 1473 1879 praeclare
1484 1843 1537 1874 illa
1551 1846 1588 1874 iis
1598 1864 1606 1878 ,
1627 1848 1762 1886 quaejam
1772 1848 1859 1887 posui
1871 1868 1879 1882 ‚
1898 1849 2122 1891 consequentia.

1162 1889 1234 1910 cum
1246 1882 1329 1910 enim
1342 1882 1401 1912 hoc
1410 1881 1444 1912 sit
1453 1893 1626 1916 extremum
1637 1888 1740 1925 (sentis
1751 1891 1834 1919 enim
1847 1909 1856 1922 ‚
1876 1889 1967 1920 credo
1977 1909 1986 1924 ,
2003 1892 2135 1930 mejam

1167 1921 1219 1951 diu
1231 1941 1243 1954 ,
1260 1921 1342 1967 quod
1355 1925 1439 1956 τέλΘι
1447 1926 1568 1956 Gra-,cus
1587 1927 1682 1962 dicat,
1704 1930 1736 1960 id
1753 1930 1851 1960 dicere
1871 1940 1936 1961 tum
1957 1940 2125 1967 extremum,

1167 1972 1232 1993 tum
1244 1966 1402 1998 ultumum,
1421 1973 1486 1996 tum
1496 1967 1643 2006 smmum
1653 1980 1664 1997 .·
1684 1970 1786 2002 licebit
1798 1974 1888 2003 etiam
1900 1973 1988 2013 finem
2001 1984 2055 2014 pro
2070 1984 2126 2005 ex-

1163 2014 1265 2035 tremo
1276 2025 1285 2040 ‚
1302 2014 1354 2036 aut
1373 2007 1485 2038 ultimo
1504 2009 1614 2051 dicere)
1631 2011 1704 2042 cum
1721 2023 1792 2054 ergo
1811 2015 1870 2044 hoc
1886 2014 1920 2046 sit
1937 2025 2125 2050 extremum,

1162 2056 1362 2088 congruenter
1378 2058 1489 2091 naturae
1501 2070 1509 2084 ‚
1530 2055 1808 2096 convenienterque
1826 2058 1944 2091 vivere,
1965 2056 2126 2089 necessario

1166 2089 1317 2135 sequitur,
1332 2092 1430 2120 omneis
1437 2092 1582 2133 sapiente&
1593 2095 1700 2137 semper
1706 2097 1835 2136 feliciter
1845 2118 1853 2132 ,
1868 2098 1994 2139 absoluti·
2005 2119 2012 2132 ‚
2025 2099 2126 2140 fortu—

1167 2130 1233 2160 nate}
1245 2141 1344 2161 vtvere
1354 2151 1363 2166 ,
1383 2134 1460 2163 nulla
1473 2143 1500 2163 re
1512 2136 1641 2176 impediri
1653 2157 1661 2171 ,
1684 2141 1761 2168 nulla
1776 2139 1913 2181 prohiberi
1924 2161 1933 2175 ,
1951 2141 2027 2172 nulla
2038 2151 2122 2182 egere.

1166 2173 1257 2214 Qod
1268 2182 1371 2204 autem
1385 2177 1522 2207 continet
1533 2187 1597 2208 non
1607 2181 1700 2221 magis
1711 2190 1776 2211 eam
1788 2181 1978 2222 disciplinam
1991 2203 1999 2217 ‚
2021 2183 2057 2214 de
2066 2193 2126 2224 qua

1163 2215 1274 2256 loquor
1284 2216 1393 2257 ‚quarn
1402 2218 1496 2249 vitam
1506 2239 1515 2252 ‚
1525 2219 1718 2262 fortunasque
1729 2222 1843 2254 nostras
1853 2244 1861 2258 ,
1871 2224 1902 2255 id
1911 2224 1953 2256 est
1962 2246 1971 2259 ‚
1981 2234 2014 2256 ut
2022 2246 2029 2260 ‚
2041 2225 2123 2267 quod

1165 2256 1328 2288 honestum
1338 2256 1390 2293 sit,
1411 2259 1442 2289 id
1455 2260 1573 2292 bonum
1588 2263 1685 2293 solum
1698 2264 1880 2304 J'udicemus.
1906 2266 2002 2298 Potest
2015 2267 2045 2298 id
2054 2269 2122 2309 qui⁶

1162 2299 1234 2329 dem
1245 2298 1311 2330 fuse
1323 2319 1331 2333 ‚
1344 2300 1510 2342 &copiose
1522 2323 1532 2337 ,
1543 2304 1577 2334 &
1587 2306 1731 2337 omnibus
1741 2306 1926 2338 elediiffimis
1936 2308 2046 2343 vei-bis,
2058 2319 2123 2351 gra-

1165 2339 1348 2382 viffimisque
1366 2343 1521 2375 sententiis
1537 2348 1687 2378 rhetorice
1705 2348 1738 2379 δι’,
1750 2352 1870 2391 augeri,
1889 2350 1922 2380 &
1935 2353 2052 2381 ornari:
2073 2351 2123 2383 sed

1164 2382 1346 2415 consectaria
1363 2394 1413 2415 me
1430 2388 1601 2419 Stoicorum
1622 2409 1632 2424 ‚
1662 2389 1784 2425 brevia,
1809 2392 1841 2421 &
1861 2401 1944 2423 acuta
1963 2392 2122 2424 deieaant.

1163 2425 1396 2457 concluduntur
1411 2429 1501 2469 igitur
1513 2439 1619 2461 eorum
1636 2441 1810 2474 argumenta
1827 2432 1864 2464 sic
1885 2445 1890 2462 z
1913 2434 2004 2476 Qod
2015 2434 2057 2466 est
2067 2435 2127 2466 bo·

160 2461 270 2494 ultima
279 2462 445 2495 bonorum.
468 2466 511 2495 Ut
521 2467 605 2498 enim
620 2484 630 2498 ,
650 2463 721 2496 sicui
733 2464 768 2496 sit
778 2464 965 2507 propositum
975 2486 993 2502 ‚.
1006 2464 1121 2498 ⁶-colli-
1158 2477 1262 2502 num,
1273 2476 1366 2499 omne
1377 2469 1526 2502 laudabile
1535 2473 1587 2505 est,
1606 2474 1687 2515 quod
1698 2484 1798 2506 autem
1808 2475 1874 2506 laud
1880 2476 1953 2507 abile
1963 2475 2015 2510 est,
2028 2487 2125 2508 omne

2027 2520 2129 2550 hone-

198 2600 209 2618 1
217 2612 223 2618 .
243 2596 316 2621 cAlia
328 2602 406 2620 autem
416 2597 505 2621 nullam
522 2598 548 2622 ob
557 2598 712 2631 umbratam]
735 2596 892 2623 Lcffionem
913 2598 1000 2627 minus
1020 2607 1122 2631 veram,

157 2628 248 2664 arguit
259 2630 315 2655 Pal.
326 2641 367 2666 pr.
379 2632 405 2656 in
418 2641 470 2666 qno
481 2633 532 2657 alia
541 2636 620 2658 utitur
629 2636 730 2665 nullam,
740 2633 790 2664 &a
813 2642 867 2668 quo
878 2633 942 2669 quid
952 2635 1069 2662 voluerit
1078 2636 1122 2663 in-

157 2665 245 2691 dicare
258 2664 393 2697 librarius,
405 2667 500 2693 nescio.

1142 2612 1144 2624 l
1162 2607 1228 2628 tert.
1239 2603 1347 2628 colimare
1357 2621 1366 2634 ‚
1388 2611 1477 2638 quart.
1488 2607 1613 2630 collrmare.
1632 2612 1660 2632 at
1671 2607 1770 2640 primus
1790 2605 1836 2633 ille
1847 2606 1942 2634 disci-te
1955 2608 2032 2636 habet
2049 2611 2124 2635 conl}-

1161 2640 1249 2668 niarc5
1272 2638 1342 2673 quod
1363 2646 1449 2666 tamen
1469 2641 1553 2675 magis
1571 2650 1705 2676 comparet
1723 2643 1748 2669 in
1769 2642 1885 2678 sequenti
1906 2647 2021 2671 conliniet.
2041 2655 2121 2681 quain

1162 2673 1273 2708 probare.
1283 2673 1393 2701 debeam
1404 2674 1560 2707 leffionem,
1571 2676 1668 2704 nescio.
1681 2679 1793 2711 fiuscirc
1801 2688 1846 2704 non
1856 2683 1891 2704 ci}
1900 2684 1978 2706 omnia
1989 2691 1997 2711 3
2012 2682 2122 2717 praeser-

157 2706 161 2708 ·
194 2709 222 2726 2.
241 2702 307 2735 Q&
318 2704 567 2737 inreittafil’et‘i'ione.]
589 2703 705 2730 Obscura
715 2704 762 2731 ista
772 2703 832 2731 sunt
845 2724 853 2736 ‚
873 2704 988 2746 ideoque
1000 2705 1064 2734 nihil
1077 2714 1119 2734 te-
1162 2707 1271 2743 timjani
1284 2709 1336 2736 seni
1348 2721 1354 2737 ι
1377 2712 1580 2746 namjuventuti
1595 2712 1652 2740 sane
1662 2714 1764 2751 aliquid
1775 2715 1898 2750 ignorare
1911 2735 1919 2749 ,
1930 2717 2119 2754 tui‘pissiinum.

153 2741 231 2772 ,mere
241 2737 336 2764 audeo.
358 2740 444 2765 verior
454 2746 541 2766 taincn
554 2739 661 2766 videtur
671 2739 798 2776 scriptura
809 2741 866 2768 Pal.
885 2743 1002 2777 primi&
1022 2744 1096 2770 tertii
1109 2755 1115 2771 ε

158 2774 211 2805 Qu
221 2775 464 2811 ιἠτεηῑαβῐεέῖιάῃε,
481 2777 573 2807 &item
584 2778 700 2810 rejec'iione
711 2795 720 2810 ,
731 2778 841 2813 fiquctujr
859 2777 965 2812 deinceps
983 2787 1034 2805 eum
1052 2781 1119 2814 offict'o
1158 2800 1161 2803 Α

151 2810 275 2903 fegisti-Et
290 2848 387 2881 intelligi
403 2848 462 2882 quid
471 2848 540 2883 ſsu]
569 2847 684 2875 Visturii
701 2849 785 2877 editio
796 2869 803 2882 ‚
827 2849 970 2887 omnesque
989 2850 1058 2878 Pali.
1076 2854 1118 2878 in-

156 2885 362 2952 <‘eg-gftsae‘ltquaeita
380 2923 500 2953 cognitione
516 2921 671 2956 <Ji-atione]
693 2922 736 2948 Sic
745 2921 881 2949 Vifiiorius
900 2923 928 2948 &
940 2922 1007 2950 Pali.
1026 2932 1067 2960 pr.
1087 2933 1116 2951 ac

156 2956 293 2992 tert-’non
303 2963 335 2982 ut
352 2957 466 2992 arripuit
474 2956 622 2985 Lambinus
642 2962 776 2992 cogitatione
788 2978 796 2991 ,
815 2960 887 2995 qnod
899 2966 986 2986 tamen
1005 2959 1032 2987 in
1044 2960 1112 2988 Pan.

157 2994 263 3014 ceteris.

196 3031 221 3055 5.
241 3027 284 3064 Q
294 3026 562 3065 quisfiqaeiexgftimez]
583 3032 625 3057 lta
635 3031 758 3058 Lambini
770 3032 938 3064 membranae,
949 3032 987 3059 ita
997 3032 1111 3059 Palatini

157 3059 288 3095 Principis
300 3070 411 3088 numero
429 3071 559 3100 quatuor:
582 3067 701 3103 stantque
712 3076 815 3095 tanturn
826 3067 880 3095 duo
897 3068 989 3096 abillo
1001 3069 1110 3104 vulgato
1149 3072 1202 3103 sit,-
1222 3072 1292 3107 quod
1303 3074 1330 3098 8<
1341 3073 1366 3099 in
1380 3074 1437 3100 Pal.
1449 3082 1512 3102 tert.
1524 3074 1547 3102 se

156 3104 184 3120 ne
194 3096 282 3129 quis-sit
292 3100 333 3130 qui
343 3100 464 3130 extsti’mer.

179 3132 219 3169 ι6.
238 3133 364 3173 ςρὶλὶηςανε
379 3135 470 3167 hastam
487 3137 566 3171 aliquo
577 3157 586 3170 ‚
602 3139 669 3173 dra]
693 3140 778 3167 Nolui
798 3139 931 3168 discedere
949 3141 980 3168 ab
991 3140 1108 3169 editione

152 3164 277 3197 Vifitoru.
290 3169 346 3198 aliae
357 3170 428 3199 enim
439 3173 552 3199 common
563 3185 567 3189 v

1162 2744 1255 2781 itaque
1265 2745 1317 2781 ipsa
1327 2745 1461 2774 discutiat.

1200 2789 1228 2814 7.
1249 2784 1359 2808 Ultimum
1374 2785 1402 2808 in
1419 2783 1483 2809 bonis
1500 2784 1630 2819 diximm]
1652 2785 1730 2812 Nihil
1743 2787 1845 2823 reperio
1854 2787 1949 2815 auxilii
1968 2789 1995 2816 in
2007 2789 2064 2817 Pal.
2077 2799 2120 2826 pr.

1162 2817 1301 2853 respondet
1312 2818 1368 2845 fere
1380 2819 1494 2855 vulgatis
1510 2831 1515 2847 ;
1539 2820 1706 2849 solummodo
1719 2823 1796 2850 habet
1806 2825 1863 2850 heic
1872 2825 1981 2857 dicimus,
1993 2826 2020 2852 &
2030 2825 2120 2853 statim

1160 2855 1267 2887 ejusmodi
1278 2874 1285 2886 ,
1305 2864 1352 2890 pro
1370 2855 1506 2891 publicato
1518 2858 1567 2891 ejus
1579 2876 1586 2889 ‚
1601 2860 1716 2894 denique
1727 2869 1778 2886 non
1834 2862 1916 2888 noicit
1934 2861 2000 2888 illud
2019 2870 2047 2887 ur
2056 2871 2119 2889 ante

1160 2892 1268 2916 conliniet
1289 2890 1404 2918 secundo
1423 2893 1535 2928 positum
1556 2893 1626 2921 loco.
1657 2895 1774 2931 Scaliger
1791 2906 1805 2923 a
1826 2896 1924 2934 scripsit
1942 2900 1995 2924 buit
2012 2902 2038 2924 in
2056 2901 2118 2933 ψη,

1159 2935 1219 2952 cuni
1231 2926 1336 2954 vocibus
1347 2927 1514 2964 sequentibus
1535 2928 1631 2966 septem
1644 2950 1653 2963 ,
1673 2941 1725 2959 non
1736 2941 1888 2969 comparere
1907 2934 1932 2960 in
1944 2933 1992 2961 ms.
2006 2934 2050 2961 sno
2062 2954 2070 2967 ‚
2089 2936 2120 2960 δι’

1157 2962 1243 2989 statim
1255 2963 1313 2990 loco
1321 2972 1422 2996 tamen,
1439 2964 1577 2993 adnotavit
1589 2986 1597 2998 ,
1615 2974 1672 2995 rum.
1694 2967 1809 3005 denique
1828 2978 1863 2996 ex
1882 2970 1942 2996 ced.
1965 2978 2054 2998 vetere
2075 2981 2117 2998 re-

1156 2998 1244 3026 stituit
1256 3019 1263 3031 ,
1274 3010 1315 3026 nos
1321 3001 1435 3034 ficmmitm
1445 3003 1526 3028 bonum
1535 3006 1560 3028 in
1570 3007 1627 3030 vita
1635 3006 1718 3030 honum
1727 3017 1733 3031 :
1750 3006 1808 3031 illud
1816 3006 1867 3033 fine
1877 3006 1996 3033 diistione
2007 3008 2116 3033 dicimus,

1194 3034 1220 3062 8,
1236 3039 1326 3070 Αιῃως
1341 3038 1376 3069 fic
1385 3038 1489 3070 minime,
1498 3038 1550 3069 &0-
1593 3040 1637 3066 Sic
1647 3041 1793 3068 Lambinus
1802 3041 1874 3074 sere,
1885 3044 1933 3069 hoc
1942 3043 1977 3070 cst
1992 3062 1999 3074 ,
2011 3051 2117 3070 retento

1575 3076 1665 3113 primo
1673 3077 1731 3104 Pal.
1743 3078 1847 3114 prorfiis
1857 3079 1944 3112 abeih
1964 3088 2048 3115 neque
2061 3080 2116 3107 ullo

1156 3106 1237 3134 modo
1249 3109 1406 3144 requiritur.

1188 3151 1216 3177 9.
1238 3147 1267 3170 Ut
1275 3148 1336 3171 enim
1343 3147 1450 3178 histrioni
1458 3149 1528 3179 amo,
1535 3149 1628 3182 saltari
1635 3150 1735 3185 mmm]
1749 3150 1867 3186 Qidam
1882 3151 2127 3185 i'oliint,.aa‘?i0s›¹1'-st

559 3193 567 3208 ,
579 3175 714 3209 quomodo
725 3177 781 3205 fere
792 3176 862 3206 Pan.
873 3178 968 3211 nostri,
978 3178 1026 3206 nisi
1035 3178 1107 3214 quod
1152 3183 1226 3207 tator}
1235 3188 1332 3217 moturi
1347 3181 1392 3210 sed
1403 3191 1455 3212 uon
1465 3183 1563 3226 hahent
1573 3184 1648 3214 faven
1653 3188 1880 3215 tesmenibrzuias.

2006 3231 2038 3257 J·
2056 3225 2121 3250 Nam

2145 483 2164 516 *2

2141 2267 2172 2302 8„
