<?xml version="1.0" encoding="UTF-8"?>
<!DOCTYPE html PUBLIC "-//W3C//DTD XHTML 1.0 Transitional//EN"
    "http://www.w3.org/TR/xhtml1/DTD/xhtml1-transitional.dtd">
<html xmlns="http://www.w3.org/1999/xhtml" xml:lang="en" lang="en">
 <head>
  <title>
</title>
<meta http-equiv="Content-Type" content="text/html;charset=utf-8" />
  <meta name='ocr-system' content='tesseract 3.04.00' />
  <meta name='ocr-capabilities' content='ocr_page ocr_carea ocr_par ocr_line ocrx_word'/>
</head>
<body>
  <div class='ocr_page' id='page_1' title='image "./mtuliiciceroniso00cice/mtuliiciceroniso00cice_1377.png"; bbox 0 0 2360 3400; ppageno 0'>
   <div class='ocr_carea' id='block_1_1' title="bbox 622 106 954 140">
    <p class='ocr_par' dir='ltr' id='par_1_1' title="bbox 622 106 954 140">
     <span class='ocr_line' id='line_1_1' title="bbox 622 106 954 140; baseline -0.009 0"><span class='ocrx_word' id='word_1_1' title='bbox 622 108 779 140; x_wconf 68' lang='lat' dir='ltr'>SEU</span> <span class='ocrx_word' id='word_1_2' title='bbox 860 106 954 138; x_wconf 72' lang='lat' dir='ltr'>DE</span> 
     </span>
    </p>
   </div>
   <div class='ocr_carea' id='block_1_2' title="bbox 111 172 1102 2129">
    <p class='ocr_par' dir='ltr' id='par_1_2' title="bbox 111 172 1102 2129">
     <span class='ocr_line' id='line_1_2' title="bbox 242 172 1047 218; baseline -0.002 -12"><span class='ocrx_word' id='word_1_3' title='bbox 242 174 310 208; x_wconf 63' lang='lat' dir='ltr'>Cedis</span> <span class='ocrx_word' id='word_1_4' title='bbox 321 195 330 210; x_wconf 85' lang='lat'>‚</span> <span class='ocrx_word' id='word_1_5' title='bbox 349 173 402 216; x_wconf 83' lang='lat' dir='ltr'>qui</span> <span class='ocrx_word' id='word_1_6' title='bbox 410 173 530 212; x_wconf 75' lang='lat' dir='ltr'>vestram</span> <span class='ocrx_word' id='word_1_7' title='bbox 539 183 622 218; x_wconf 78' lang='lat' dir='ltr'>remp.</span> <span class='ocrx_word' id='word_1_8' title='bbox 634 184 748 205; x_wconf 74' lang='lat' dir='ltr'>tantam</span> <span class='ocrx_word' id='word_1_9' title='bbox 755 172 886 215; x_wconf 74' lang='lat' dir='ltr'>amisistis</span> <span class='ocrx_word' id='word_1_10' title='bbox 897 182 958 203; x_wconf 75' lang='lat' dir='ltr'>ram</span> <span class='ocrx_word' id='word_1_11' title='bbox 969 173 1025 204; x_wconf 73' lang='lat' dir='ltr'>citb</span> <span class='ocrx_word' id='word_1_12' title='bbox 1034 178 1047 204; x_wconf 62' lang='grc' dir='ltr'>,ἓ</span> 
     </span>
     <span class='ocr_line' id='line_1_3' title="bbox 141 216 1102 257; baseline 0 -11"><span class='ocrx_word' id='word_1_13' title='bbox 141 221 164 246; x_wconf 82' lang='grc'>,1</span> <span class='ocrx_word' id='word_1_14' title='bbox 184 217 222 249; x_wconf 70' lang='lat' dir='ltr'>fic</span> <span class='ocrx_word' id='word_1_15' title='bbox 241 220 324 248; x_wconf 88' lang='lat' dir='ltr'>enirn</span> <span class='ocrx_word' id='word_1_16' title='bbox 335 227 547 257; x_wconf 79' lang='lat' dir='ltr'>percontantur</span> <span class='ocrx_word' id='word_1_17' title='bbox 558 237 565 251; x_wconf 87' lang='lat'>‚</span> <span class='ocrx_word' id='word_1_18' title='bbox 586 227 618 248; x_wconf 83' lang='lat' dir='ltr'>ut</span> <span class='ocrx_word' id='word_1_19' title='bbox 627 217 669 248; x_wconf 90' lang='lat' dir='ltr'>est</span> <span class='ocrx_word' id='word_1_20' title='bbox 678 219 709 247; x_wconf 87' lang='lat' dir='ltr'>in</span> <span class='ocrx_word' id='word_1_21' title='bbox 723 219 825 247; x_wconf 66' lang='lat' dir='ltr'>Naevll</span> <span class='ocrx_word' id='word_1_22' title='bbox 835 217 931 257; x_wconf 71' lang='lat' dir='ltr'>poeta:</span> <span class='ocrx_word' id='word_1_23' title='bbox 940 216 1013 247; x_wconf 91' lang='lat' dir='ltr'>ludo</span> <span class='ocrx_word' id='word_1_24' title='bbox 1025 236 1033 251; x_wconf 95' lang='lat'>,</span> <span class='ocrx_word' id='word_1_25' title='bbox 1055 226 1102 247; x_wconf 91' lang='lat' dir='ltr'>re-</span> 
     </span>
     <span class='ocr_line' id='line_1_4' title="bbox 141 259 757 300; baseline -0.005 -9"><span class='ocrx_word' id='word_1_26' title='bbox 141 260 334 300; x_wconf 74' lang='lat' dir='ltr'>spondentur</span> <span class='ocrx_word' id='word_1_27' title='bbox 343 259 375 288; x_wconf 65' lang='grc' dir='ltr'>δε</span> <span class='ocrx_word' id='word_1_28' title='bbox 385 260 441 289; x_wconf 85' lang='lat' dir='ltr'>alia</span> <span class='ocrx_word' id='word_1_29' title='bbox 452 279 459 292; x_wconf 94' lang='lat'>‚</span> <span class='ocrx_word' id='word_1_30' title='bbox 471 259 504 289; x_wconf 91' lang='lat'>&amp;</span> <span class='ocrx_word' id='word_1_31' title='bbox 517 260 579 289; x_wconf 82' lang='lat' dir='ltr'>haec</span> <span class='ocrx_word' id='word_1_32' title='bbox 589 261 621 289; x_wconf 90' lang='lat' dir='ltr'>in</span> <span class='ocrx_word' id='word_1_33' title='bbox 632 260 757 299; x_wconf 89' lang='lat' dir='ltr'>primis?</span> 
     </span>
     <span class='ocr_line' id='line_1_5' title="bbox 247 297 1035 338; baseline -0.003 -8"><span class='ocrx_word' id='word_1_34' title='bbox 247 304 264 320; x_wconf 77' lang='lat'><em>²</em></span> <span class='ocrx_word' id='word_1_35' title='bbox 271 300 479 330; x_wconf 73' lang='lat' dir='ltr'>Proventabant</span> <span class='ocrx_word' id='word_1_36' title='bbox 487 308 564 330; x_wconf 81' lang='lat' dir='ltr'>oraro</span> <span class='ocrx_word' id='word_1_37' title='bbox 569 311 606 329; x_wconf 84' lang='lat' dir='ltr'>res</span> <span class='ocrx_word' id='word_1_38' title='bbox 615 301 682 330; x_wconf 84' lang='lat' dir='ltr'>novi</span> <span class='ocrx_word' id='word_1_39' title='bbox 692 320 700 334; x_wconf 91' lang='lat'>,</span> <span class='ocrx_word' id='word_1_40' title='bbox 713 298 799 336; x_wconf 75' lang='lat' dir='ltr'>stulti</span> <span class='ocrx_word' id='word_1_41' title='bbox 809 319 818 334; x_wconf 87' lang='lat'>‚</span> <span class='ocrx_word' id='word_1_42' title='bbox 830 297 1035 338; x_wconf 71' lang='lat' dir='ltr'>adoleftentuli.</span> 
     </span>
     <span class='ocr_line' id='line_1_6' title="bbox 149 340 1099 380; baseline -0.002 -8"><span class='ocrx_word' id='word_1_43' title='bbox 149 344 362 373; x_wconf 68' lang='lat' dir='ltr'>TEMERra-As</span> <span class='ocrx_word' id='word_1_44' title='bbox 378 342 421 373; x_wconf 91' lang='lat' dir='ltr'>est</span> <span class='ocrx_word' id='word_1_45' title='bbox 440 341 582 372; x_wconf 86' lang='lat' dir='ltr'>videlicet</span> <span class='ocrx_word' id='word_1_46' title='bbox 598 341 734 372; x_wconf 86' lang='lat' dir='ltr'>florentis</span> <span class='ocrx_word' id='word_1_47' title='bbox 750 342 843 372; x_wconf 80' lang='lat' dir='ltr'>aetatis</span> <span class='ocrx_word' id='word_1_48' title='bbox 861 352 870 375; x_wconf 74' lang='lat'>3</span> <span class='ocrx_word' id='word_1_49' title='bbox 897 344 908 368; x_wconf 81' lang='lat'>3</span> <span class='ocrx_word' id='word_1_50' title='bbox 929 340 1099 380; x_wconf 81' lang='lat' dir='ltr'>prudentia,</span> 
     </span>
     <span class='ocr_line' id='line_1_7' title="bbox 111 380 1098 429; baseline -0.004 -14"><span class='ocrx_word' id='word_1_51' title='bbox 111 395 131 429; x_wconf 92' lang='lat'><strong><em>7</em></strong></span> <span class='ocrx_word' id='word_1_52' title='bbox 144 384 335 415; x_wconf 85' lang='lat' dir='ltr'>senescentis.</span> <span class='ocrx_word' id='word_1_53' title='bbox 359 387 398 414; x_wconf 91' lang='lat' dir='ltr'>At</span> <span class='ocrx_word' id='word_1_54' title='bbox 415 384 549 413; x_wconf 83' lang='lat' dir='ltr'>memoria</span> <span class='ocrx_word' id='word_1_55' title='bbox 566 382 716 413; x_wconf 66' lang='lat' dir='ltr'>minuitur.</span> <span class='ocrx_word' id='word_1_56' title='bbox 738 383 827 413; x_wconf 86' lang='lat' dir='ltr'>credo</span> <span class='ocrx_word' id='word_1_57' title='bbox 840 402 850 416; x_wconf 89' lang='lat'>,</span> <span class='ocrx_word' id='word_1_58' title='bbox 870 380 926 412; x_wconf 82' lang='lat' dir='ltr'>nifi</span> <span class='ocrx_word' id='word_1_59' title='bbox 936 391 1001 412; x_wconf 90' lang='lat' dir='ltr'>eam</span> <span class='ocrx_word' id='word_1_60' title='bbox 1012 391 1098 411; x_wconf 86' lang='lat' dir='ltr'>exer-</span> 
     </span>
     <span class='ocr_line' id='line_1_8' title="bbox 145 423 1097 459; baseline -0.004 -3"><span class='ocrx_word' id='word_1_61' title='bbox 145 435 213 456; x_wconf 89' lang='lat' dir='ltr'>ceas</span> <span class='ocrx_word' id='word_1_62' title='bbox 223 446 232 459; x_wconf 87' lang='lat'>,</span> <span class='ocrx_word' id='word_1_63' title='bbox 246 434 300 456; x_wconf 68' lang='lat' dir='ltr'>aut</span> <span class='ocrx_word' id='word_1_64' title='bbox 318 424 338 455; x_wconf 81' lang='lat' dir='ltr'><strong>fi</strong></span> <span class='ocrx_word' id='word_1_65' title='bbox 358 425 394 456; x_wconf 79' lang='lat' dir='ltr'>sis</span> <span class='ocrx_word' id='word_1_66' title='bbox 404 435 505 456; x_wconf 80' lang='lat' dir='ltr'>natura</span> <span class='ocrx_word' id='word_1_67' title='bbox 515 425 637 455; x_wconf 82' lang='lat' dir='ltr'>tardior.</span> <span class='ocrx_word' id='word_1_68' title='bbox 661 423 884 455; x_wconf 87' lang='lat' dir='ltr'>Themistocles</span> <span class='ocrx_word' id='word_1_69' title='bbox 895 433 945 453; x_wconf 91' lang='lat' dir='ltr'>om</span> <span class='ocrx_word' id='word_1_70' title='bbox 953 425 1038 453; x_wconf 92' lang='lat' dir='ltr'>nium</span> <span class='ocrx_word' id='word_1_71' title='bbox 1053 425 1097 453; x_wconf 92' lang='lat' dir='ltr'>ci-</span> 
     </span>
     <span class='ocr_line' id='line_1_9' title="bbox 143 464 1094 508; baseline -0.003 -11"><span class='ocrx_word' id='word_1_72' title='bbox 143 469 232 498; x_wconf 84' lang='lat' dir='ltr'>vium</span> <span class='ocrx_word' id='word_1_73' title='bbox 250 469 378 498; x_wconf 86' lang='lat' dir='ltr'>nomina</span> <span class='ocrx_word' id='word_1_74' title='bbox 389 475 563 508; x_wconf 75' lang='lat' dir='ltr'>perceperat.</span> <span class='ocrx_word' id='word_1_75' title='bbox 587 476 661 496; x_wconf 90' lang='lat' dir='ltr'>num</span> <span class='ocrx_word' id='word_1_76' title='bbox 672 469 763 507; x_wconf 80' lang='lat' dir='ltr'>igitur</span> <span class='ocrx_word' id='word_1_77' title='bbox 773 465 898 495; x_wconf 87' lang='lat' dir='ltr'>censetis</span> <span class='ocrx_word' id='word_1_78' title='bbox 909 474 981 495; x_wconf 90' lang='lat' dir='ltr'>eum</span> <span class='ocrx_word' id='word_1_79' title='bbox 992 484 1000 498; x_wconf 88' lang='lat'><strong><em>‚</em></strong></span> <span class='ocrx_word' id='word_1_80' title='bbox 1022 464 1094 495; x_wconf 81' lang='lat' dir='ltr'>curn</span> 
     </span>
     <span class='ocr_line' id='line_1_10' title="bbox 143 505 1096 550; baseline -0.004 -11"><span class='ocrx_word' id='word_1_81' title='bbox 143 518 227 539; x_wconf 82' lang='lat' dir='ltr'>aetate</span> <span class='ocrx_word' id='word_1_82' title='bbox 240 508 427 549; x_wconf 71' lang='lat' dir='ltr'>proceffiss‘et,</span> <span class='ocrx_word' id='word_1_83' title='bbox 438 511 489 550; x_wconf 87' lang='lat' dir='ltr'>qui</span> <span class='ocrx_word' id='word_1_84' title='bbox 505 507 648 538; x_wconf 84' lang='lat' dir='ltr'>Aristides</span> <span class='ocrx_word' id='word_1_85' title='bbox 658 507 738 541; x_wconf 81' lang='lat' dir='ltr'>esset,</span> <span class='ocrx_word' id='word_1_86' title='bbox 749 505 960 547; x_wconf 76' lang='lat' dir='ltr'>Lysimachum</span> <span class='ocrx_word' id='word_1_87' title='bbox 972 507 1096 536; x_wconf 84' lang='lat' dir='ltr'>salutare</span> 
     </span>
     <span class='ocr_line' id='line_1_11' title="bbox 142 548 1095 591; baseline -0.003 -11"><span class='ocrx_word' id='word_1_88' title='bbox 142 551 290 581; x_wconf 85' lang='lat' dir='ltr'>solitum?</span> <span class='ocrx_word' id='word_1_89' title='bbox 313 551 463 591; x_wconf 82' lang='lat' dir='ltr'>Equidem</span> <span class='ocrx_word' id='word_1_90' title='bbox 479 560 549 580; x_wconf 86' lang='lat' dir='ltr'>non</span> <span class='ocrx_word' id='word_1_91' title='bbox 570 549 664 580; x_wconf 74' lang='lat' dir='ltr'>modo</span> <span class='ocrx_word' id='word_1_92' title='bbox 683 559 735 580; x_wconf 89' lang='lat' dir='ltr'>eos</span> <span class='ocrx_word' id='word_1_93' title='bbox 756 550 849 582; x_wconf 86' lang='lat' dir='ltr'>novi,</span> <span class='ocrx_word' id='word_1_94' title='bbox 871 550 923 588; x_wconf 90' lang='lat' dir='ltr'>qui</span> <span class='ocrx_word' id='word_1_95' title='bbox 934 548 1021 582; x_wconf 75' lang='lat' dir='ltr'>sunt3</span> <span class='ocrx_word' id='word_1_96' title='bbox 1047 548 1095 578; x_wconf 84' lang='lat' dir='ltr'>sed</span> 
     </span>
     <span class='ocr_line' id='line_1_12' title="bbox 143 590 1094 632; baseline -0.004 -10"><span class='ocrx_word' id='word_1_97' title='bbox 143 602 249 622; x_wconf 84' lang='lat' dir='ltr'>eorum</span> <span class='ocrx_word' id='word_1_98' title='bbox 267 601 362 632; x_wconf 88' lang='lat' dir='ltr'>patres</span> <span class='ocrx_word' id='word_1_99' title='bbox 381 594 468 622; x_wconf 88' lang='lat' dir='ltr'>etiam</span> <span class='ocrx_word' id='word_1_100' title='bbox 483 612 490 626; x_wconf 89' lang='lat'>‚</span> <span class='ocrx_word' id='word_1_101' title='bbox 517 591 551 621; x_wconf 87' lang='lat'>&amp;</span> <span class='ocrx_word' id='word_1_102' title='bbox 569 601 650 622; x_wconf 90' lang='lat' dir='ltr'>avos.</span> <span class='ocrx_word' id='word_1_103' title='bbox 672 602 719 620; x_wconf 77' lang='lat' dir='ltr'>noc</span> <span class='ocrx_word' id='word_1_104' title='bbox 732 590 860 632; x_wconf 50' lang='lat' dir='ltr'>sepulcra.</span> <span class='ocrx_word' id='word_1_105' title='bbox 881 591 968 630; x_wconf 81' lang='lat' dir='ltr'>legens</span> <span class='ocrx_word' id='word_1_106' title='bbox 989 600 1094 623; x_wconf 77' lang='lat' dir='ltr'>vercor,</span> 
     </span>
     <span class='ocr_line' id='line_1_13' title="bbox 143 631 1094 674; baseline -0.004 -10"><span class='ocrx_word' id='word_1_107' title='bbox 143 633 248 674; x_wconf 90' lang='lat' dir='ltr'>(quod</span> <span class='ocrx_word' id='word_1_108' title='bbox 258 635 360 673; x_wconf 78' lang='lat' dir='ltr'>ajunt)</span> <span class='ocrx_word' id='word_1_109' title='bbox 371 645 402 663; x_wconf 79' lang='lat' dir='ltr'>ne</span> <span class='ocrx_word' id='word_1_110' title='bbox 412 633 693 674; x_wconf 78' lang='lat' dir='ltr'>memoriamperdam</span> <span class='ocrx_word' id='word_1_111' title='bbox 703 644 713 660; x_wconf 92' lang='lat'>.·</span> <span class='ocrx_word' id='word_1_112' title='bbox 732 635 779 662; x_wconf 83' lang='lat' dir='ltr'>his</span> <span class='ocrx_word' id='word_1_113' title='bbox 789 633 870 661; x_wconf 87' lang='lat' dir='ltr'>enim</span> <span class='ocrx_word' id='word_1_114' title='bbox 883 631 951 671; x_wconf 81' lang='lat' dir='ltr'>ipsis</span> <span class='ocrx_word' id='word_1_115' title='bbox 961 632 1094 672; x_wconf 89' lang='lat' dir='ltr'>legendis</span> 
     </span>
     <span class='ocr_line' id='line_1_14' title="bbox 138 672 1096 714; baseline -0.002 -10"><span class='ocrx_word' id='word_1_116' title='bbox 138 675 231 704; x_wconf 89' lang='lat' dir='ltr'>redeo</span> <span class='ocrx_word' id='word_1_117' title='bbox 251 677 282 704; x_wconf 88' lang='lat' dir='ltr'>in</span> <span class='ocrx_word' id='word_1_118' title='bbox 293 676 473 704; x_wconf 81' lang='lat' dir='ltr'>memoriam</span> <span class='ocrx_word' id='word_1_119' title='bbox 486 683 686 705; x_wconf 87' lang='lat' dir='ltr'>mortuorum.</span> <span class='ocrx_word' id='word_1_120' title='bbox 711 685 766 705; x_wconf 91' lang='lat' dir='ltr'>nec</span> <span class='ocrx_word' id='word_1_121' title='bbox 777 672 848 704; x_wconf 74' lang='lat' dir='ltr'>verb</span> <span class='ocrx_word' id='word_1_122' title='bbox 857 683 1039 714; x_wconf 79' lang='lat' dir='ltr'>quemquam</span> <span class='ocrx_word' id='word_1_123' title='bbox 1052 673 1096 703; x_wconf 89' lang='lat' dir='ltr'>se-</span> 
     </span>
     <span class='ocr_line' id='line_1_15' title="bbox 138 713 1095 757; baseline -0.001 -12"><span class='ocrx_word' id='word_1_124' title='bbox 138 725 217 746; x_wconf 86' lang='lat' dir='ltr'>num</span> <span class='ocrx_word' id='word_1_125' title='bbox 236 716 338 745; x_wconf 87' lang='lat' dir='ltr'>audivi</span> <span class='ocrx_word' id='word_1_126' title='bbox 350 716 481 746; x_wconf 85' lang='lat' dir='ltr'>oblitum</span> <span class='ocrx_word' id='word_1_127' title='bbox 494 736 503 750; x_wconf 89' lang='lat'>,</span> <span class='ocrx_word' id='word_1_128' title='bbox 521 726 581 757; x_wconf 90' lang='lat' dir='ltr'>quo</span> <span class='ocrx_word' id='word_1_129' title='bbox 591 717 659 746; x_wconf 91' lang='lat' dir='ltr'>loco</span> <span class='ocrx_word' id='word_1_130' title='bbox 672 716 840 746; x_wconf 89' lang='lat' dir='ltr'>thesaurum</span> <span class='ocrx_word' id='word_1_131' title='bbox 849 713 1002 745; x_wconf 76' lang='lat' dir='ltr'>obruisset.</span> <span class='ocrx_word' id='word_1_132' title='bbox 1024 724 1095 744; x_wconf 80' lang='lat' dir='ltr'>om-</span> 
     </span>
     <span class='ocr_line' id='line_1_16' title="bbox 140 755 1094 798; baseline -0.001 -11"><span class='ocrx_word' id='word_1_133' title='bbox 140 759 205 790; x_wconf 87' lang='lat' dir='ltr'>-nia,</span> <span class='ocrx_word' id='word_1_134' title='bbox 216 767 280 798; x_wconf 84' lang='lat' dir='ltr'>quae</span> <span class='ocrx_word' id='word_1_135' title='bbox 290 766 412 790; x_wconf 86' lang='lat' dir='ltr'>curant,</span> <span class='ocrx_word' id='word_1_136' title='bbox 427 759 577 787; x_wconf 83' lang='lat' dir='ltr'>meminer</span> <span class='ocrx_word' id='word_1_137' title='bbox 602 767 651 787; x_wconf 76' lang='lat' dir='ltr'>nt:</span> <span class='ocrx_word' id='word_1_138' title='bbox 666 757 841 788; x_wconf 87' lang='lat' dir='ltr'>vadimonia</span> <span class='ocrx_word' id='word_1_139' title='bbox 852 755 1016 786; x_wconf 86' lang='lat' dir='ltr'>constituta</span> <span class='ocrx_word' id='word_1_140' title='bbox 1025 766 1031 785; x_wconf 79' lang='lat'>2</span> <span class='ocrx_word' id='word_1_141' title='bbox 1040 757 1094 796; x_wconf 90' lang='lat' dir='ltr'>qui</span> 
     </span>
     <span class='ocr_line' id='line_1_17' title="bbox 136 768 1093 839; baseline -0.001 -11"><span class='ocrx_word' id='word_1_142' title='bbox 136 797 212 833; x_wconf 71' lang='lat' dir='ltr'>fibi,</span> <span class='ocrx_word' id='word_1_143' title='bbox 231 798 340 839; x_wconf 81' lang='lat' dir='ltr'>quibus</span> <span class='ocrx_word' id='word_1_144' title='bbox 351 797 402 839; x_wconf 86' lang='lat' dir='ltr'>ipfi</span> <span class='ocrx_word' id='word_1_145' title='bbox 413 798 548 829; x_wconf 82' lang='lat' dir='ltr'>debeant.</span> <span class='ocrx_word' id='word_1_146' title='bbox 572 768 653 839; x_wconf 51' lang='lat' dir='ltr'>Qid</span> <span class='ocrx_word' id='word_1_147' title='bbox 666 797 870 838; x_wconf 86' lang='lat' dir='ltr'>jurisconsulti</span> <span class='ocrx_word' id='word_1_148' title='bbox 884 799 894 825; x_wconf 88' lang='lat'>?</span> <span class='ocrx_word' id='word_1_149' title='bbox 909 797 982 838; x_wconf 89' lang='lat' dir='ltr'>quid</span> <span class='ocrx_word' id='word_1_150' title='bbox 991 799 1093 837; x_wconf 89' lang='lat' dir='ltr'>ponti-</span> 
     </span>
     <span class='ocr_line' id='line_1_18' title="bbox 135 838 1092 880; baseline -0.002 -10"><span class='ocrx_word' id='word_1_151' title='bbox 135 838 229 870; x_wconf 84' lang='lat' dir='ltr'>fices?</span> <span class='ocrx_word' id='word_1_152' title='bbox 245 840 317 880; x_wconf 83' lang='lat' dir='ltr'>quid</span> <span class='ocrx_word' id='word_1_153' title='bbox 337 843 484 880; x_wconf 73' lang='lat' dir='ltr'>augures?</span> <span class='ocrx_word' id='word_1_154' title='bbox 500 840 572 880; x_wconf 87' lang='lat' dir='ltr'>quid</span> <span class='ocrx_word' id='word_1_155' title='bbox 583 841 754 879; x_wconf 86' lang='lat' dir='ltr'>philosophi</span> <span class='ocrx_word' id='word_1_156' title='bbox 767 841 872 870; x_wconf 86' lang='lat' dir='ltr'>senes?</span> <span class='ocrx_word' id='word_1_157' title='bbox 892 840 983 880; x_wconf 72' lang='lat' dir='ltr'>quam</span> <span class='ocrx_word' id='word_1_158' title='bbox 997 839 1092 869; x_wconf 86' lang='lat' dir='ltr'>multa</span> 
     </span>
     <span class='ocr_line' id='line_1_19' title="bbox 134 880 1090 922; baseline -0.002 -10"><span class='ocrx_word' id='word_1_159' title='bbox 134 883 345 912; x_wconf 88' lang='lat' dir='ltr'>meminerunt</span> <span class='ocrx_word' id='word_1_160' title='bbox 355 884 375 910; x_wconf 77' lang='lat'>?·</span> <span class='ocrx_word' id='word_1_161' title='bbox 389 890 535 911; x_wconf 77' lang='lat' dir='ltr'>MANENT</span> <span class='ocrx_word' id='word_1_162' title='bbox 553 883 673 922; x_wconf 85' lang='lat' dir='ltr'>ingenia</span> <span class='ocrx_word' id='word_1_163' title='bbox 695 881 815 912; x_wconf 84' lang='lat' dir='ltr'><strong>senibus</strong></span> <span class='ocrx_word' id='word_1_164' title='bbox 826 900 835 915; x_wconf 91' lang='lat'>,</span> <span class='ocrx_word' id='word_1_165' title='bbox 859 880 954 911; x_wconf 78' lang='lat' dir='ltr'>modo</span> <span class='ocrx_word' id='word_1_166' title='bbox 973 890 1090 920; x_wconf 84' lang='lat' dir='ltr'>perma—</span> 
     </span>
     <span class='ocr_line' id='line_1_20' title="bbox 133 921 1089 957; baseline -0.001 -4"><span class='ocrx_word' id='word_1_167' title='bbox 133 932 204 954; x_wconf 85' lang='lat' dir='ltr'>neat</span> <span class='ocrx_word' id='word_1_168' title='bbox 222 922 355 953; x_wconf 80' lang='lat' dir='ltr'>studium</span> <span class='ocrx_word' id='word_1_169' title='bbox 367 943 375 957; x_wconf 87' lang='lat'>,</span> <span class='ocrx_word' id='word_1_170' title='bbox 397 923 430 952; x_wconf 86' lang='lat'>&amp;</span> <span class='ocrx_word' id='word_1_171' title='bbox 451 921 608 953; x_wconf 84' lang='lat' dir='ltr'>industria:</span> <span class='ocrx_word' id='word_1_172' title='bbox 631 933 686 953; x_wconf 90' lang='lat' dir='ltr'>nec</span> <span class='ocrx_word' id='word_1_173' title='bbox 697 933 731 953; x_wconf 88' lang='lat' dir='ltr'>ea</span> <span class='ocrx_word' id='word_1_174' title='bbox 740 923 837 953; x_wconf 90' lang='lat' dir='ltr'>solum</span> <span class='ocrx_word' id='word_1_175' title='bbox 849 923 881 952; x_wconf 89' lang='lat' dir='ltr'>in</span> <span class='ocrx_word' id='word_1_176' title='bbox 892 923 977 952; x_wconf 88' lang='lat' dir='ltr'>claris</span> <span class='ocrx_word' id='word_1_177' title='bbox 989 922 1021 952; x_wconf 90' lang='lat'>&amp;</span> <span class='ocrx_word' id='word_1_178' title='bbox 1032 923 1089 952; x_wconf 85' lang='lat' dir='ltr'>ho-</span> 
     </span>
     <span class='ocr_line' id='line_1_21' title="bbox 131 964 1088 1005; baseline -0.001 -10"><span class='ocrx_word' id='word_1_179' title='bbox 131 966 244 996; x_wconf 86' lang='lat' dir='ltr'>noratis</span> <span class='ocrx_word' id='word_1_180' title='bbox 265 966 337 994; x_wconf 88' lang='lat' dir='ltr'>viris</span> <span class='ocrx_word' id='word_1_181' title='bbox 350 985 359 998; x_wconf 89' lang='lat'>,</span> <span class='ocrx_word' id='word_1_182' title='bbox 380 964 472 994; x_wconf 88' lang='lat' dir='ltr'>sedin</span> <span class='ocrx_word' id='word_1_183' title='bbox 482 965 542 994; x_wconf 88' lang='lat' dir='ltr'>vita</span> <span class='ocrx_word' id='word_1_184' title='bbox 550 967 641 995; x_wconf 89' lang='lat' dir='ltr'>etiam</span> <span class='ocrx_word' id='word_1_185' title='bbox 651 967 762 1005; x_wconf 82' lang='lat' dir='ltr'>privata</span> <span class='ocrx_word' id='word_1_186' title='bbox 775 983 783 998; x_wconf 86' lang='lat'>‚</span> <span class='ocrx_word' id='word_1_187' title='bbox 803 965 835 995; x_wconf 73' lang='grc' dir='ltr'>ὅ(</span> <span class='ocrx_word' id='word_1_188' title='bbox 844 965 950 1005; x_wconf 88' lang='lat' dir='ltr'>quieta.</span> <span class='ocrx_word' id='word_1_189' title='bbox 967 965 1088 1003; x_wconf 85' lang='lat' dir='ltr'>Sopho-</span> 
     </span>
     <span class='ocr_line' id='line_1_22' title="bbox 130 1005 1086 1048; baseline -0.002 -11"><span class='ocrx_word' id='word_1_190' title='bbox 130 1006 193 1037; x_wconf 86' lang='lat' dir='ltr'>cles</span> <span class='ocrx_word' id='word_1_191' title='bbox 210 1006 246 1037; x_wconf 86' lang='lat' dir='ltr'>ad</span> <span class='ocrx_word' id='word_1_192' title='bbox 258 1006 407 1036; x_wconf 87' lang='lat' dir='ltr'>summam</span> <span class='ocrx_word' id='word_1_193' title='bbox 419 1005 603 1036; x_wconf 64' lang='lat' dir='ltr'>senectutem</span> <span class='ocrx_word' id='word_1_194' title='bbox 616 1007 769 1048; x_wconf 77' lang='lat' dir='ltr'>tragoedias</span> <span class='ocrx_word' id='word_1_195' title='bbox 776 1005 847 1036; x_wconf 88' lang='lat' dir='ltr'>fecit</span> <span class='ocrx_word' id='word_1_196' title='bbox 858 1017 863 1035; x_wconf 92' lang='lat'>:</span> <span class='ocrx_word' id='word_1_197' title='bbox 875 1005 955 1046; x_wconf 89' lang='lat' dir='ltr'>quod</span> <span class='ocrx_word' id='word_1_198' title='bbox 964 1015 1086 1045; x_wconf 88' lang='lat' dir='ltr'>propter</span> 
     </span>
     <span class='ocr_line' id='line_1_23' title="bbox 131 1045 1090 1090; baseline -0.002 -12"><span class='ocrx_word' id='word_1_199' title='bbox 131 1045 268 1078; x_wconf 81' lang='lat' dir='ltr'>studium</span> <span class='ocrx_word' id='word_1_200' title='bbox 288 1045 361 1078; x_wconf 79' lang='lat' dir='ltr'>curn</span> <span class='ocrx_word' id='word_1_201' title='bbox 387 1057 450 1077; x_wconf 88' lang='lat' dir='ltr'>rem</span> <span class='ocrx_word' id='word_1_202' title='bbox 459 1047 640 1078; x_wconf 81' lang='lat' dir='ltr'>familiarem</span> <span class='ocrx_word' id='word_1_203' title='bbox 651 1049 800 1090; x_wconf 83' lang='lat' dir='ltr'>negligere</span> <span class='ocrx_word' id='word_1_204' title='bbox 809 1047 958 1078; x_wconf 87' lang='lat' dir='ltr'>videretur</span> <span class='ocrx_word' id='word_1_205' title='bbox 972 1067 980 1081; x_wconf 93' lang='lat'>‚</span> <span class='ocrx_word' id='word_1_206' title='bbox 993 1046 1009 1077; x_wconf 72' lang='lat' dir='ltr'>a</span> <span class='ocrx_word' id='word_1_207' title='bbox 1019 1045 1090 1077; x_wconf 87' lang='lat' dir='ltr'>filiis</span> 
     </span>
     <span class='ocr_line' id='line_1_24' title="bbox 131 1088 1089 1130; baseline -0.001 -11"><span class='ocrx_word' id='word_1_208' title='bbox 131 1089 326 1129; x_wconf 83' lang='lat' dir='ltr'>injudicium</span> <span class='ocrx_word' id='word_1_209' title='bbox 338 1098 460 1119; x_wconf 82' lang='lat' dir='ltr'>vocatus</span> <span class='ocrx_word' id='word_1_210' title='bbox 469 1088 512 1119; x_wconf 86' lang='lat' dir='ltr'>est</span> <span class='ocrx_word' id='word_1_211' title='bbox 527 1099 580 1119; x_wconf 82' lang='lat' dir='ltr'>:ut</span> <span class='ocrx_word' id='word_1_212' title='bbox 591 1109 601 1123; x_wconf 85' lang='lat'>,</span> <span class='ocrx_word' id='word_1_213' title='bbox 621 1100 661 1130; x_wconf 92' lang='lat' dir='ltr'>qu</span> <span class='ocrx_word' id='word_1_214' title='bbox 716 1089 880 1120; x_wconf 82' lang='lat' dir='ltr'>admodum</span> <span class='ocrx_word' id='word_1_215' title='bbox 892 1088 993 1118; x_wconf 84' lang='lat' dir='ltr'>nostro</span> <span class='ocrx_word' id='word_1_216' title='bbox 1004 1098 1089 1118; x_wconf 90' lang='lat' dir='ltr'>more</span> 
     </span>
     <span class='ocr_line' id='line_1_25' title="bbox 131 1128 1087 1172; baseline -0.002 -11"><span class='ocrx_word' id='word_1_217' title='bbox 131 1134 151 1159; x_wconf 74' lang='lat'>4</span> <span class='ocrx_word' id='word_1_218' title='bbox 169 1140 266 1161; x_wconf 63' lang='lat' dir='ltr'>MALE.</span> <span class='ocrx_word' id='word_1_219' title='bbox 284 1142 347 1161; x_wconf 86' lang='lat' dir='ltr'>rem</span> <span class='ocrx_word' id='word_1_220' title='bbox 366 1130 539 1172; x_wconf 85' lang='lat' dir='ltr'>gerentibus</span> <span class='ocrx_word' id='word_1_221' title='bbox 551 1132 685 1171; x_wconf 88' lang='lat' dir='ltr'>patribus</span> <span class='ocrx_word' id='word_1_222' title='bbox 695 1131 785 1161; x_wconf 87' lang='lat' dir='ltr'>bonis</span> <span class='ocrx_word' id='word_1_223' title='bbox 796 1130 934 1161; x_wconf 80' lang='lat' dir='ltr'>interdici</span> <span class='ocrx_word' id='word_1_224' title='bbox 944 1131 1020 1160; x_wconf 88' lang='lat' dir='ltr'>solet</span> <span class='ocrx_word' id='word_1_225' title='bbox 1032 1141 1037 1159; x_wconf 89' lang='lat'><strong>:</strong></span> <span class='ocrx_word' id='word_1_226' title='bbox 1049 1128 1087 1160; x_wconf 86' lang='lat' dir='ltr'>fic</span> 
     </span>
     <span class='ocr_line' id='line_1_26' title="bbox 132 1171 1090 1213; baseline -0.002 -10"><span class='ocrx_word' id='word_1_227' title='bbox 132 1173 225 1203; x_wconf 82' lang='lat' dir='ltr'>illum</span> <span class='ocrx_word' id='word_1_228' title='bbox 237 1192 245 1206; x_wconf 93' lang='lat'>,</span> <span class='ocrx_word' id='word_1_229' title='bbox 265 1171 345 1213; x_wconf 83' lang='lat' dir='ltr'>quasi</span> <span class='ocrx_word' id='word_1_230' title='bbox 363 1171 557 1212; x_wconf 86' lang='lat' dir='ltr'>defipientem</span> <span class='ocrx_word' id='word_1_231' title='bbox 573 1192 582 1206; x_wconf 91' lang='lat'>‚</span> <span class='ocrx_word' id='word_1_232' title='bbox 603 1173 620 1203; x_wconf 73' lang='lat' dir='ltr'>a</span> <span class='ocrx_word' id='word_1_233' title='bbox 641 1183 670 1203; x_wconf 83' lang='lat' dir='ltr'>re</span> <span class='ocrx_word' id='word_1_234' title='bbox 680 1172 823 1203; x_wconf 80' lang='lat' dir='ltr'>familiari</span> <span class='ocrx_word' id='word_1_235' title='bbox 838 1180 1028 1202; x_wconf 83' lang='lat' dir='ltr'>removerent</span> <span class='ocrx_word' id='word_1_236' title='bbox 1039 1173 1090 1210; x_wconf 87' lang='lat' dir='ltr'>ju-</span> 
     </span>
     <span class='ocr_line' id='line_1_27' title="bbox 129 1213 1089 1255; baseline -0.002 -10"><span class='ocrx_word' id='word_1_237' title='bbox 129 1215 221 1245; x_wconf 88' lang='lat' dir='ltr'>dices.</span> <span class='ocrx_word' id='word_1_238' title='bbox 245 1217 330 1244; x_wconf 88' lang='lat' dir='ltr'>Tum</span> <span class='ocrx_word' id='word_1_239' title='bbox 341 1214 432 1244; x_wconf 86' lang='lat' dir='ltr'>senex</span> <span class='ocrx_word' id='word_1_240' title='bbox 441 1214 550 1244; x_wconf 92' lang='lat' dir='ltr'>dicitur</span> <span class='ocrx_word' id='word_1_241' title='bbox 563 1224 628 1244; x_wconf 86' lang='lat' dir='ltr'>eam</span> <span class='ocrx_word' id='word_1_242' title='bbox 639 1215 772 1245; x_wconf 84' lang='lat' dir='ltr'>fabulam</span> <span class='ocrx_word' id='word_1_243' title='bbox 785 1234 793 1248; x_wconf 93' lang='lat'>,</span> <span class='ocrx_word' id='word_1_244' title='bbox 805 1224 895 1255; x_wconf 85' lang='lat' dir='ltr'>quam</span> <span class='ocrx_word' id='word_1_245' title='bbox 907 1215 938 1243; x_wconf 90' lang='lat' dir='ltr'>in</span> <span class='ocrx_word' id='word_1_246' title='bbox 949 1213 1089 1244; x_wconf 87' lang='lat' dir='ltr'>manibus</span> 
     </span>
     <span class='ocr_line' id='line_1_28' title="bbox 130 1254 1090 1296; baseline -0.002 -10"><span class='ocrx_word' id='word_1_247' title='bbox 130 1255 260 1286; x_wconf 86' lang='lat' dir='ltr'>habebat</span> <span class='ocrx_word' id='word_1_248' title='bbox 269 1276 277 1288; x_wconf 93' lang='lat'>‚</span> <span class='ocrx_word' id='word_1_249' title='bbox 298 1256 330 1286; x_wconf 89' lang='lat'>&amp;</span> <span class='ocrx_word' id='word_1_250' title='bbox 349 1254 490 1295; x_wconf 70' lang='lat' dir='ltr'>proxime</span> <span class='ocrx_word' id='word_1_251' title='bbox 512 1256 675 1296; x_wconf 85' lang='lat' dir='ltr'>scripserat,</span> <span class='ocrx_word' id='word_1_252' title='bbox 702 1257 851 1296; x_wconf 85' lang='lat' dir='ltr'>Oedipum</span> <span class='ocrx_word' id='word_1_253' title='bbox 862 1256 1033 1285; x_wconf 90' lang='lat' dir='ltr'>Coloneum</span> <span class='ocrx_word' id='word_1_254' title='bbox 1044 1265 1090 1285; x_wconf 87' lang='lat' dir='ltr'>re-</span> 
     </span>
     <span class='ocr_line' id='line_1_29' title="bbox 127 1295 1089 1338; baseline -0.002 -10"><span class='ocrx_word' id='word_1_255' title='bbox 127 1296 228 1328; x_wconf 86' lang='lat' dir='ltr'>citaffe</span> <span class='ocrx_word' id='word_1_256' title='bbox 238 1297 387 1335; x_wconf 85' lang='lat' dir='ltr'>judicibus</span> <span class='ocrx_word' id='word_1_257' title='bbox 399 1317 407 1331; x_wconf 94' lang='lat'>,</span> <span class='ocrx_word' id='word_1_258' title='bbox 418 1296 608 1338; x_wconf 82' lang='lat' dir='ltr'>quaefiss&#39;eque</span> <span class='ocrx_word' id='word_1_259' title='bbox 618 1318 627 1331; x_wconf 91' lang='lat'>‚</span> <span class='ocrx_word' id='word_1_260' title='bbox 639 1308 714 1328; x_wconf 88' lang='lat' dir='ltr'>num</span> <span class='ocrx_word' id='word_1_261' title='bbox 726 1297 802 1328; x_wconf 89' lang='lat' dir='ltr'>illud</span> <span class='ocrx_word' id='word_1_262' title='bbox 811 1307 931 1328; x_wconf 85' lang='lat' dir='ltr'>carmen</span> <span class='ocrx_word' id='word_1_263' title='bbox 943 1295 1089 1337; x_wconf 88' lang='lat' dir='ltr'>defipien-</span> 
     </span>
     <span class='ocr_line' id='line_1_30' title="bbox 128 1338 1089 1380; baseline -0.001 -12"><span class='ocrx_word' id='word_1_264' title='bbox 128 1341 168 1369; x_wconf 88' lang='lat' dir='ltr'>tis</span> <span class='ocrx_word' id='word_1_265' title='bbox 180 1339 339 1369; x_wconf 82' lang='lat' dir='ltr'>videretur.</span> <span class='ocrx_word' id='word_1_266' title='bbox 361 1349 423 1380; x_wconf 89' lang='lat' dir='ltr'>quo</span> <span class='ocrx_word' id='word_1_267' title='bbox 434 1341 567 1372; x_wconf 82' lang='lat' dir='ltr'>recitato,</span> <span class='ocrx_word' id='word_1_268' title='bbox 577 1339 876 1379; x_wconf 88' lang='lat' dir='ltr'>sententiisjudicum</span> <span class='ocrx_word' id='word_1_269' title='bbox 885 1338 930 1368; x_wconf 86' lang='lat' dir='ltr'>est</span> <span class='ocrx_word' id='word_1_270' title='bbox 939 1338 1089 1368; x_wconf 86' lang='lat' dir='ltr'>liberatus.</span> 
     </span>
     <span class='ocr_line' id='line_1_31' title="bbox 130 1379 1087 1422; baseline -0.001 -12"><span class='ocrx_word' id='word_1_271' title='bbox 130 1383 235 1411; x_wconf 88' lang='lat' dir='ltr'>5Num</span> <span class='ocrx_word' id='word_1_272' title='bbox 249 1383 337 1422; x_wconf 86' lang='lat' dir='ltr'>igitur</span> <span class='ocrx_word' id='word_1_273' title='bbox 347 1382 437 1413; x_wconf 86' lang='lat' dir='ltr'>hunc,</span> <span class='ocrx_word' id='word_1_274' title='bbox 453 1390 527 1410; x_wconf 89' lang='lat' dir='ltr'>num</span> <span class='ocrx_word' id='word_1_275' title='bbox 539 1383 723 1416; x_wconf 84' lang='lat' dir='ltr'>Homerum,</span> <span class='ocrx_word' id='word_1_276' title='bbox 733 1391 808 1411; x_wconf 87' lang='lat' dir='ltr'>num</span> <span class='ocrx_word' id='word_1_277' title='bbox 821 1379 999 1413; x_wconf 86' lang='lat' dir='ltr'>Hefiodum,</span> <span class='ocrx_word' id='word_1_278' title='bbox 1011 1389 1087 1410; x_wconf 89' lang='lat' dir='ltr'>num</span> 
     </span>
     <span class='ocr_line' id='line_1_32' title="bbox 126 1420 1085 1463; baseline -0.002 -10"><span class='ocrx_word' id='word_1_279' title='bbox 126 1425 322 1453; x_wconf 89' lang='lat' dir='ltr'>Simonidem</span> <span class='ocrx_word' id='word_1_280' title='bbox 336 1442 344 1455; x_wconf 88' lang='lat'>‚</span> <span class='ocrx_word' id='word_1_281' title='bbox 371 1431 445 1451; x_wconf 91' lang='lat' dir='ltr'>num</span> <span class='ocrx_word' id='word_1_282' title='bbox 465 1420 665 1452; x_wconf 74' lang='lat' dir='ltr'>Stesichorum</span> <span class='ocrx_word' id='word_1_283' title='bbox 677 1443 686 1455; x_wconf 87' lang='lat'>,</span> <span class='ocrx_word' id='word_1_284' title='bbox 709 1432 783 1452; x_wconf 89' lang='lat' dir='ltr'>num</span> <span class='ocrx_word' id='word_1_285' title='bbox 797 1442 806 1456; x_wconf 94' lang='lat'>,</span> <span class='ocrx_word' id='word_1_286' title='bbox 830 1432 907 1463; x_wconf 85' lang='lat' dir='ltr'>quos</span> <span class='ocrx_word' id='word_1_287' title='bbox 920 1422 988 1451; x_wconf 71' lang='lat' dir='ltr'>ante</span> <span class='ocrx_word' id='word_1_288' title='bbox 1008 1421 1085 1456; x_wconf 88' lang='lat' dir='ltr'>dixi,</span> 
     </span>
     <span class='ocr_line' id='line_1_33' title="bbox 124 1464 1087 1503; baseline -0.002 -9"><span class='ocrx_word' id='word_1_289' title='bbox 124 1464 288 1494; x_wconf 88' lang='lat' dir='ltr'>Isocratem</span> <span class='ocrx_word' id='word_1_290' title='bbox 299 1483 308 1498; x_wconf 93' lang='lat'>,</span> <span class='ocrx_word' id='word_1_291' title='bbox 329 1465 471 1503; x_wconf 80' lang='lat' dir='ltr'>Gorgiam</span> <span class='ocrx_word' id='word_1_292' title='bbox 483 1482 491 1496; x_wconf 84' lang='lat'>‚</span> <span class='ocrx_word' id='word_1_293' title='bbox 503 1473 578 1492; x_wconf 89' lang='lat' dir='ltr'>num</span> <span class='ocrx_word' id='word_1_294' title='bbox 588 1464 840 1503; x_wconf 85' lang='lat' dir='ltr'>philosophorum</span> <span class='ocrx_word' id='word_1_295' title='bbox 849 1465 999 1502; x_wconf 83' lang='lat' dir='ltr'>principes</span> <span class='ocrx_word' id='word_1_296' title='bbox 1009 1482 1018 1497; x_wconf 93' lang='lat'>,</span> <span class='ocrx_word' id='word_1_297' title='bbox 1030 1466 1087 1502; x_wconf 80' lang='lat' dir='ltr'>Py-</span> 
     </span>
     <span class='ocr_line' id='line_1_34' title="bbox 126 1505 1085 1546; baseline -0.002 -10"><span class='ocrx_word' id='word_1_298' title='bbox 126 1507 281 1546; x_wconf 86' lang='lat' dir='ltr'>thagoram</span> <span class='ocrx_word' id='word_1_299' title='bbox 297 1524 305 1539; x_wconf 80' lang='lat'>‚</span> <span class='ocrx_word' id='word_1_300' title='bbox 316 1506 530 1534; x_wconf 85' lang='lat' dir='ltr'>Democritum</span> <span class='ocrx_word' id='word_1_301' title='bbox 543 1524 551 1537; x_wconf 91' lang='lat'>‚</span> <span class='ocrx_word' id='word_1_302' title='bbox 563 1514 637 1534; x_wconf 84' lang='lat' dir='ltr'>num</span> <span class='ocrx_word' id='word_1_303' title='bbox 649 1505 804 1534; x_wconf 83' lang='lat' dir='ltr'>Platonem</span> <span class='ocrx_word' id='word_1_304' title='bbox 817 1524 825 1538; x_wconf 90' lang='lat'>,</span> <span class='ocrx_word' id='word_1_305' title='bbox 838 1514 913 1536; x_wconf 87' lang='lat' dir='ltr'>num</span> <span class='ocrx_word' id='word_1_306' title='bbox 922 1507 1085 1538; x_wconf 73' lang='lat' dir='ltr'>Socratem,</span> 
     </span>
     <span class='ocr_line' id='line_1_35' title="bbox 124 1545 1084 1586; baseline -0.003 -9"><span class='ocrx_word' id='word_1_307' title='bbox 124 1556 203 1577; x_wconf 87' lang='lat' dir='ltr'>num</span> <span class='ocrx_word' id='word_1_308' title='bbox 217 1545 317 1586; x_wconf 89' lang='lat' dir='ltr'>postea</span> <span class='ocrx_word' id='word_1_309' title='bbox 329 1547 487 1576; x_wconf 85' lang='lat' dir='ltr'>Zenonem</span> <span class='ocrx_word' id='word_1_310' title='bbox 498 1565 508 1579; x_wconf 86' lang='lat'>,</span> <span class='ocrx_word' id='word_1_311' title='bbox 531 1545 709 1576; x_wconf 87' lang='lat' dir='ltr'>Cleanthem</span> <span class='ocrx_word' id='word_1_312' title='bbox 721 1566 730 1579; x_wconf 90' lang='lat'>‚</span> <span class='ocrx_word' id='word_1_313' title='bbox 750 1555 802 1576; x_wconf 87' lang='lat' dir='ltr'>aut</span> <span class='ocrx_word' id='word_1_314' title='bbox 811 1555 881 1575; x_wconf 79' lang='lat' dir='ltr'>eum</span> <span class='ocrx_word' id='word_1_315' title='bbox 893 1565 901 1578; x_wconf 93' lang='lat'>,</span> <span class='ocrx_word' id='word_1_316' title='bbox 922 1554 1013 1585; x_wconf 90' lang='lat' dir='ltr'>quem</span> <span class='ocrx_word' id='word_1_317' title='bbox 1028 1555 1084 1575; x_wconf 87' lang='lat' dir='ltr'>vos</span> 
     </span>
     <span class='ocr_line' id='line_1_36' title="bbox 123 1586 1085 1629; baseline -0.001 -11"><span class='ocrx_word' id='word_1_318' title='bbox 123 1589 217 1619; x_wconf 84' lang='lat' dir='ltr'>etiam</span> <span class='ocrx_word' id='word_1_319' title='bbox 239 1590 348 1618; x_wconf 85' lang='lat' dir='ltr'>Romae</span> <span class='ocrx_word' id='word_1_320' title='bbox 358 1586 475 1618; x_wconf 88' lang='lat' dir='ltr'>vidistis</span> <span class='ocrx_word' id='word_1_321' title='bbox 487 1608 496 1621; x_wconf 94' lang='lat'>,</span> <span class='ocrx_word' id='word_1_322' title='bbox 515 1589 688 1629; x_wconf 78' lang='lat' dir='ltr'>Diogenem</span> <span class='ocrx_word' id='word_1_323' title='bbox 699 1589 833 1619; x_wconf 90' lang='lat' dir='ltr'>Stoicum</span> <span class='ocrx_word' id='word_1_324' title='bbox 844 1607 852 1621; x_wconf 92' lang='lat'>,</span> <span class='ocrx_word' id='word_1_325' title='bbox 870 1588 969 1628; x_wconf 82' lang='lat' dir='ltr'>coegit</span> <span class='ocrx_word' id='word_1_326' title='bbox 982 1588 1013 1616; x_wconf 92' lang='lat' dir='ltr'>in</span> <span class='ocrx_word' id='word_1_327' title='bbox 1025 1587 1085 1617; x_wconf 92' lang='lat' dir='ltr'>suis</span> 
     </span>
     <span class='ocr_line' id='line_1_37' title="bbox 126 1627 1082 1660; baseline -0.003 0"><span class='ocrx_word' id='word_1_328' title='bbox 126 1629 234 1660; x_wconf 84' lang='lat' dir='ltr'>studiis</span> <span class='ocrx_word' id='word_1_329' title='bbox 251 1629 457 1660; x_wconf 89' lang='lat' dir='ltr'>obmutescere</span> <span class='ocrx_word' id='word_1_330' title='bbox 474 1628 608 1659; x_wconf 68' lang='lat' dir='ltr'>sene&amp;us</span> <span class='ocrx_word' id='word_1_331' title='bbox 620 1631 631 1658; x_wconf 92' lang='lat'>?</span> <span class='ocrx_word' id='word_1_332' title='bbox 649 1628 664 1649; x_wconf 76' lang='lat'><strong><em>⁶</em></strong></span> <span class='ocrx_word' id='word_1_333' title='bbox 673 1639 710 1659; x_wconf 91' lang='lat' dir='ltr'>an</span> <span class='ocrx_word' id='word_1_334' title='bbox 721 1632 753 1659; x_wconf 90' lang='lat' dir='ltr'>in</span> <span class='ocrx_word' id='word_1_335' title='bbox 763 1628 907 1660; x_wconf 89' lang='lat' dir='ltr'>omnibus</span> <span class='ocrx_word' id='word_1_336' title='bbox 917 1631 955 1658; x_wconf 88' lang='lat' dir='ltr'>iis</span> <span class='ocrx_word' id='word_1_337' title='bbox 966 1627 1082 1658; x_wconf 87' lang='lat' dir='ltr'>studio-</span> 
     </span>
     <span class='ocr_line' id='line_1_38' title="bbox 124 1669 1082 1712; baseline -0.002 -10"><span class='ocrx_word' id='word_1_338' title='bbox 124 1681 194 1703; x_wconf 83' lang='lat' dir='ltr'>rum</span> <span class='ocrx_word' id='word_1_339' title='bbox 203 1673 328 1712; x_wconf 70' lang='lat' dir='ltr'>agitatio</span> <span class='ocrx_word' id='word_1_340' title='bbox 336 1691 345 1705; x_wconf 98' lang='lat'>,</span> <span class='ocrx_word' id='word_1_341' title='bbox 357 1672 426 1700; x_wconf 83' lang='lat' dir='ltr'>vitae</span> <span class='ocrx_word' id='word_1_342' title='bbox 435 1671 557 1710; x_wconf 84' lang='lat' dir='ltr'>aequalis</span> <span class='ocrx_word' id='word_1_343' title='bbox 567 1669 647 1700; x_wconf 78' lang='lat' dir='ltr'>fuit?</span> <span class='ocrx_word' id='word_1_344' title='bbox 668 1670 732 1711; x_wconf 74' lang='lat' dir='ltr'>Age</span> <span class='ocrx_word' id='word_1_345' title='bbox 744 1690 753 1704; x_wconf 65' lang='lat' dir='ltr'>a</span> <span class='ocrx_word' id='word_1_346' title='bbox 765 1679 798 1701; x_wconf 94' lang='lat' dir='ltr'>ut</span> <span class='ocrx_word' id='word_1_347' title='bbox 809 1669 862 1700; x_wconf 85' lang='lat' dir='ltr'>ista</span> <span class='ocrx_word' id='word_1_348' title='bbox 872 1670 976 1700; x_wconf 87' lang='lat' dir='ltr'>divina</span> <span class='ocrx_word' id='word_1_349' title='bbox 985 1669 1082 1702; x_wconf 86' lang='lat' dir='ltr'>studia</span> 
     </span>
     <span class='ocr_line' id='line_1_39' title="bbox 126 1710 1080 1753; baseline 0 -10"><span class='ocrx_word' id='word_1_350' title='bbox 126 1715 304 1743; x_wconf 86' lang='lat' dir='ltr'>omittamus</span> <span class='ocrx_word' id='word_1_351' title='bbox 315 1733 323 1747; x_wconf 89' lang='lat'>‚</span> <span class='ocrx_word' id='word_1_352' title='bbox 334 1710 454 1753; x_wconf 82' lang='lat' dir='ltr'>poffum</span> <span class='ocrx_word' id='word_1_353' title='bbox 466 1713 625 1741; x_wconf 83' lang='lat' dir='ltr'>nominare</span> <span class='ocrx_word' id='word_1_354' title='bbox 635 1722 673 1741; x_wconf 85' lang='lat' dir='ltr'>ex</span> <span class='ocrx_word' id='word_1_355' title='bbox 682 1722 752 1753; x_wconf 88' lang='lat' dir='ltr'>agro</span> <span class='ocrx_word' id='word_1_356' title='bbox 760 1712 871 1743; x_wconf 90' lang='lat' dir='ltr'>Sabino</span> <span class='ocrx_word' id='word_1_357' title='bbox 879 1710 1003 1742; x_wconf 88' lang='lat' dir='ltr'>rusticos</span> <span class='ocrx_word' id='word_1_358' title='bbox 1013 1715 1080 1745; x_wconf 90' lang='lat' dir='ltr'>Ro-</span> 
     </span>
     <span class='ocr_line' id='line_1_40' title="bbox 123 1752 1079 1798; baseline -0.003 -12"><span class='ocrx_word' id='word_1_359' title='bbox 123 1765 233 1786; x_wconf 89' lang='lat' dir='ltr'>manos</span> <span class='ocrx_word' id='word_1_360' title='bbox 248 1756 366 1785; x_wconf 88' lang='lat' dir='ltr'>vicinos</span> <span class='ocrx_word' id='word_1_361' title='bbox 376 1774 386 1787; x_wconf 83' lang='lat'>,</span> <span class='ocrx_word' id='word_1_362' title='bbox 407 1753 440 1783; x_wconf 87' lang='lat'>&amp;</span> <span class='ocrx_word' id='word_1_363' title='bbox 451 1752 623 1783; x_wconf 88' lang='lat' dir='ltr'>familiareis</span> <span class='ocrx_word' id='word_1_364' title='bbox 634 1763 722 1783; x_wconf 87' lang='lat' dir='ltr'>meos</span> <span class='ocrx_word' id='word_1_365' title='bbox 734 1773 742 1787; x_wconf 91' lang='lat'>,</span> <span class='ocrx_word' id='word_1_366' title='bbox 763 1762 888 1790; x_wconf 53' lang='lat' dir='ltr'>0411an</span> <span class='ocrx_word' id='word_1_367' title='bbox 895 1753 1079 1798; x_wconf 51' lang='lat' dir='ltr'>absentibus,</span> 
     </span>
     <span class='ocr_line' id='line_1_41' title="bbox 121 1793 1078 1837; baseline 0 -11"><span class='ocrx_word' id='word_1_368' title='bbox 121 1806 292 1837; x_wconf 86' lang='lat' dir='ltr'>numquam</span> <span class='ocrx_word' id='word_1_369' title='bbox 304 1795 366 1826; x_wconf 74' lang='lat' dir='ltr'>fere</span> <span class='ocrx_word' id='word_1_370' title='bbox 377 1795 437 1825; x_wconf 87' lang='lat' dir='ltr'>ulla</span> <span class='ocrx_word' id='word_1_371' title='bbox 448 1799 480 1825; x_wconf 88' lang='lat' dir='ltr'>in</span> <span class='ocrx_word' id='word_1_372' title='bbox 493 1805 562 1835; x_wconf 85' lang='lat' dir='ltr'>agro</span> <span class='ocrx_word' id='word_1_373' title='bbox 576 1796 687 1835; x_wconf 81' lang='lat' dir='ltr'>majora</span> <span class='ocrx_word' id='word_1_374' title='bbox 700 1804 788 1834; x_wconf 88' lang='lat' dir='ltr'>opera</span> <span class='ocrx_word' id='word_1_375' title='bbox 798 1793 873 1824; x_wconf 85' lang='lat' dir='ltr'>fiunt</span> <span class='ocrx_word' id='word_1_376' title='bbox 882 1814 891 1828; x_wconf 92' lang='lat'><em>‚</em></span> <span class='ocrx_word' id='word_1_377' title='bbox 903 1804 968 1825; x_wconf 89' lang='lat' dir='ltr'>non</span> <span class='ocrx_word' id='word_1_378' title='bbox 979 1795 1078 1827; x_wconf 86' lang='lat' dir='ltr'>seren-</span> 
     </span>
     <span class='ocr_line' id='line_1_42' title="bbox 122 1835 1081 1878; baseline -0.002 -9"><span class='ocrx_word' id='word_1_379' title='bbox 122 1838 170 1869; x_wconf 88' lang='lat' dir='ltr'>dis</span> <span class='ocrx_word' id='word_1_380' title='bbox 181 1858 189 1871; x_wconf 85' lang='lat'>,</span> <span class='ocrx_word' id='word_1_381' title='bbox 210 1848 275 1868; x_wconf 90' lang='lat' dir='ltr'>non</span> <span class='ocrx_word' id='word_1_382' title='bbox 283 1837 482 1878; x_wconf 89' lang='lat' dir='ltr'>percipiendis</span> <span class='ocrx_word' id='word_1_383' title='bbox 496 1857 505 1870; x_wconf 89' lang='lat'>,</span> <span class='ocrx_word' id='word_1_384' title='bbox 524 1847 588 1867; x_wconf 89' lang='lat' dir='ltr'>non</span> <span class='ocrx_word' id='word_1_385' title='bbox 608 1836 776 1867; x_wconf 86' lang='lat' dir='ltr'>condendis</span> <span class='ocrx_word' id='word_1_386' title='bbox 794 1835 952 1866; x_wconf 66' lang='lat' dir='ltr'>frustibus.</span> <span class='ocrx_word' id='word_1_387' title='bbox 974 1846 1081 1877; x_wconf 89' lang='lat' dir='ltr'>quam—</span> 
     </span>
     <span class='ocr_line' id='line_1_43' title="bbox 121 1878 1077 1923; baseline -0.002 -12"><span class='ocrx_word' id='word_1_388' title='bbox 121 1890 215 1923; x_wconf 86' lang='lat' dir='ltr'>quam</span> <span class='ocrx_word' id='word_1_389' title='bbox 234 1881 267 1910; x_wconf 87' lang='lat' dir='ltr'>in</span> <span class='ocrx_word' id='word_1_390' title='bbox 286 1880 347 1910; x_wconf 88' lang='lat' dir='ltr'>illis</span> <span class='ocrx_word' id='word_1_391' title='bbox 365 1878 470 1909; x_wconf 81' lang='lat' dir='ltr'>minus</span> <span class='ocrx_word' id='word_1_392' title='bbox 489 1879 547 1909; x_wconf 91' lang='lat' dir='ltr'>hoc</span> <span class='ocrx_word' id='word_1_393' title='bbox 565 1880 687 1908; x_wconf 87' lang='lat' dir='ltr'>mirum.</span> <span class='ocrx_word' id='word_1_394' title='bbox 710 1888 805 1908; x_wconf 80' lang='lat' dir='ltr'>NEMO</span> <span class='ocrx_word' id='word_1_395' title='bbox 812 1879 897 1908; x_wconf 87' lang='lat' dir='ltr'>enim</span> <span class='ocrx_word' id='word_1_396' title='bbox 907 1878 950 1908; x_wconf 88' lang='lat' dir='ltr'>est</span> <span class='ocrx_word' id='word_1_397' title='bbox 959 1879 1077 1909; x_wconf 76' lang='lat' dir='ltr'>ramse-</span> 
     </span>
     <span class='ocr_line' id='line_1_44' title="bbox 117 1919 1077 1963; baseline -0.002 -10"><span class='ocrx_word' id='word_1_398' title='bbox 117 1925 184 1954; x_wconf 73' lang='lat' dir='ltr'>‘nex</span> <span class='ocrx_word' id='word_1_399' title='bbox 194 1942 202 1956; x_wconf 89' lang='lat'>,</span> <span class='ocrx_word' id='word_1_400' title='bbox 214 1923 265 1963; x_wconf 83' lang='lat' dir='ltr'>qui</span> <span class='ocrx_word' id='word_1_401' title='bbox 278 1922 306 1952; x_wconf 88' lang='lat' dir='ltr'>se</span> <span class='ocrx_word' id='word_1_402' title='bbox 316 1930 431 1951; x_wconf 87' lang='lat' dir='ltr'>annum</span> <span class='ocrx_word' id='word_1_403' title='bbox 443 1930 504 1950; x_wconf 91' lang='lat' dir='ltr'>non</span> <span class='ocrx_word' id='word_1_404' title='bbox 513 1929 597 1960; x_wconf 86' lang='lat' dir='ltr'>putet</span> <span class='ocrx_word' id='word_1_405' title='bbox 606 1919 685 1960; x_wconf 81' lang='lat' dir='ltr'>posse</span> <span class='ocrx_word' id='word_1_406' title='bbox 694 1922 810 1950; x_wconf 90' lang='lat' dir='ltr'>vivere:</span> <span class='ocrx_word' id='word_1_407' title='bbox 827 1919 876 1950; x_wconf 88' lang='lat' dir='ltr'>sed</span> <span class='ocrx_word' id='word_1_408' title='bbox 887 1920 981 1950; x_wconf 86' lang='lat' dir='ltr'>iidem</span> <span class='ocrx_word' id='word_1_409' title='bbox 991 1920 1077 1951; x_wconf 85' lang='lat' dir='ltr'>labo-</span> 
     </span>
     <span class='ocr_line' id='line_1_45' title="bbox 121 1962 977 2004; baseline -0.004 -9"><span class='ocrx_word' id='word_1_410' title='bbox 121 1973 189 1995; x_wconf 78' lang='lat' dir='ltr'>rant</span> <span class='ocrx_word' id='word_1_411' title='bbox 198 1965 232 1994; x_wconf 87' lang='lat' dir='ltr'>in</span> <span class='ocrx_word' id='word_1_412' title='bbox 242 1965 285 1994; x_wconf 87' lang='lat' dir='ltr'>eis</span> <span class='ocrx_word' id='word_1_413' title='bbox 297 1983 305 1996; x_wconf 90' lang='lat'><strong><em>‚</em></strong></span> <span class='ocrx_word' id='word_1_414' title='bbox 325 1973 391 2004; x_wconf 84' lang='lat' dir='ltr'>quae</span> <span class='ocrx_word' id='word_1_415' title='bbox 400 1963 499 1992; x_wconf 85' lang='lat' dir='ltr'>sciunt</span> <span class='ocrx_word' id='word_1_416' title='bbox 509 1963 587 1991; x_wconf 89' lang='lat' dir='ltr'>nihil</span> <span class='ocrx_word' id='word_1_417' title='bbox 598 1964 728 1992; x_wconf 88' lang='lat' dir='ltr'>omnino</span> <span class='ocrx_word' id='word_1_418' title='bbox 739 1962 774 1992; x_wconf 87' lang='lat' dir='ltr'>ad</span> <span class='ocrx_word' id='word_1_419' title='bbox 785 1962 813 1992; x_wconf 86' lang='lat' dir='ltr'>se</span> <span class='ocrx_word' id='word_1_420' title='bbox 822 1962 977 2001; x_wconf 64' lang='lat' dir='ltr'>pertinere„</span> 
     </span>
     <span class='ocr_line' id='line_1_46' title="bbox 214 2003 1017 2045; baseline -0.005 -10"><span class='ocrx_word' id='word_1_421' title='bbox 214 2005 317 2036; x_wconf 78' lang='lat' dir='ltr'>Serum</span> <span class='ocrx_word' id='word_1_422' title='bbox 328 2003 434 2034; x_wconf 85' lang='lat' dir='ltr'>arbores</span> <span class='ocrx_word' id='word_1_423' title='bbox 446 2024 454 2037; x_wconf 89' lang='lat'>‚</span> <span class='ocrx_word' id='word_1_424' title='bbox 473 2014 532 2045; x_wconf 80' lang='lat' dir='ltr'>quae</span> <span class='ocrx_word' id='word_1_425' title='bbox 542 2003 625 2033; x_wconf 78' lang='lat' dir='ltr'>alteri</span> <span class='ocrx_word' id='word_1_426' title='bbox 630 2004 726 2043; x_wconf 70' lang='lat' dir='ltr'>fieculo</span> <span class='ocrx_word' id='word_1_427' title='bbox 733 2003 838 2045; x_wconf 77' lang='lat' dir='ltr'>prosint</span> <span class='ocrx_word' id='word_1_428' title='bbox 846 2024 855 2037; x_wconf 85' lang='lat'>‚</span> <span class='ocrx_word' id='word_1_429' title='bbox 1015 2005 1017 2008; x_wconf 83' lang='lat'>&#39;</span> 
     </span>
     <span class='ocr_line' id='line_1_47' title="bbox 120 2043 1076 2087; baseline -0.002 -9"><span class='ocrx_word' id='word_1_430' title='bbox 120 2047 202 2078; x_wconf 88' lang='lat' dir='ltr'>utait</span> <span class='ocrx_word' id='word_1_431' title='bbox 214 2049 323 2078; x_wconf 88' lang='lat' dir='ltr'>Statius</span> <span class='ocrx_word' id='word_1_432' title='bbox 332 2045 434 2076; x_wconf 88' lang='lat' dir='ltr'>noster</span> <span class='ocrx_word' id='word_1_433' title='bbox 446 2048 478 2075; x_wconf 87' lang='lat' dir='ltr'>in</span> <span class='ocrx_word' id='word_1_434' title='bbox 489 2047 683 2086; x_wconf 86' lang='lat' dir='ltr'>Synephebis.</span> <span class='ocrx_word' id='word_1_435' title='bbox 708 2048 774 2075; x_wconf 86' lang='lat' dir='ltr'>Nec</span> <span class='ocrx_word' id='word_1_436' title='bbox 791 2045 864 2075; x_wconf 74' lang='lat' dir='ltr'>vero</span> <span class='ocrx_word' id='word_1_437' title='bbox 875 2043 991 2075; x_wconf 79' lang='lat' dir='ltr'>dubitet</span> <span class='ocrx_word' id='word_1_438' title='bbox 999 2047 1076 2087; x_wconf 85' lang='lat' dir='ltr'>agri-</span> 
     </span>
     <span class='ocr_line' id='line_1_48' title="bbox 119 2086 1076 2129; baseline 0.001 -12"><span class='ocrx_word' id='word_1_439' title='bbox 119 2090 187 2120; x_wconf 83' lang='lat' dir='ltr'>cola</span> <span class='ocrx_word' id='word_1_440' title='bbox 197 2109 206 2124; x_wconf 93' lang='lat'>,</span> <span class='ocrx_word' id='word_1_441' title='bbox 229 2090 368 2129; x_wconf 86' lang='lat' dir='ltr'>quamvis</span> <span class='ocrx_word' id='word_1_442' title='bbox 388 2088 478 2118; x_wconf 86' lang='lat' dir='ltr'>senex</span> <span class='ocrx_word' id='word_1_443' title='bbox 487 2107 495 2120; x_wconf 91' lang='lat'>‚</span> <span class='ocrx_word' id='word_1_444' title='bbox 524 2090 668 2128; x_wconf 85' lang='lat' dir='ltr'>quaerenti</span> <span class='ocrx_word' id='word_1_445' title='bbox 681 2107 689 2120; x_wconf 91' lang='lat'>,</span> <span class='ocrx_word' id='word_1_446' title='bbox 709 2088 857 2120; x_wconf 66' lang='lat' dir='ltr'>euiscerat,</span> <span class='ocrx_word' id='word_1_447' title='bbox 878 2086 1056 2126; x_wconf 89' lang='lat' dir='ltr'>respondere</span> <span class='ocrx_word' id='word_1_448' title='bbox 1069 2098 1076 2118; x_wconf 74' lang='grc' dir='ltr'>ε</span> 
     </span>
    </p>
   </div>
   <div class='ocr_carea' id='block_1_3' title="bbox 122 2124 1094 2170">
    <p class='ocr_par' dir='ltr' id='par_1_3' title="bbox 122 2124 1094 2170">
     <span class='ocr_line' id='line_1_49' title="bbox 122 2124 1094 2170; baseline -0.001 -11"><span class='ocrx_word' id='word_1_449' title='bbox 122 2131 188 2160; x_wconf 70' lang='lat' dir='ltr'>Diis</span> <span class='ocrx_word' id='word_1_450' title='bbox 207 2129 414 2160; x_wconf 64' lang='lat' dir='ltr'>immortalibus</span> <span class='ocrx_word' id='word_1_451' title='bbox 426 2148 434 2162; x_wconf 87' lang='lat'>,</span> <span class='ocrx_word' id='word_1_452' title='bbox 452 2130 504 2170; x_wconf 72' lang='lat' dir='ltr'>qui</span> <span class='ocrx_word' id='word_1_453' title='bbox 514 2139 557 2157; x_wconf 82' lang='lat' dir='ltr'>me</span> <span class='ocrx_word' id='word_1_454' title='bbox 565 2139 615 2158; x_wconf 77' lang='lat' dir='ltr'>non</span> <span class='ocrx_word' id='word_1_455' title='bbox 625 2130 743 2170; x_wconf 77' lang='lat' dir='ltr'>accipere</span> <span class='ocrx_word' id='word_1_456' title='bbox 750 2127 827 2158; x_wconf 66' lang='lat' dir='ltr'>modi»</span> <span class='ocrx_word' id='word_1_457' title='bbox 835 2130 887 2157; x_wconf 75' lang='lat' dir='ltr'>haec</span> <span class='ocrx_word' id='word_1_458' title='bbox 895 2124 913 2157; x_wconf 69' lang='lat' dir='ltr'>&gt;z</span> <span class='ocrx_word' id='word_1_459' title='bbox 924 2127 1075 2167; x_wconf 70' lang='lat' dir='ltr'>majoribus</span> <span class='ocrx_word' id='word_1_460' title='bbox 1092 2144 1094 2150; x_wconf 58' lang='lat' dir='ltr'>v</span> 
     </span>
    </p>
   </div>
   <div class='ocr_carea' id='block_1_4' title="bbox 81 2169 1075 2381">
    <p class='ocr_par' dir='ltr' id='par_1_4' title="bbox 81 2169 1075 2381">
     <span class='ocr_line' id='line_1_50' title="bbox 81 2169 1075 2214; baseline 0 -13"><span class='ocrx_word' id='word_1_461' title='bbox 81 2179 100 2214; x_wconf 75' lang='lat'><strong>3</strong></span> <span class='ocrx_word' id='word_1_462' title='bbox 122 2172 289 2207; x_wconf 77' lang='lat' dir='ltr'>voluerunt,</span> <span class='ocrx_word' id='word_1_463' title='bbox 307 2172 356 2212; x_wconf 67' lang='lat' dir='ltr'>fid</span> <span class='ocrx_word' id='word_1_464' title='bbox 371 2173 459 2202; x_wconf 68' lang='lat' dir='ltr'>etiam</span> <span class='ocrx_word' id='word_1_465' title='bbox 474 2169 583 2211; x_wconf 72' lang='lat' dir='ltr'>posteris</span> <span class='ocrx_word' id='word_1_466' title='bbox 597 2171 716 2211; x_wconf 80' lang='lat' dir='ltr'>prodere.</span> <span class='ocrx_word' id='word_1_467' title='bbox 748 2170 862 2200; x_wconf 79' lang='lat' dir='ltr'>Melius</span> <span class='ocrx_word' id='word_1_468' title='bbox 883 2172 1021 2201; x_wconf 81' lang='lat' dir='ltr'>Caecilius</span> <span class='ocrx_word' id='word_1_469' title='bbox 1038 2171 1075 2202; x_wconf 90' lang='lat' dir='ltr'>de</span> 
     </span>
     <span class='ocr_line' id='line_1_51' title="bbox 117 2211 940 2253; baseline -0.004 -8"><span class='ocrx_word' id='word_1_470' title='bbox 117 2214 188 2245; x_wconf 74' lang='lat' dir='ltr'>stne</span> <span class='ocrx_word' id='word_1_471' title='bbox 202 2215 286 2244; x_wconf 87' lang='lat' dir='ltr'>alteri</span> <span class='ocrx_word' id='word_1_472' title='bbox 295 2215 394 2245; x_wconf 91' lang='lat' dir='ltr'>seculo</span> <span class='ocrx_word' id='word_1_473' title='bbox 403 2213 601 2253; x_wconf 87' lang='lat' dir='ltr'>prospiciente</span> <span class='ocrx_word' id='word_1_474' title='bbox 611 2231 621 2246; x_wconf 85' lang='lat'>‚</span> <span class='ocrx_word' id='word_1_475' title='bbox 639 2213 729 2252; x_wconf 54' lang='lat' dir='ltr'>quim</span> <span class='ocrx_word' id='word_1_476' title='bbox 740 2212 827 2245; x_wconf 82' lang='lat' dir='ltr'>illud,</span> <span class='ocrx_word' id='word_1_477' title='bbox 840 2211 940 2242; x_wconf 88' lang='lat' dir='ltr'>idem:</span> 
     </span>
     <span class='ocr_line' id='line_1_52' title="bbox 212 2253 942 2298; baseline -0.005 -12"><span class='ocrx_word' id='word_1_478' title='bbox 212 2253 472 2298; x_wconf 66' lang='lat' dir='ltr'>‹AEdepolfhnec&#39;bus</span> <span class='ocrx_word' id='word_1_479' title='bbox 482 2274 490 2288; x_wconf 92' lang='lat'>,</span> <span class='ocrx_word' id='word_1_480' title='bbox 496 2253 602 2294; x_wconf 80' lang='lat' dir='ltr'>finthil</span> <span class='ocrx_word' id='word_1_481' title='bbox 610 2254 770 2295; x_wconf 74' lang='lat' dir='ltr'>quidquam</span> <span class='ocrx_word' id='word_1_482' title='bbox 779 2253 860 2283; x_wconf 73' lang='lat' dir='ltr'>aliud</span> <span class='ocrx_word' id='word_1_483' title='bbox 868 2254 942 2282; x_wconf 72' lang='lat' dir='ltr'>vitii</span> 
     </span>
     <span class='ocr_line' id='line_1_53' title="bbox 210 2294 956 2338; baseline -0.004 -11"><span class='ocrx_word' id='word_1_484' title='bbox 210 2300 268 2338; x_wconf 59' lang='grc' dir='ltr'>«ΛΡ</span> <span class='ocrx_word' id='word_1_485' title='bbox 287 2305 357 2327; x_wconf 83' lang='lat' dir='ltr'>ortes</span> <span class='ocrx_word' id='word_1_486' title='bbox 368 2305 460 2326; x_wconf 81' lang='lat' dir='ltr'>tecum</span> <span class='ocrx_word' id='word_1_487' title='bbox 470 2315 477 2329; x_wconf 90' lang='lat'>,</span> <span class='ocrx_word' id='word_1_488' title='bbox 491 2295 556 2325; x_wconf 66' lang='lat' dir='ltr'>ciem</span> <span class='ocrx_word' id='word_1_489' title='bbox 564 2296 693 2330; x_wconf 51' lang='lat' dir='ltr'>adventu</span> <span class='ocrx_word' id='word_1_490' title='bbox 713 2305 801 2325; x_wconf 80' lang='lat' dir='ltr'>unum</span> <span class='ocrx_word' id='word_1_491' title='bbox 811 2295 891 2334; x_wconf 76' lang='lat' dir='ltr'>rdfizt</span> <span class='ocrx_word' id='word_1_492' title='bbox 901 2294 956 2329; x_wconf 61' lang='lat' dir='ltr'>eff,</span> 
     </span>
     <span class='ocr_line' id='line_1_54' title="bbox 209 2337 941 2381; baseline -0.004 -12"><span class='ocrx_word' id='word_1_493' title='bbox 209 2339 297 2381; x_wconf 84' lang='lat' dir='ltr'>Qod</span> <span class='ocrx_word' id='word_1_494' title='bbox 305 2340 355 2369; x_wconf 85' lang='lat' dir='ltr'>diu</span> <span class='ocrx_word' id='word_1_495' title='bbox 362 2337 493 2371; x_wconf 79' lang='lat' dir='ltr'>vivendo,</span> <span class='ocrx_word' id='word_1_496' title='bbox 505 2337 598 2366; x_wconf 69' lang='lat' dir='ltr'>rnut&#39;ta</span> <span class='ocrx_word' id='word_1_497' title='bbox 606 2356 614 2371; x_wconf 87' lang='lat'>,</span> <span class='ocrx_word' id='word_1_498' title='bbox 623 2347 682 2377; x_wconf 69' lang='lat' dir='ltr'>que.</span> <span class='ocrx_word' id='word_1_499' title='bbox 690 2349 742 2367; x_wconf 81' lang='lat' dir='ltr'>non</span> <span class='ocrx_word' id='word_1_500' title='bbox 751 2337 812 2367; x_wconf 80' lang='lat' dir='ltr'>volt</span> <span class='ocrx_word' id='word_1_501' title='bbox 820 2357 829 2371; x_wconf 89' lang='lat'>,</span> <span class='ocrx_word' id='word_1_502' title='bbox 850 2337 941 2366; x_wconf 77' lang='lat' dir='ltr'>vider.</span> 
     </span>
    </p>
   </div>
   <div class='ocr_carea' id='block_1_5' title="bbox 112 2379 1071 2463">
    <p class='ocr_par' dir='ltr' id='par_1_5' title="bbox 112 2379 1071 2463">
     <span class='ocr_line' id='line_1_55' title="bbox 114 2379 1071 2420; baseline -0.004 -8"><span class='ocrx_word' id='word_1_503' title='bbox 114 2384 154 2413; x_wconf 88' lang='lat' dir='ltr'>Et</span> <span class='ocrx_word' id='word_1_504' title='bbox 169 2382 262 2410; x_wconf 83' lang='lat' dir='ltr'>multa</span> <span class='ocrx_word' id='word_1_505' title='bbox 275 2379 392 2412; x_wconf 86' lang='lat' dir='ltr'>fortasse</span> <span class='ocrx_word' id='word_1_506' title='bbox 403 2400 412 2413; x_wconf 92' lang='lat'>,</span> <span class='ocrx_word' id='word_1_507' title='bbox 429 2389 490 2420; x_wconf 77' lang='lat' dir='ltr'>qua</span> <span class='ocrx_word' id='word_1_508' title='bbox 499 2380 565 2409; x_wconf 82' lang='lat' dir='ltr'>vult</span> <span class='ocrx_word' id='word_1_509' title='bbox 574 2390 586 2406; x_wconf 93' lang='lat'><em>:</em></span> <span class='ocrx_word' id='word_1_510' title='bbox 598 2388 684 2419; x_wconf 89' lang='lat' dir='ltr'>atque</span> <span class='ocrx_word' id='word_1_511' title='bbox 697 2382 728 2410; x_wconf 89' lang='lat' dir='ltr'>in</span> <span class='ocrx_word' id='word_1_512' title='bbox 739 2390 771 2410; x_wconf 79' lang='lat' dir='ltr'>ea</span> <span class='ocrx_word' id='word_1_513' title='bbox 780 2379 904 2420; x_wconf 90' lang='lat' dir='ltr'>quidem</span> <span class='ocrx_word' id='word_1_514' title='bbox 916 2398 925 2412; x_wconf 96' lang='lat'>,</span> <span class='ocrx_word' id='word_1_515' title='bbox 950 2388 1009 2419; x_wconf 65' lang='lat' dir='ltr'>qua</span> <span class='ocrx_word' id='word_1_516' title='bbox 1019 2390 1071 2408; x_wconf 84' lang='lat' dir='ltr'>non</span> 
     </span>
     <span class='ocr_line' id='line_1_56' title="bbox 112 2419 1069 2463; baseline -0.001 -11"><span class='ocrx_word' id='word_1_517' title='bbox 112 2423 201 2456; x_wconf 77' lang='lat' dir='ltr'>vult,</span> <span class='ocrx_word' id='word_1_518' title='bbox 222 2424 297 2463; x_wconf 85' lang='lat' dir='ltr'>saepe</span> <span class='ocrx_word' id='word_1_519' title='bbox 317 2425 409 2453; x_wconf 88' lang='lat' dir='ltr'>etiam</span> <span class='ocrx_word' id='word_1_520' title='bbox 429 2421 627 2452; x_wconf 84' lang='lat' dir='ltr'>adolescentia</span> <span class='ocrx_word' id='word_1_521' title='bbox 648 2422 786 2453; x_wconf 83' lang='lat' dir='ltr'>incurrit.</span> <span class='ocrx_word' id='word_1_522' title='bbox 808 2419 888 2451; x_wconf 85' lang='lat' dir='ltr'>Illud</span> <span class='ocrx_word' id='word_1_523' title='bbox 902 2422 974 2451; x_wconf 78' lang='lat' dir='ltr'>vero</span> <span class='ocrx_word' id='word_1_524' title='bbox 987 2421 1069 2451; x_wconf 89' lang='lat' dir='ltr'>idem</span> 
     </span>
    </p>
   </div>
   <div class='ocr_carea' id='block_1_6' title="bbox 108 2463 419 2496">
    <p class='ocr_par' dir='ltr' id='par_1_6' title="bbox 108 2463 419 2496">
     <span class='ocr_line' id='line_1_57' title="bbox 108 2463 419 2496; baseline -0.01 0"><span class='ocrx_word' id='word_1_525' title='bbox 108 2465 250 2496; x_wconf 78' lang='lat' dir='ltr'>&#39;Caecilius</span> <span class='ocrx_word' id='word_1_526' title='bbox 261 2463 397 2496; x_wconf 74' lang='lat' dir='ltr'>vitiosius</span> <span class='ocrx_word' id='word_1_527' title='bbox 413 2473 419 2493; x_wconf 92' lang='lat'><strong>:</strong></span> 
     </span>
    </p>
   </div>
   <div class='ocr_carea' id='block_1_7' title="bbox 113 2569 1075 2678">
    <p class='ocr_par' dir='ltr' id='par_1_7' title="bbox 113 2569 1075 2678">
     <span class='ocr_line' id='line_1_58' title="bbox 114 2569 1073 2604; baseline 0 -9"><span class='ocrx_word' id='word_1_528' title='bbox 114 2575 116 2577; x_wconf 75' lang='grc'><strong><em>’</em></strong></span> <span class='ocrx_word' id='word_1_529' title='bbox 155 2578 177 2595; x_wconf 88' lang='lat'>1.</span> <span class='ocrx_word' id='word_1_530' title='bbox 198 2574 236 2596; x_wconf 81' lang='lat' dir='ltr'>Sic</span> <span class='ocrx_word' id='word_1_531' title='bbox 246 2573 305 2596; x_wconf 81' lang='lat' dir='ltr'>enim</span> <span class='ocrx_word' id='word_1_532' title='bbox 317 2571 513 2604; x_wconf 58' lang='lat' dir='ltr'>per-contamina]</span> <span class='ocrx_word' id='word_1_533' title='bbox 535 2571 576 2596; x_wconf 83' lang='lat' dir='ltr'>Ita</span> <span class='ocrx_word' id='word_1_534' title='bbox 585 2580 676 2597; x_wconf 81' lang='lat' dir='ltr'>omnes</span> <span class='ocrx_word' id='word_1_535' title='bbox 690 2570 749 2596; x_wconf 86' lang='lat' dir='ltr'>libri</span> <span class='ocrx_word' id='word_1_536' title='bbox 763 2589 771 2602; x_wconf 86' lang='lat'>‚</span> <span class='ocrx_word' id='word_1_537' title='bbox 781 2571 818 2596; x_wconf 78' lang='lat' dir='ltr'>:nt</span> <span class='ocrx_word' id='word_1_538' title='bbox 829 2570 946 2604; x_wconf 82' lang='lat' dir='ltr'>Langins</span> <span class='ocrx_word' id='word_1_539' title='bbox 958 2588 966 2600; x_wconf 85' lang='lat'>,</span> <span class='ocrx_word' id='word_1_540' title='bbox 977 2569 1073 2604; x_wconf 84' lang='lat' dir='ltr'>quibus</span> 
     </span>
     <span class='ocr_line' id='line_1_59' title="bbox 113 2605 1075 2641; baseline -0.001 -9"><span class='ocrx_word' id='word_1_541' title='bbox 113 2605 283 2632; x_wconf 72' lang='lat' dir='ltr'>conlentiunt</span> <span class='ocrx_word' id='word_1_542' title='bbox 295 2606 388 2632; x_wconf 81' lang='lat' dir='ltr'>Aldini</span> <span class='ocrx_word' id='word_1_543' title='bbox 401 2625 409 2637; x_wconf 84' lang='lat'><strong>‚</strong></span> <span class='ocrx_word' id='word_1_544' title='bbox 427 2605 622 2637; x_wconf 66' lang='lat' dir='ltr'>Gulielmium,</span> <span class='ocrx_word' id='word_1_545' title='bbox 646 2608 673 2632; x_wconf 69' lang='lat'>8&lt;</span> <span class='ocrx_word' id='word_1_546' title='bbox 692 2606 818 2632; x_wconf 77' lang='lat' dir='ltr'>Palatini.</span> <span class='ocrx_word' id='word_1_547' title='bbox 836 2606 958 2641; x_wconf 79' lang='lat' dir='ltr'>intellige</span> <span class='ocrx_word' id='word_1_548' title='bbox 976 2606 1026 2634; x_wconf 67' lang='lat' dir='ltr'>lm&gt;</span> <span class='ocrx_word' id='word_1_549' title='bbox 1042 2611 1075 2632; x_wconf 68' lang='grc' dir='ltr'><strong><em>τέ</em></strong></span> 
     </span>
     <span class='ocr_line' id='line_1_60' title="bbox 115 2642 1071 2678; baseline -0.001 -9"><span class='ocrx_word' id='word_1_550' title='bbox 115 2647 178 2669; x_wconf 60' lang='grc' dir='ltr'><strong><em>κοινᾷ</em></strong></span> <span class='ocrx_word' id='word_1_551' title='bbox 187 2644 298 2668; x_wconf 78' lang='lat' dir='ltr'>homines.</span> <span class='ocrx_word' id='word_1_552' title='bbox 319 2642 445 2677; x_wconf 82' lang='lat' dir='ltr'>publicati</span> <span class='ocrx_word' id='word_1_553' title='bbox 459 2642 588 2669; x_wconf 74' lang='lat' dir='ltr'>recentius</span> <span class='ocrx_word' id='word_1_554' title='bbox 595 2645 763 2675; x_wconf 64' lang='lat' dir='ltr'>per-cunilam}</span> <span class='ocrx_word' id='word_1_555' title='bbox 772 2654 779 2668; x_wconf 90' lang='lat'><em>:</em></span> <span class='ocrx_word' id='word_1_556' title='bbox 798 2650 857 2668; x_wconf 84' lang='lat' dir='ltr'>nam</span> <span class='ocrx_word' id='word_1_557' title='bbox 869 2643 896 2667; x_wconf 79' lang='lat' dir='ltr'>Sc</span> <span class='ocrx_word' id='word_1_558' title='bbox 906 2642 1071 2678; x_wconf 81' lang='lat' dir='ltr'>antiquiores</span> 
     </span>
    </p>
   </div>
   <div class='ocr_carea' id='block_1_8' title="bbox 115 2677 1072 2750">
    <p class='ocr_par' dir='ltr' id='par_1_8' title="bbox 115 2677 1072 2750">
     <span class='ocr_line' id='line_1_61' title="bbox 115 2677 459 2714; baseline -0.003 -9"><span class='ocrx_word' id='word_1_559' title='bbox 115 2678 184 2705; x_wconf 71' lang='lat' dir='ltr'>stant</span> <span class='ocrx_word' id='word_1_560' title='bbox 195 2679 209 2704; x_wconf 70' lang='lat' dir='ltr'>a</span> <span class='ocrx_word' id='word_1_561' title='bbox 221 2679 307 2704; x_wconf 85' lang='lat' dir='ltr'>nostra</span> <span class='ocrx_word' id='word_1_562' title='bbox 321 2677 459 2714; x_wconf 46' lang='lat' dir='ltr'>{criptura</span> 
     </span>
     <span class='ocr_line' id='line_1_62' title="bbox 151 2712 1072 2750; baseline -0.001 -10"><span class='ocrx_word' id='word_1_563' title='bbox 151 2723 179 2740; x_wconf 85' lang='lat'>2.</span> <span class='ocrx_word' id='word_1_564' title='bbox 199 2716 385 2740; x_wconf 66' lang='lat' dir='ltr'>‘Proventabant</span> <span class='ocrx_word' id='word_1_565' title='bbox 403 2713 534 2748; x_wconf 66' lang='lat' dir='ltr'>oratores]</span> <span class='ocrx_word' id='word_1_566' title='bbox 556 2714 599 2740; x_wconf 82' lang='lat' dir='ltr'>sic</span> <span class='ocrx_word' id='word_1_567' title='bbox 609 2713 708 2750; x_wconf 79' lang='lat' dir='ltr'>scripsit</span> <span class='ocrx_word' id='word_1_568' title='bbox 726 2716 740 2740; x_wconf 71' lang='grc' dir='ltr'>ἱ·</span> <span class='ocrx_word' id='word_1_569' title='bbox 751 2713 821 2740; x_wconf 80' lang='lat' dir='ltr'>libro</span> <span class='ocrx_word' id='word_1_570' title='bbox 831 2712 1002 2740; x_wconf 81' lang='lat' dir='ltr'>Celberdensi</span> <span class='ocrx_word' id='word_1_571' title='bbox 1013 2714 1072 2740; x_wconf 88' lang='lat' dir='ltr'>Gu-</span> 
     </span>
    </p>
   </div>
   <div class='ocr_carea' id='block_1_9' title="bbox 113 2749 1073 2863">
    <p class='ocr_par' dir='ltr' id='par_1_9' title="bbox 113 2749 1073 2863">
     <span class='ocr_line' id='line_1_63' title="bbox 113 2749 1071 2785; baseline 0 -10"><span class='ocrx_word' id='word_1_572' title='bbox 113 2749 244 2783; x_wconf 69' lang='lat' dir='ltr'>1iclnstus,</span> <span class='ocrx_word' id='word_1_573' title='bbox 255 2759 339 2785; x_wconf 86' lang='lat' dir='ltr'>neque</span> <span class='ocrx_word' id='word_1_574' title='bbox 349 2751 427 2776; x_wconf 83' lang='lat' dir='ltr'>aliter</span> <span class='ocrx_word' id='word_1_575' title='bbox 438 2750 495 2776; x_wconf 82' lang='lat' dir='ltr'>Pal.</span> <span class='ocrx_word' id='word_1_576' title='bbox 506 2749 610 2776; x_wconf 85' lang='lat' dir='ltr'>secund.</span> <span class='ocrx_word' id='word_1_577' title='bbox 624 2750 749 2776; x_wconf 65' lang='lat' dir='ltr'>haetenus</span> <span class='ocrx_word' id='word_1_578' title='bbox 759 2758 846 2776; x_wconf 77' lang='lat' dir='ltr'>tamen</span> <span class='ocrx_word' id='word_1_579' title='bbox 860 2769 869 2782; x_wconf 92' lang='lat'>,</span> <span class='ocrx_word' id='word_1_580' title='bbox 881 2757 910 2776; x_wconf 86' lang='lat' dir='ltr'>ut</span> <span class='ocrx_word' id='word_1_581' title='bbox 920 2751 947 2775; x_wconf 70' lang='grc' dir='ltr'>δε</span> <span class='ocrx_word' id='word_1_582' title='bbox 958 2750 1071 2776; x_wconf 84' lang='lat' dir='ltr'>alterurn</span> 
     </span>
     <span class='ocr_line' id='line_1_64' title="bbox 113 2785 1073 2821; baseline -0.001 -9"><span class='ocrx_word' id='word_1_583' title='bbox 113 2785 273 2817; x_wconf 76' lang='lat' dir='ltr'>admiserit,</span> <span class='ocrx_word' id='word_1_584' title='bbox 289 2788 477 2819; x_wconf 71' lang='lat' dir='ltr'>prawnchant5</span> <span class='ocrx_word' id='word_1_585' title='bbox 498 2786 568 2821; x_wconf 86' lang='lat' dir='ltr'>quod</span> <span class='ocrx_word' id='word_1_586' title='bbox 589 2787 614 2812; x_wconf 90' lang='lat' dir='ltr'>in</span> <span class='ocrx_word' id='word_1_587' title='bbox 627 2786 722 2812; x_wconf 82' lang='lat' dir='ltr'>ceteris</span> <span class='ocrx_word' id='word_1_588' title='bbox 742 2785 856 2821; x_wconf 74' lang='lat' dir='ltr'>vulgatis</span> <span class='ocrx_word' id='word_1_589' title='bbox 869 2805 877 2817; x_wconf 91' lang='lat'>‚</span> <span class='ocrx_word' id='word_1_590' title='bbox 897 2786 943 2812; x_wconf 80' lang='lat' dir='ltr'>nifl</span> <span class='ocrx_word' id='word_1_591' title='bbox 963 2785 1073 2812; x_wconf 82' lang='lat' dir='ltr'>Lambi-</span> 
     </span>
     <span class='ocr_line' id='line_1_65' title="bbox 115 2821 1072 2863; baseline -0.001 -14"><span class='ocrx_word' id='word_1_592' title='bbox 115 2822 200 2849; x_wconf 83' lang='lat' dir='ltr'>nianis</span> <span class='ocrx_word' id='word_1_593' title='bbox 211 2834 219 2854; x_wconf 85' lang='lat'>‚·</span> <span class='ocrx_word' id='word_1_594' title='bbox 231 2822 286 2863; x_wconf 28' lang='lat' dir='ltr'>‘qui</span> <span class='ocrx_word' id='word_1_595' title='bbox 304 2823 543 2848; x_wconf 67' lang='lat' dir='ltr'>Provehebanturad</span> <span class='ocrx_word' id='word_1_596' title='bbox 560 2831 598 2848; x_wconf 75' lang='lat' dir='ltr'>res</span> <span class='ocrx_word' id='word_1_597' title='bbox 615 2825 672 2848; x_wconf 65' lang='lat' dir='ltr'>novi</span> <span class='ocrx_word' id='word_1_598' title='bbox 682 2824 755 2856; x_wconf 76' lang='lat' dir='ltr'>stulte·</span> <span class='ocrx_word' id='word_1_599' title='bbox 765 2841 774 2854; x_wconf 89' lang='lat'>‚</span> <span class='ocrx_word' id='word_1_600' title='bbox 792 2823 844 2852; x_wconf 58' lang='grc' dir='ltr'>εἶχε.</span> <span class='ocrx_word' id='word_1_601' title='bbox 864 2825 878 2849; x_wconf 80' lang='lat' dir='ltr'>e</span> <span class='ocrx_word' id='word_1_602' title='bbox 899 2822 981 2848; x_wconf 86' lang='lat' dir='ltr'>veteri</span> <span class='ocrx_word' id='word_1_603' title='bbox 1001 2821 1072 2848; x_wconf 87' lang='lat' dir='ltr'>libro</span> 
     </span>
    </p>
   </div>
   <div class='ocr_carea' id='block_1_10' title="bbox 113 2857 1070 2928">
    <p class='ocr_par' dir='ltr' id='par_1_10' title="bbox 113 2857 1070 2928">
     <span class='ocr_line' id='line_1_66' title="bbox 113 2857 250 2884; baseline 0 0"><span class='ocrx_word' id='word_1_604' title='bbox 113 2857 250 2884; x_wconf 79' lang='lat' dir='ltr'>Rhenam.</span> 
     </span>
     <span class='ocr_line' id='line_1_67' title="bbox 176 2893 1070 2928; baseline 0.001 -9"><span class='ocrx_word' id='word_1_605' title='bbox 176 2913 182 2919; x_wconf 91' lang='lat'>.</span> <span class='ocrx_word' id='word_1_606' title='bbox 199 2895 338 2920; x_wconf 80' lang='lat' dir='ltr'>Prudentia</span> <span class='ocrx_word' id='word_1_607' title='bbox 349 2893 512 2928; x_wconf 61' lang='lat' dir='ltr'>senescentis]</span> <span class='ocrx_word' id='word_1_608' title='bbox 535 2894 576 2920; x_wconf 79' lang='lat' dir='ltr'>Ita</span> <span class='ocrx_word' id='word_1_609' title='bbox 594 2902 686 2920; x_wconf 83' lang='lat' dir='ltr'>omnes</span> <span class='ocrx_word' id='word_1_610' title='bbox 696 2894 814 2920; x_wconf 84' lang='lat' dir='ltr'>omnium</span> <span class='ocrx_word' id='word_1_611' title='bbox 831 2893 892 2925; x_wconf 78' lang='lat' dir='ltr'>libri</span> <span class='ocrx_word' id='word_1_612' title='bbox 908 2913 916 2925; x_wconf 90' lang='lat'><strong>‚</strong></span> <span class='ocrx_word' id='word_1_613' title='bbox 935 2894 962 2920; x_wconf 92' lang='lat'>&amp;</span> <span class='ocrx_word' id='word_1_614' title='bbox 973 2893 1070 2920; x_wconf 88' lang='lat' dir='ltr'>mirum</span> 
     </span>
    </p>
   </div>
   <div class='ocr_carea' id='block_1_11' title="bbox 114 2925 1073 2966">
    <p class='ocr_par' dir='ltr' id='par_1_11' title="bbox 114 2925 1073 2966">
     <span class='ocr_line' id='line_1_68' title="bbox 114 2925 1073 2966; baseline 0 -10"><span class='ocrx_word' id='word_1_615' title='bbox 114 2929 147 2956; x_wconf 83' lang='lat' dir='ltr'>ha</span> <span class='ocrx_word' id='word_1_616' title='bbox 179 2939 243 2956; x_wconf 85' lang='lat' dir='ltr'>enus</span> <span class='ocrx_word' id='word_1_617' title='bbox 255 2938 387 2966; x_wconf 86' lang='lat' dir='ltr'>receptum</span> <span class='ocrx_word' id='word_1_618' title='bbox 400 2940 450 2957; x_wconf 89' lang='lat' dir='ltr'>non</span> <span class='ocrx_word' id='word_1_619' title='bbox 462 2925 538 2956; x_wconf 63' lang='lat' dir='ltr'>fui‘ffe</span> <span class='ocrx_word' id='word_1_620' title='bbox 551 2949 558 2960; x_wconf 98' lang='lat'>,</span> <span class='ocrx_word' id='word_1_621' title='bbox 579 2930 714 2956; x_wconf 72' lang='lat' dir='ltr'>manireste</span> <span class='ocrx_word' id='word_1_622' title='bbox 733 2930 804 2956; x_wconf 88' lang='lat' dir='ltr'>enim</span> <span class='ocrx_word' id='word_1_623' title='bbox 815 2937 948 2965; x_wconf 78' lang='lat' dir='ltr'>captatum</span> <span class='ocrx_word' id='word_1_624' title='bbox 961 2930 976 2956; x_wconf 69' lang='lat' dir='ltr'>:i</span> <span class='ocrx_word' id='word_1_625' title='bbox 992 2930 1073 2956; x_wconf 79' lang='lat' dir='ltr'>cice-</span> 
     </span>
    </p>
   </div>
   <div class='ocr_carea' id='block_1_12' title="bbox 115 2966 1073 3037">
    <p class='ocr_par' dir='ltr' id='par_1_12' title="bbox 115 2966 1073 3037">
     <span class='ocr_line' id='line_1_69' title="bbox 115 2966 620 3002; baseline 0 -10"><span class='ocrx_word' id='word_1_626' title='bbox 115 2974 181 2992; x_wconf 84' lang='lat' dir='ltr'>rone</span> <span class='ocrx_word' id='word_1_627' title='bbox 191 2967 368 2998; x_wconf 65' lang='grc' dir='ltr'>ὃμοιοτέλευῖον.</span> <span class='ocrx_word' id='word_1_628' title='bbox 380 2966 472 3002; x_wconf 86' lang='lat' dir='ltr'>vulgg.</span> <span class='ocrx_word' id='word_1_629' title='bbox 480 2966 620 2999; x_wconf 73' lang='lat' dir='ltr'>senchir.</span> 
     </span>
     <span class='ocr_line' id='line_1_70' title="bbox 115 3000 1073 3037; baseline 0 -10"><span class='ocrx_word' id='word_1_630' title='bbox 115 3006 118 3009; x_wconf 64' lang='lat'><strong>⁴</strong></span> <span class='ocrx_word' id='word_1_631' title='bbox 150 3008 179 3035; x_wconf 88' lang='lat'>4.</span> <span class='ocrx_word' id='word_1_632' title='bbox 198 3004 284 3029; x_wconf 60' lang='lat' dir='ltr'>wale</span> <span class='ocrx_word' id='word_1_633' title='bbox 296 3004 485 3036; x_wconf 70' lang='lat' dir='ltr'>rcmgeremibus</span> <span class='ocrx_word' id='word_1_634' title='bbox 491 3003 607 3035; x_wconf 68' lang='lat' dir='ltr'>patribus</span> <span class='ocrx_word' id='word_1_635' title='bbox 618 3002 632 3036; x_wconf 86' lang='lat'>]</span> <span class='ocrx_word' id='word_1_636' title='bbox 645 3001 761 3037; x_wconf 84' lang='lat' dir='ltr'>Ideoque</span> <span class='ocrx_word' id='word_1_637' title='bbox 771 3001 862 3028; x_wconf 73' lang='lat' dir='ltr'>iisdem</span> <span class='ocrx_word' id='word_1_638' title='bbox 873 3000 944 3028; x_wconf 64' lang='lat' dir='ltr'>afiio</span> <span class='ocrx_word' id='word_1_639' title='bbox 955 3001 992 3027; x_wconf 88' lang='lat' dir='ltr'>rei</span> <span class='ocrx_word' id='word_1_640' title='bbox 1004 3011 1073 3028; x_wconf 83' lang='lat' dir='ltr'>uxo-</span> 
     </span>
    </p>
   </div>
   <div class='ocr_carea' id='block_1_13' title="bbox 112 3036 1072 3139">
    <p class='ocr_par' dir='ltr' id='par_1_13' title="bbox 112 3036 1072 3139">
     <span class='ocr_line' id='line_1_71' title="bbox 114 3036 1071 3074; baseline 0 -11"><span class='ocrx_word' id='word_1_641' title='bbox 114 3037 161 3063; x_wconf 86' lang='lat' dir='ltr'>riae</span> <span class='ocrx_word' id='word_1_642' title='bbox 171 3038 197 3064; x_wconf 91' lang='lat' dir='ltr'>in</span> <span class='ocrx_word' id='word_1_643' title='bbox 208 3037 271 3064; x_wconf 87' lang='lat' dir='ltr'>dote</span> <span class='ocrx_word' id='word_1_644' title='bbox 281 3036 341 3063; x_wconf 72' lang='lat' dir='ltr'>filia:</span> <span class='ocrx_word' id='word_1_645' title='bbox 352 3038 459 3064; x_wconf 83' lang='lat' dir='ltr'>nomine</span> <span class='ocrx_word' id='word_1_646' title='bbox 470 3038 612 3074; x_wconf 81' lang='lat' dir='ltr'>repetenda</span> <span class='ocrx_word' id='word_1_647' title='bbox 621 3047 672 3065; x_wconf 85' lang='lat' dir='ltr'>non</span> <span class='ocrx_word' id='word_1_648' title='bbox 691 3037 822 3069; x_wconf 73' lang='lat' dir='ltr'>dabatur-5</span> <span class='ocrx_word' id='word_1_649' title='bbox 843 3037 913 3073; x_wconf 85' lang='lat' dir='ltr'>quod</span> <span class='ocrx_word' id='word_1_650' title='bbox 926 3038 1071 3074; x_wconf 86' lang='lat' dir='ltr'>periculum</span> 
     </span>
     <span class='ocr_line' id='line_1_72' title="bbox 113 3072 1072 3112; baseline 0.003 -13"><span class='ocrx_word' id='word_1_651' title='bbox 113 3072 179 3112; x_wconf 69' lang='lat' dir='ltr'>effer</span> <span class='ocrx_word' id='word_1_652' title='bbox 191 3092 199 3105; x_wconf 90' lang='lat'>‚</span> <span class='ocrx_word' id='word_1_653' title='bbox 218 3082 250 3100; x_wconf 89' lang='lat' dir='ltr'>ne</span> <span class='ocrx_word' id='word_1_654' title='bbox 259 3080 364 3110; x_wconf 83' lang='lat' dir='ltr'>accepta</span> <span class='ocrx_word' id='word_1_655' title='bbox 384 3073 579 3103; x_wconf 80' lang='lat' dir='ltr'>consumerent.</span> <span class='ocrx_word' id='word_1_656' title='bbox 597 3074 730 3111; x_wconf 80' lang='lat' dir='ltr'>Ulpianus</span> <span class='ocrx_word' id='word_1_657' title='bbox 740 3073 845 3112; x_wconf 75' lang='lat' dir='ltr'>Disput.</span> <span class='ocrx_word' id='word_1_658' title='bbox 856 3082 871 3112; x_wconf 84' lang='lat'>3</span> <span class='ocrx_word' id='word_1_659' title='bbox 879 3094 885 3102; x_wconf 89' lang='lat'>.</span> <span class='ocrx_word' id='word_1_660' title='bbox 895 3083 929 3103; x_wconf 84' lang='lat' dir='ltr'>ex</span> <span class='ocrx_word' id='word_1_661' title='bbox 940 3073 1072 3103; x_wconf 75' lang='lat' dir='ltr'>Labeonis</span> 
     </span>
     <span class='ocr_line' id='line_1_73' title="bbox 112 3108 866 3139; baseline 0.004 -4"><span class='ocrx_word' id='word_1_662' title='bbox 112 3108 254 3138; x_wconf 66' lang='lat' dir='ltr'>(ementiti.</span> <span class='ocrx_word' id='word_1_663' title='bbox 274 3111 423 3139; x_wconf 71' lang='lat' dir='ltr'>Gulielmius.</span> <span class='ocrx_word' id='word_1_664' title='bbox 849 3117 851 3119; x_wconf 84' lang='grc'><strong>’</strong></span> <span class='ocrx_word' id='word_1_665' title='bbox 864 3126 866 3133; x_wconf 56' lang='grc' dir='ltr'><em>ι</em></span> 
     </span>
    </p>
   </div>
   <div class='ocr_carea' id='block_1_14' title="bbox 1035 93 1624 141">
    <p class='ocr_par' dir='ltr' id='par_1_14' title="bbox 1035 93 1624 141">
     <span class='ocr_line' id='line_1_74' title="bbox 1035 93 1624 141; baseline 0.005 -3"><span class='ocrx_word' id='word_1_666' title='bbox 1035 93 1624 141; x_wconf 75' lang='lat' dir='ltr'>SENECTUTE.</span> 
     </span>
    </p>
   </div>
   <div class='ocr_carea' id='block_1_15' title="bbox 1093 238 1126 2198">
    <p class='ocr_par' dir='ltr' id='par_1_15' title="bbox 1093 238 1126 2198">
     <span class='ocr_line' id='line_1_75' title="bbox 1093 238 1126 2198; baseline 0 0"><span class='ocrx_word' id='word_1_667' title='bbox 1093 238 1126 2198; x_wconf 95' lang='lat' dir='ltr'> </span> 
     </span>
    </p>
   </div>
   <div class='ocr_carea' id='block_1_16' title="bbox 1089 238 1125 2498">
    <p class='ocr_par' dir='ltr' id='par_1_16' title="bbox 1089 238 1125 2498">
     <span class='ocr_line' id='line_1_76' title="bbox 1089 238 1125 2498; baseline 0 0"><span class='ocrx_word' id='word_1_668' title='bbox 1089 238 1125 2498; x_wconf 95' lang='lat' dir='ltr'> </span> 
     </span>
    </p>
   </div>
   <div class='ocr_carea' id='block_1_17' title="bbox 1122 111 2128 1841">
    <p class='ocr_par' dir='ltr' id='par_1_17' title="bbox 1236 111 2104 261">
     <span class='ocr_line' id='line_1_77' title="bbox 1979 111 2104 161; baseline -0.024 0"><span class='ocrx_word' id='word_1_669' title='bbox 1979 111 1995 142; x_wconf 83' lang='lat'>1</span> <span class='ocrx_word' id='word_1_670' title='bbox 2008 113 2067 161; x_wconf 71' lang='lat'>25·</span> <span class='ocrx_word' id='word_1_671' title='bbox 2080 111 2104 158; x_wconf 77' lang='lat'>7</span> 
     </span>
     <span class='ocr_line' id='line_1_78' title="bbox 1237 177 1994 222; baseline 0.005 -17"><span class='ocrx_word' id='word_1_672' title='bbox 1237 178 1311 205; x_wconf 75' lang='lat' dir='ltr'>Tum</span> <span class='ocrx_word' id='word_1_673' title='bbox 1321 177 1448 219; x_wconf 78' lang='lat' dir='ltr'>equidem</span> <span class='ocrx_word' id='word_1_674' title='bbox 1459 179 1488 208; x_wconf 87' lang='lat' dir='ltr'>in</span> <span class='ocrx_word' id='word_1_675' title='bbox 1493 178 1605 218; x_wconf 57' lang='lat' dir='ltr'>seneffia</span> <span class='ocrx_word' id='word_1_676' title='bbox 1618 180 1666 210; x_wconf 78' lang='lat' dir='ltr'>hoc</span> <span class='ocrx_word' id='word_1_677' title='bbox 1675 179 1773 222; x_wconf 66' lang='lat' dir='ltr'>deputo</span> <span class='ocrx_word' id='word_1_678' title='bbox 1784 179 1974 221; x_wconf 61' lang='lat' dir='ltr'>miserrimum</span> <span class='ocrx_word' id='word_1_679' title='bbox 1983 199 1994 215; x_wconf 85' lang='lat'>,</span> 
     </span>
     <span class='ocr_line' id='line_1_79' title="bbox 1236 219 1804 261; baseline 0.004 -14"><span class='ocrx_word' id='word_1_680' title='bbox 1236 219 1344 249; x_wconf 78' lang='lat' dir='ltr'>Sentire</span> <span class='ocrx_word' id='word_1_681' title='bbox 1354 230 1385 249; x_wconf 83' lang='lat' dir='ltr'>ca</span> <span class='ocrx_word' id='word_1_682' title='bbox 1397 228 1477 250; x_wconf 67' lang='lat' dir='ltr'>atate</span> <span class='ocrx_word' id='word_1_683' title='bbox 1487 220 1568 261; x_wconf 62' lang='lat' dir='ltr'>effes&amp;</span> <span class='ocrx_word' id='word_1_684' title='bbox 1578 222 1703 261; x_wconf 81' lang='lat' dir='ltr'>odiosum</span> <span class='ocrx_word' id='word_1_685' title='bbox 1711 222 1804 252; x_wconf 75' lang='lat' dir='ltr'>alteri.</span> 
     </span>
    </p>

    <p class='ocr_par' dir='ltr' id='par_1_18' title="bbox 1139 258 2093 303">
     <span class='ocr_line' id='line_1_80' title="bbox 1139 258 2093 303; baseline 0.009 -17"><span class='ocrx_word' id='word_1_686' title='bbox 1139 258 1307 296; x_wconf 73' lang='lat' dir='ltr'>Jucuna&#39;uns</span> <span class='ocrx_word' id='word_1_687' title='bbox 1326 261 1448 301; x_wconf 81' lang='lat' dir='ltr'>potius,</span> <span class='ocrx_word' id='word_1_688' title='bbox 1469 260 1714 303; x_wconf 73' lang='lat' dir='ltr'>quamodiosum.</span> <span class='ocrx_word' id='word_1_689' title='bbox 1739 272 1769 293; x_wconf 85' lang='lat' dir='ltr'>ut</span> <span class='ocrx_word' id='word_1_690' title='bbox 1788 266 1872 294; x_wconf 84' lang='lat' dir='ltr'>enim</span> <span class='ocrx_word' id='word_1_691' title='bbox 1883 273 2093 295; x_wconf 60' lang='lat' dir='ltr'>-Aoonnscsx-</span> 
     </span>
    </p>

    <p class='ocr_par' dir='ltr' id='par_1_19' title="bbox 1141 302 2092 345">
     <span class='ocr_line' id='line_1_81' title="bbox 1141 302 2092 345; baseline 0.008 -16"><span class='ocrx_word' id='word_1_692' title='bbox 1141 310 1239 330; x_wconf 73' lang='lat' dir='ltr'>&#39;rmus</span> <span class='ocrx_word' id='word_1_693' title='bbox 1258 302 1335 332; x_wconf 90' lang='lat' dir='ltr'>bona</span> <span class='ocrx_word' id='word_1_694' title='bbox 1353 303 1456 333; x_wconf 88' lang='lat' dir='ltr'>indole</span> <span class='ocrx_word' id='word_1_695' title='bbox 1476 304 1607 343; x_wconf 81' lang='lat' dir='ltr'>praeditis</span> <span class='ocrx_word' id='word_1_696' title='bbox 1628 306 1773 345; x_wconf 69' lang='lat' dir='ltr'>rapientes</span> <span class='ocrx_word' id='word_1_697' title='bbox 1796 306 1878 336; x_wconf 82' lang='lat' dir='ltr'>senes</span> <span class='ocrx_word' id='word_1_698' title='bbox 1898 305 2092 339; x_wconf 64' lang='lat' dir='ltr'>delcetantur,</span> 
     </span>
    </p>

    <p class='ocr_par' dir='ltr' id='par_1_20' title="bbox 1141 340 2094 387">
     <span class='ocr_line' id='line_1_82' title="bbox 1141 340 2094 387; baseline 0.008 -17"><span class='ocrx_word' id='word_1_699' title='bbox 1141 340 1296 383; x_wconf 83' lang='lat' dir='ltr'>leviorque</span> <span class='ocrx_word' id='word_1_700' title='bbox 1306 343 1339 374; x_wconf 84' lang='lat' dir='ltr'>fit</span> <span class='ocrx_word' id='word_1_701' title='bbox 1348 355 1452 374; x_wconf 90' lang='lat' dir='ltr'>eorum</span> <span class='ocrx_word' id='word_1_702' title='bbox 1465 346 1602 376; x_wconf 62' lang='lat' dir='ltr'>senefflms</span> <span class='ocrx_word' id='word_1_703' title='bbox 1615 366 1623 379; x_wconf 90' lang='lat'>,</span> <span class='ocrx_word' id='word_1_704' title='bbox 1634 349 1686 387; x_wconf 90' lang='lat' dir='ltr'>qui</span> <span class='ocrx_word' id='word_1_705' title='bbox 1697 347 1876 386; x_wconf 56' lang='lat' dir='ltr'>&amp;juventute</span> <span class='ocrx_word' id='word_1_706' title='bbox 1887 349 2028 378; x_wconf 85' lang='lat' dir='ltr'>coluntur</span> <span class='ocrx_word' id='word_1_707' title='bbox 2039 367 2048 382; x_wconf 92' lang='lat'>,</span> <span class='ocrx_word' id='word_1_708' title='bbox 2060 349 2094 378; x_wconf 74' lang='grc' dir='ltr'>δε</span> 
     </span>
    </p>

    <p class='ocr_par' dir='ltr' id='par_1_21' title="bbox 1135 381 2097 926">
     <span class='ocr_line' id='line_1_83' title="bbox 1139 381 2097 431; baseline 0.008 -20"><span class='ocrx_word' id='word_1_709' title='bbox 1139 381 1322 423; x_wconf 85' lang='lat' dir='ltr'>diliguntur:</span> <span class='ocrx_word' id='word_1_710' title='bbox 1335 384 1373 414; x_wconf 84' lang='lat' dir='ltr'>fic</span> <span class='ocrx_word' id='word_1_711' title='bbox 1385 386 1586 417; x_wconf 84' lang='lat' dir='ltr'>adolescentes</span> <span class='ocrx_word' id='word_1_712' title='bbox 1596 388 1701 418; x_wconf 90' lang='lat' dir='ltr'>senum</span> <span class='ocrx_word' id='word_1_713' title='bbox 1713 391 1864 428; x_wconf 82' lang='lat' dir='ltr'>praeceptis</span> <span class='ocrx_word' id='word_1_714' title='bbox 1873 389 2013 429; x_wconf 74' lang='lat' dir='ltr'>gaudent.</span> <span class='ocrx_word' id='word_1_715' title='bbox 2025 391 2097 431; x_wconf 87' lang='lat' dir='ltr'>qui-</span> 
     </span>
     <span class='ocr_line' id='line_1_84' title="bbox 1139 423 2095 471; baseline 0.009 -19"><span class='ocrx_word' id='word_1_716' title='bbox 1139 423 1195 453; x_wconf 87' lang='lat' dir='ltr'>bus</span> <span class='ocrx_word' id='word_1_717' title='bbox 1212 425 1248 455; x_wconf 91' lang='lat' dir='ltr'>ad</span> <span class='ocrx_word' id='word_1_718' title='bbox 1267 428 1412 457; x_wconf 89' lang='lat' dir='ltr'>virtutum</span> <span class='ocrx_word' id='word_1_719' title='bbox 1425 427 1520 458; x_wconf 84' lang='lat' dir='ltr'>studia</span> <span class='ocrx_word' id='word_1_720' title='bbox 1534 429 1694 460; x_wconf 84' lang='lat' dir='ltr'>ducuntur.</span> <span class='ocrx_word' id='word_1_721' title='bbox 1717 440 1771 460; x_wconf 89' lang='lat' dir='ltr'>nec</span> <span class='ocrx_word' id='word_1_722' title='bbox 1781 429 1883 460; x_wconf 78' lang='lat' dir='ltr'>minus</span> <span class='ocrx_word' id='word_1_723' title='bbox 1896 431 2034 471; x_wconf 83' lang='lat' dir='ltr'>intelligo</span> <span class='ocrx_word' id='word_1_724' title='bbox 2044 441 2095 461; x_wconf 86' lang='lat' dir='ltr'>me</span> 
     </span>
     <span class='ocr_line' id='line_1_85' title="bbox 1138 465 2095 510; baseline 0.007 -15"><span class='ocrx_word' id='word_1_725' title='bbox 1138 465 1226 496; x_wconf 89' lang='lat' dir='ltr'>vobis</span> <span class='ocrx_word' id='word_1_726' title='bbox 1237 487 1247 499; x_wconf 88' lang='lat'>‚</span> <span class='ocrx_word' id='word_1_727' title='bbox 1270 477 1360 508; x_wconf 83' lang='lat' dir='ltr'>quam</span> <span class='ocrx_word' id='word_1_728' title='bbox 1371 478 1425 499; x_wconf 87' lang='lat' dir='ltr'>vos</span> <span class='ocrx_word' id='word_1_729' title='bbox 1437 471 1513 499; x_wconf 88' lang='lat' dir='ltr'>mihi</span> <span class='ocrx_word' id='word_1_730' title='bbox 1524 468 1750 510; x_wconf 76' lang='lat' dir='ltr'>essejucundos.</span> <span class='ocrx_word' id='word_1_731' title='bbox 1772 472 1828 502; x_wconf 89' lang='lat' dir='ltr'>Sed</span> <span class='ocrx_word' id='word_1_732' title='bbox 1840 471 1948 502; x_wconf 78' lang='lat' dir='ltr'>videtis</span> <span class='ocrx_word' id='word_1_733' title='bbox 1960 492 1969 506; x_wconf 87' lang='lat'><em>‚</em></span> <span class='ocrx_word' id='word_1_734' title='bbox 1993 483 2038 503; x_wconf 79' lang='grc' dir='ltr'>υτ</span> <span class='ocrx_word' id='word_1_735' title='bbox 2050 474 2095 504; x_wconf 50' lang='lat' dir='ltr'>se*</span> 
     </span>
     <span class='ocr_line' id='line_1_86' title="bbox 1141 506 2094 554; baseline 0.008 -18"><span class='ocrx_word' id='word_1_736' title='bbox 1141 506 1246 554; x_wconf 60' lang='lat' dir='ltr'>nectus</span> <span class='ocrx_word' id='word_1_737' title='bbox 1263 519 1327 539; x_wconf 89' lang='lat' dir='ltr'>non</span> <span class='ocrx_word' id='word_1_738' title='bbox 1348 510 1442 540; x_wconf 79' lang='lat' dir='ltr'>modo</span> <span class='ocrx_word' id='word_1_739' title='bbox 1459 511 1615 552; x_wconf 86' lang='lat' dir='ltr'>languida,</span> <span class='ocrx_word' id='word_1_740' title='bbox 1636 522 1723 554; x_wconf 82' lang='lat' dir='ltr'>atque</span> <span class='ocrx_word' id='word_1_741' title='bbox 1741 515 1821 543; x_wconf 85' lang='lat' dir='ltr'>iners</span> <span class='ocrx_word' id='word_1_742' title='bbox 1837 523 1899 543; x_wconf 88' lang='lat' dir='ltr'>non</span> <span class='ocrx_word' id='word_1_743' title='bbox 1911 512 1963 546; x_wconf 75' lang='lat' dir='ltr'>sit,</span> <span class='ocrx_word' id='word_1_744' title='bbox 1986 509 2094 545; x_wconf 67' lang='lat' dir='ltr'>verum</span> 
     </span>
     <span class='ocr_line' id='line_1_87' title="bbox 1138 548 2094 595; baseline 0.006 -17"><span class='ocrx_word' id='word_1_745' title='bbox 1138 558 1229 578; x_wconf 81' lang='lat' dir='ltr'>etiam</span> <span class='ocrx_word' id='word_1_746' title='bbox 1252 548 1287 581; x_wconf 75' lang='lat' dir='ltr'>sit</span> <span class='ocrx_word' id='word_1_747' title='bbox 1308 553 1448 591; x_wconf 62' lang='lat' dir='ltr'>operosa,</span> <span class='ocrx_word' id='word_1_748' title='bbox 1472 552 1505 582; x_wconf 75' lang='grc' dir='ltr'>δε</span> <span class='ocrx_word' id='word_1_749' title='bbox 1530 554 1742 595; x_wconf 83' lang='lat' dir='ltr'>semperagens</span> <span class='ocrx_word' id='word_1_750' title='bbox 1751 555 1863 595; x_wconf 81' lang='lat' dir='ltr'>aliquid</span> <span class='ocrx_word' id='word_1_751' title='bbox 1877 576 1886 588; x_wconf 90' lang='lat'>‚</span> <span class='ocrx_word' id='word_1_752' title='bbox 1905 555 2094 589; x_wconf 48' lang='lat' dir='ltr'>&amp;melicum</span> 
     </span>
     <span class='ocr_line' id='line_1_88' title="bbox 1144 590 2095 637; baseline 0.005 -17"><span class='ocrx_word' id='word_1_753' title='bbox 1144 590 1200 637; x_wconf 80' lang='lat' dir='ltr'>tale</span> <span class='ocrx_word' id='word_1_754' title='bbox 1210 591 1321 622; x_wconf 90' lang='lat' dir='ltr'>scilicet</span> <span class='ocrx_word' id='word_1_755' title='bbox 1332 612 1340 626; x_wconf 92' lang='lat'>‚</span> <span class='ocrx_word' id='word_1_756' title='bbox 1361 594 1446 633; x_wconf 91' lang='lat' dir='ltr'>quale</span> <span class='ocrx_word' id='word_1_757' title='bbox 1455 595 1597 635; x_wconf 84' lang='lat' dir='ltr'>cujusque</span> <span class='ocrx_word' id='word_1_758' title='bbox 1608 595 1740 626; x_wconf 83' lang='lat' dir='ltr'>studium</span> <span class='ocrx_word' id='word_1_759' title='bbox 1754 598 1784 626; x_wconf 91' lang='lat' dir='ltr'>in</span> <span class='ocrx_word' id='word_1_760' title='bbox 1797 597 1946 636; x_wconf 84' lang='lat' dir='ltr'>superiore</span> <span class='ocrx_word' id='word_1_761' title='bbox 1956 599 2016 628; x_wconf 80' lang='lat' dir='ltr'>vita</span> <span class='ocrx_word' id='word_1_762' title='bbox 2027 597 2095 627; x_wconf 66' lang='lat' dir='ltr'>fuit.</span> 
     </span>
     <span class='ocr_line' id='line_1_89' title="bbox 1140 632 2096 678; baseline 0.007 -17"><span class='ocrx_word' id='word_1_763' title='bbox 1140 632 1220 672; x_wconf 72' lang='lat' dir='ltr'>Qid</span> <span class='ocrx_word' id='word_1_764' title='bbox 1233 653 1242 665; x_wconf 93' lang='lat'>‚</span> <span class='ocrx_word' id='word_1_765' title='bbox 1263 633 1346 674; x_wconf 74' lang='lat' dir='ltr'>quod</span> <span class='ocrx_word' id='word_1_766' title='bbox 1369 637 1458 665; x_wconf 84' lang='lat' dir='ltr'>etiam</span> <span class='ocrx_word' id='word_1_767' title='bbox 1478 636 1633 667; x_wconf 83' lang='lat' dir='ltr'>addiscunt</span> <span class='ocrx_word' id='word_1_768' title='bbox 1651 638 1786 678; x_wconf 88' lang='lat' dir='ltr'>aliquid?</span> <span class='ocrx_word' id='word_1_769' title='bbox 1807 638 1992 668; x_wconf 86' lang='lat' dir='ltr'>utSolonem</span> <span class='ocrx_word' id='word_1_770' title='bbox 2007 642 2096 669; x_wconf 72' lang='lat' dir='ltr'>veiit-</span> 
     </span>
     <span class='ocr_line' id='line_1_90' title="bbox 1138 672 2096 720; baseline 0.005 -17"><span class='ocrx_word' id='word_1_771' title='bbox 1138 672 1379 714; x_wconf 87' lang='lat' dir='ltr'>busgloriantem</span> <span class='ocrx_word' id='word_1_772' title='bbox 1390 676 1529 707; x_wconf 86' lang='lat' dir='ltr'>videmus</span> <span class='ocrx_word' id='word_1_773' title='bbox 1540 697 1548 711; x_wconf 85' lang='lat'>,</span> <span class='ocrx_word' id='word_1_774' title='bbox 1570 680 1644 718; x_wconf 88' lang='lat' dir='ltr'>7qui</span> <span class='ocrx_word' id='word_1_775' title='bbox 1662 679 2096 720; x_wconf 66' lang='lat' dir='ltr'>sbquotidiealiquidaddzfie›1--</span> 
     </span>
     <span class='ocr_line' id='line_1_91' title="bbox 1139 715 2091 761; baseline 0.008 -18"><span class='ocrx_word' id='word_1_776' title='bbox 1139 721 1205 749; x_wconf 81' lang='lat' dir='ltr'>tem,</span> <span class='ocrx_word' id='word_1_777' title='bbox 1212 715 1305 754; x_wconf 78' lang='lat' dir='ltr'>senem</span> <span class='ocrx_word' id='word_1_778' title='bbox 1308 716 1375 754; x_wconf 74' lang='lat' dir='ltr'>fieri</span> <span class='ocrx_word' id='word_1_779' title='bbox 1383 718 1456 746; x_wconf 82' lang='lat' dir='ltr'>dicit</span> <span class='ocrx_word' id='word_1_780' title='bbox 1464 729 1476 745; x_wconf 92' lang='lat'>.·</span> <span class='ocrx_word' id='word_1_781' title='bbox 1487 728 1519 748; x_wconf 90' lang='lat' dir='ltr'>ut</span> <span class='ocrx_word' id='word_1_782' title='bbox 1530 729 1586 759; x_wconf 88' lang='lat' dir='ltr'>ego</span> <span class='ocrx_word' id='word_1_783' title='bbox 1597 721 1654 750; x_wconf 73' lang='lat' dir='ltr'>feci</span> <span class='ocrx_word' id='word_1_784' title='bbox 1662 740 1670 754; x_wconf 93' lang='lat'><em>‚</em></span> <span class='ocrx_word' id='word_1_785' title='bbox 1693 722 1744 761; x_wconf 87' lang='lat' dir='ltr'>qui</span> <span class='ocrx_word' id='word_1_786' title='bbox 1755 724 1870 752; x_wconf 78' lang='lat' dir='ltr'>Graecas</span> <span class='ocrx_word' id='word_1_787' title='bbox 1882 723 1991 752; x_wconf 84' lang='lat' dir='ltr'>litteras</span> <span class='ocrx_word' id='word_1_788' title='bbox 2002 723 2091 752; x_wconf 63' lang='lat' dir='ltr'>senex.</span> 
     </span>
     <span class='ocr_line' id='line_1_92' title="bbox 1137 756 2094 803; baseline 0.008 -18"><span class='ocrx_word' id='word_1_789' title='bbox 1137 756 1241 803; x_wconf 80' lang='lat' dir='ltr'>didici.</span> <span class='ocrx_word' id='word_1_790' title='bbox 1263 768 1334 798; x_wconf 89' lang='lat' dir='ltr'>quas</span> <span class='ocrx_word' id='word_1_791' title='bbox 1347 759 1470 799; x_wconf 89' lang='lat' dir='ltr'>quidem</span> <span class='ocrx_word' id='word_1_792' title='bbox 1486 758 1523 789; x_wconf 84' lang='lat' dir='ltr'>fic</span> <span class='ocrx_word' id='word_1_793' title='bbox 1534 761 1620 791; x_wconf 77' lang='lat' dir='ltr'>avide</span> <span class='ocrx_word' id='word_1_794' title='bbox 1632 764 1760 801; x_wconf 84' lang='lat' dir='ltr'>arripui,</span> <span class='ocrx_word' id='word_1_795' title='bbox 1780 761 1858 802; x_wconf 80' lang='lat' dir='ltr'>quasi</span> <span class='ocrx_word' id='word_1_796' title='bbox 1872 763 2044 793; x_wconf 86' lang='lat' dir='ltr'>diuturnam</span> <span class='ocrx_word' id='word_1_797' title='bbox 2057 763 2094 793; x_wconf 83' lang='lat' dir='ltr'>si-</span> 
     </span>
     <span class='ocr_line' id='line_1_93' title="bbox 1135 800 2093 845; baseline 0.007 -17"><span class='ocrx_word' id='word_1_798' title='bbox 1135 805 1192 828; x_wconf 74' lang='lat' dir='ltr'>ttm</span> <span class='ocrx_word' id='word_1_799' title='bbox 1203 800 1322 840; x_wconf 87' lang='lat' dir='ltr'>explere</span> <span class='ocrx_word' id='word_1_800' title='bbox 1330 802 1464 840; x_wconf 88' lang='lat' dir='ltr'>cupiens,</span> <span class='ocrx_word' id='word_1_801' title='bbox 1477 810 1509 831; x_wconf 93' lang='lat' dir='ltr'>ut</span> <span class='ocrx_word' id='word_1_802' title='bbox 1521 812 1552 832; x_wconf 83' lang='lat' dir='ltr'>ea</span> <span class='ocrx_word' id='word_1_803' title='bbox 1561 804 1620 842; x_wconf 74' lang='lat' dir='ltr'>ipsa</span> <span class='ocrx_word' id='word_1_804' title='bbox 1631 804 1707 832; x_wconf 86' lang='lat' dir='ltr'>mihi</span> <span class='ocrx_word' id='word_1_805' title='bbox 1717 813 1788 833; x_wconf 87' lang='lat' dir='ltr'>nota</span> <span class='ocrx_word' id='word_1_806' title='bbox 1799 803 1909 838; x_wconf 63' lang='lat' dir='ltr'>effe-nt,</span> <span class='ocrx_word' id='word_1_807' title='bbox 1920 805 2030 845; x_wconf 78' lang='lat' dir='ltr'>quibus</span> <span class='ocrx_word' id='word_1_808' title='bbox 2043 815 2093 834; x_wconf 75' lang='lat' dir='ltr'>me</span> 
     </span>
     <span class='ocr_line' id='line_1_94' title="bbox 1136 842 2090 884; baseline 0.008 -15"><span class='ocrx_word' id='word_1_809' title='bbox 1136 849 1217 870; x_wconf 89' lang='lat' dir='ltr'>nunc</span> <span class='ocrx_word' id='word_1_810' title='bbox 1236 842 1384 881; x_wconf 83' lang='lat' dir='ltr'>exemplis</span> <span class='ocrx_word' id='word_1_811' title='bbox 1407 844 1450 872; x_wconf 89' lang='lat' dir='ltr'>uti</span> <span class='ocrx_word' id='word_1_812' title='bbox 1467 843 1587 873; x_wconf 87' lang='lat' dir='ltr'>videtis.</span> <span class='ocrx_word' id='word_1_813' title='bbox 1610 844 1691 884; x_wconf 88' lang='lat' dir='ltr'>quod</span> <span class='ocrx_word' id='word_1_814' title='bbox 1705 845 1776 874; x_wconf 79' lang='lat' dir='ltr'>cum</span> <span class='ocrx_word' id='word_1_815' title='bbox 1788 844 1887 876; x_wconf 76' lang='lat' dir='ltr'>fecisse</span> <span class='ocrx_word' id='word_1_816' title='bbox 1896 849 2045 877; x_wconf 84' lang='lat' dir='ltr'>Socratem</span> <span class='ocrx_word' id='word_1_817' title='bbox 2058 849 2090 876; x_wconf 88' lang='lat' dir='ltr'>in</span> 
     </span>
     <span class='ocr_line' id='line_1_95' title="bbox 1135 879 2089 926; baseline 0.007 -15"><span class='ocrx_word' id='word_1_818' title='bbox 1135 879 1246 912; x_wconf 88' lang='lat' dir='ltr'>fidibus</span> <span class='ocrx_word' id='word_1_819' title='bbox 1255 883 1518 918; x_wconf 85' lang='lat' dir='ltr'>audirem,vellcm</span> <span class='ocrx_word' id='word_1_820' title='bbox 1530 885 1670 926; x_wconf 86' lang='lat' dir='ltr'>equidem</span> <span class='ocrx_word' id='word_1_821' title='bbox 1684 886 1716 916; x_wconf 73' lang='grc' dir='ltr'>δε</span> <span class='ocrx_word' id='word_1_822' title='bbox 1728 886 1812 916; x_wconf 81' lang='lat' dir='ltr'>illud:</span> <span class='ocrx_word' id='word_1_823' title='bbox 1827 887 2089 925; x_wconf 78' lang='lat' dir='ltr'>(discebantenim</span> 
     </span>
    </p>

    <p class='ocr_par' dir='ltr' id='par_1_22' title="bbox 1134 921 2128 966">
     <span class='ocr_line' id='line_1_96' title="bbox 1134 921 2128 966; baseline 0.008 -14"><span class='ocrx_word' id='word_1_824' title='bbox 1134 921 1246 953; x_wconf 85' lang='lat' dir='ltr'>fidibus</span> <span class='ocrx_word' id='word_1_825' title='bbox 1264 926 1400 966; x_wconf 88' lang='lat' dir='ltr'>antiqui)</span> <span class='ocrx_word' id='word_1_826' title='bbox 1421 925 1469 955; x_wconf 88' lang='lat' dir='ltr'>sed</span> <span class='ocrx_word' id='word_1_827' title='bbox 1487 928 1519 956; x_wconf 92' lang='lat' dir='ltr'>in</span> <span class='ocrx_word' id='word_1_828' title='bbox 1538 927 1643 957; x_wconf 80' lang='lat' dir='ltr'>litteris</span> <span class='ocrx_word' id='word_1_829' title='bbox 1662 928 1738 958; x_wconf 74' lang='lat' dir='ltr'>certe</span> <span class='ocrx_word' id='word_1_830' title='bbox 1753 928 1914 959; x_wconf 86' lang='lat' dir='ltr'>elaboravi.</span> <span class='ocrx_word' id='word_1_831' title='bbox 1934 932 2000 959; x_wconf 86' lang='lat' dir='ltr'>Nec</span> <span class='ocrx_word' id='word_1_832' title='bbox 2010 940 2087 960; x_wconf 85' lang='lat' dir='ltr'>nunc</span> <span class='ocrx_word' id='word_1_833' title='bbox 2109 943 2128 965; x_wconf 53' lang='grc' dir='ltr'><strong><em>ψ</em></strong></span> 
     </span>
    </p>

    <p class='ocr_par' dir='ltr' id='par_1_23' title="bbox 1132 965 2090 1008">
     <span class='ocr_line' id='line_1_97' title="bbox 1132 965 2090 1008; baseline 0.007 -14"><span class='ocrx_word' id='word_1_834' title='bbox 1132 965 1256 1004; x_wconf 87' lang='lat' dir='ltr'>quidem</span> <span class='ocrx_word' id='word_1_835' title='bbox 1277 968 1369 996; x_wconf 88' lang='lat' dir='ltr'>vireis</span> <span class='ocrx_word' id='word_1_836' title='bbox 1391 965 1523 997; x_wconf 73' lang='lat' dir='ltr'>desidero</span> <span class='ocrx_word' id='word_1_837' title='bbox 1540 968 1736 1000; x_wconf 80' lang='lat' dir='ltr'>adolescentis</span> <span class='ocrx_word' id='word_1_838' title='bbox 1747 990 1756 1003; x_wconf 88' lang='lat'>,</span> <span class='ocrx_word' id='word_1_839' title='bbox 1778 971 1826 1008; x_wconf 83' lang='lat' dir='ltr'>(is</span> <span class='ocrx_word' id='word_1_840' title='bbox 1837 972 1920 1000; x_wconf 83' lang='lat' dir='ltr'>enim</span> <span class='ocrx_word' id='word_1_841' title='bbox 1933 981 1991 1001; x_wconf 87' lang='lat' dir='ltr'>erat</span> <span class='ocrx_word' id='word_1_842' title='bbox 2004 972 2090 1001; x_wconf 80' lang='lat' dir='ltr'>locus</span> 
     </span>
    </p>

    <p class='ocr_par' dir='ltr' id='par_1_24' title="bbox 1133 1006 2087 1052">
     <span class='ocr_line' id='line_1_98' title="bbox 1133 1006 2087 1052; baseline 0.008 -17"><span class='ocrx_word' id='word_1_843' title='bbox 1133 1006 1206 1036; x_wconf 90' lang='lat' dir='ltr'>alter</span> <span class='ocrx_word' id='word_1_844' title='bbox 1215 1006 1252 1036; x_wconf 93' lang='lat' dir='ltr'>de</span> <span class='ocrx_word' id='word_1_845' title='bbox 1263 1009 1346 1038; x_wconf 90' lang='lat' dir='ltr'>vitiis</span> <span class='ocrx_word' id='word_1_846' title='bbox 1355 1007 1536 1048; x_wconf 67' lang='lat' dir='ltr'>seneliiutis)</span> <span class='ocrx_word' id='word_1_847' title='bbox 1555 1020 1618 1040; x_wconf 89' lang='lat' dir='ltr'>non</span> <span class='ocrx_word' id='word_1_848' title='bbox 1629 1012 1704 1050; x_wconf 86' lang='lat' dir='ltr'>plus,</span> <span class='ocrx_word' id='word_1_849' title='bbox 1717 1015 1807 1052; x_wconf 78' lang='lat' dir='ltr'>quam</span> <span class='ocrx_word' id='word_1_850' title='bbox 1817 1012 1990 1043; x_wconf 79' lang='lat' dir='ltr'>adolescens</span> <span class='ocrx_word' id='word_1_851' title='bbox 2001 1016 2087 1046; x_wconf 73' lang='lat' dir='ltr'>tauri„</span> 
     </span>
    </p>

    <p class='ocr_par' dir='ltr' id='par_1_25' title="bbox 1130 1045 2086 1090">
     <span class='ocr_line' id='line_1_99' title="bbox 1130 1045 2086 1090; baseline 0.007 -13"><span class='ocrx_word' id='word_1_852' title='bbox 1130 1056 1180 1078; x_wconf 87' lang='lat' dir='ltr'>aut</span> <span class='ocrx_word' id='word_1_853' title='bbox 1198 1048 1350 1088; x_wconf 86' lang='lat' dir='ltr'>elephanti</span> <span class='ocrx_word' id='word_1_854' title='bbox 1367 1049 1579 1081; x_wconf 85' lang='lat' dir='ltr'>desiderabam.</span> <span class='ocrx_word' id='word_1_855' title='bbox 1599 1045 1613 1070; x_wconf 79' lang='lat'>8</span> <span class='ocrx_word' id='word_1_856' title='bbox 1636 1062 1725 1090; x_wconf 74' lang='lat' dir='ltr'>Qoo</span> <span class='ocrx_word' id='word_1_857' title='bbox 1744 1063 1799 1082; x_wconf 70' lang='lat' dir='ltr'>zsr</span> <span class='ocrx_word' id='word_1_858' title='bbox 1811 1073 1819 1086; x_wconf 97' lang='lat'>,</span> <span class='ocrx_word' id='word_1_859' title='bbox 1841 1062 1880 1083; x_wconf 77' lang='grc' dir='ltr'>εο</span> <span class='ocrx_word' id='word_1_860' title='bbox 1891 1063 1996 1083; x_wconf 66' lang='lat' dir='ltr'>macm-</span> <span class='ocrx_word' id='word_1_861' title='bbox 2008 1065 2065 1084; x_wconf 74' lang='lat' dir='ltr'>nrt</span> <span class='ocrx_word' id='word_1_862' title='bbox 2082 1065 2086 1083; x_wconf 79' lang='lat'>1</span> 
     </span>
    </p>

    <p class='ocr_par' dir='ltr' id='par_1_26' title="bbox 1133 1089 2087 1137">
     <span class='ocr_line' id='line_1_100' title="bbox 1133 1089 2087 1137; baseline 0.008 -19"><span class='ocrx_word' id='word_1_863' title='bbox 1133 1089 1167 1118; x_wconf 90' lang='lat'>&amp;</span> <span class='ocrx_word' id='word_1_864' title='bbox 1185 1098 1364 1131; x_wconf 75' lang='lat' dir='ltr'>Q1DQ10</span> <span class='ocrx_word' id='word_1_865' title='bbox 1383 1101 1469 1122; x_wconf 75' lang='lat' dir='ltr'>AoAs</span> <span class='ocrx_word' id='word_1_866' title='bbox 1482 1112 1491 1125; x_wconf 95' lang='lat'>‚</span> <span class='ocrx_word' id='word_1_867' title='bbox 1513 1103 1630 1123; x_wconf 81' lang='lat' dir='ltr'>AGERE</span> <span class='ocrx_word' id='word_1_868' title='bbox 1650 1104 1712 1124; x_wconf 70' lang='lat' dir='ltr'>eno</span> <span class='ocrx_word' id='word_1_869' title='bbox 1732 1105 1889 1125; x_wconf 79' lang='lat' dir='ltr'>vrrunus.</span> <span class='ocrx_word' id='word_1_870' title='bbox 1913 1098 1987 1137; x_wconf 62' lang='lat' dir='ltr'>Qiae</span> <span class='ocrx_word' id='word_1_871' title='bbox 2002 1100 2087 1126; x_wconf 85' lang='lat' dir='ltr'>enim</span> 
     </span>
    </p>

    <p class='ocr_par' dir='ltr' id='par_1_27' title="bbox 1131 1131 2088 1178">
     <span class='ocr_line' id='line_1_101' title="bbox 1131 1131 2088 1178; baseline 0.008 -18"><span class='ocrx_word' id='word_1_872' title='bbox 1131 1140 1196 1178; x_wconf 60' lang='lat' dir='ltr'>voit</span> <span class='ocrx_word' id='word_1_873' title='bbox 1213 1132 1309 1171; x_wconf 83' lang='lat' dir='ltr'>potest</span> <span class='ocrx_word' id='word_1_874' title='bbox 1331 1131 1388 1163; x_wconf 83' lang='lat' dir='ltr'>effe</span> <span class='ocrx_word' id='word_1_875' title='bbox 1417 1136 1601 1165; x_wconf 87' lang='lat' dir='ltr'>contemtior</span> <span class='ocrx_word' id='word_1_876' title='bbox 1623 1135 1714 1176; x_wconf 73' lang='lat' dir='ltr'>quarn</span> <span class='ocrx_word' id='word_1_877' title='bbox 1735 1138 1864 1166; x_wconf 82' lang='lat' dir='ltr'>Milonis</span> <span class='ocrx_word' id='word_1_878' title='bbox 1880 1139 2088 1168; x_wconf 67' lang='lat' dir='ltr'>Crotoniatae?</span> 
     </span>
    </p>

    <p class='ocr_par' dir='ltr' id='par_1_28' title="bbox 1122 1173 2092 1841">
     <span class='ocr_line' id='line_1_102' title="bbox 1131 1173 2086 1218; baseline 0.008 -17"><span class='ocrx_word' id='word_1_879' title='bbox 1131 1182 1185 1212; x_wconf 81' lang='lat' dir='ltr'>qui</span> <span class='ocrx_word' id='word_1_880' title='bbox 1205 1193 1215 1207; x_wconf 94' lang='lat'>,</span> <span class='ocrx_word' id='word_1_881' title='bbox 1233 1173 1306 1204; x_wconf 75' lang='lat' dir='ltr'>cum</span> <span class='ocrx_word' id='word_1_882' title='bbox 1320 1174 1384 1214; x_wconf 87' lang='lat' dir='ltr'>jam</span> <span class='ocrx_word' id='word_1_883' title='bbox 1411 1175 1502 1206; x_wconf 86' lang='lat' dir='ltr'>senex</span> <span class='ocrx_word' id='word_1_884' title='bbox 1520 1175 1610 1210; x_wconf 83' lang='lat' dir='ltr'>esset,</span> <span class='ocrx_word' id='word_1_885' title='bbox 1628 1178 1810 1218; x_wconf 85' lang='lat' dir='ltr'>athletasque</span> <span class='ocrx_word' id='word_1_886' title='bbox 1830 1179 1858 1208; x_wconf 89' lang='lat' dir='ltr'>se</span> <span class='ocrx_word' id='word_1_887' title='bbox 1881 1180 1914 1208; x_wconf 83' lang='lat' dir='ltr'>in</span> <span class='ocrx_word' id='word_1_888' title='bbox 1936 1180 2086 1209; x_wconf 79' lang='lat' dir='ltr'>curriculo</span> 
     </span>
     <span class='ocr_line' id='line_1_103' title="bbox 1131 1216 2086 1257; baseline 0.006 -13"><span class='ocrx_word' id='word_1_889' title='bbox 1131 1217 1314 1246; x_wconf 86' lang='lat' dir='ltr'>exercenteis</span> <span class='ocrx_word' id='word_1_890' title='bbox 1333 1216 1451 1247; x_wconf 87' lang='lat' dir='ltr'>videret</span> <span class='ocrx_word' id='word_1_891' title='bbox 1462 1238 1470 1250; x_wconf 88' lang='lat'>‚</span> <span class='ocrx_word' id='word_1_892' title='bbox 1491 1217 1654 1257; x_wconf 78' lang='lat' dir='ltr'>adspexifle</span> <span class='ocrx_word' id='word_1_893' title='bbox 1663 1219 1787 1249; x_wconf 83' lang='lat' dir='ltr'>lacertos</span> <span class='ocrx_word' id='word_1_894' title='bbox 1797 1219 1865 1249; x_wconf 88' lang='lat' dir='ltr'>suos</span> <span class='ocrx_word' id='word_1_895' title='bbox 1876 1220 1985 1250; x_wconf 85' lang='lat' dir='ltr'>dicitur</span> <span class='ocrx_word' id='word_1_896' title='bbox 1996 1241 2004 1253; x_wconf 94' lang='lat'>,</span> <span class='ocrx_word' id='word_1_897' title='bbox 2018 1221 2086 1251; x_wconf 82' lang='lat' dir='ltr'>illa-</span> 
     </span>
     <span class='ocr_line' id='line_1_104' title="bbox 1130 1256 2092 1301; baseline 0.008 -16"><span class='ocrx_word' id='word_1_898' title='bbox 1130 1256 1346 1298; x_wconf 87' lang='lat' dir='ltr'>chrymansque</span> <span class='ocrx_word' id='word_1_899' title='bbox 1364 1257 1491 1292; x_wconf 77' lang='lat' dir='ltr'>dixiffe,</span> <span class='ocrx_word' id='word_1_900' title='bbox 1510 1262 1563 1288; x_wconf 60' lang='lat' dir='ltr'>,At</span> <span class='ocrx_word' id='word_1_901' title='bbox 1571 1260 1601 1289; x_wconf 85' lang='lat' dir='ltr'>hi</span> <span class='ocrx_word' id='word_1_902' title='bbox 1610 1261 1721 1300; x_wconf 77' lang='lat' dir='ltr'>quidem</span> <span class='ocrx_word' id='word_1_903' title='bbox 1724 1261 1902 1299; x_wconf 74' lang='lat' dir='ltr'>jammorrui</span> <span class='ocrx_word' id='word_1_904' title='bbox 1907 1262 1985 1301; x_wconf 80' lang='lat' dir='ltr'>sunt.</span> <span class='ocrx_word' id='word_1_905' title='bbox 2009 1264 2092 1293; x_wconf 89' lang='lat' dir='ltr'>Non·</span> 
     </span>
     <span class='ocr_line' id='line_1_105' title="bbox 1129 1297 2085 1343; baseline 0.007 -16"><span class='ocrx_word' id='word_1_906' title='bbox 1129 1297 1201 1327; x_wconf 78' lang='lat' dir='ltr'>vero</span> <span class='ocrx_word' id='word_1_907' title='bbox 1224 1307 1284 1329; x_wconf 87' lang='lat' dir='ltr'>tam</span> <span class='ocrx_word' id='word_1_908' title='bbox 1303 1299 1371 1334; x_wconf 84' lang='lat' dir='ltr'>isti,</span> <span class='ocrx_word' id='word_1_909' title='bbox 1391 1300 1481 1341; x_wconf 67' lang='lat' dir='ltr'>quam</span> <span class='ocrx_word' id='word_1_910' title='bbox 1501 1303 1624 1341; x_wconf 88' lang='lat' dir='ltr'>tuipse,</span> <span class='ocrx_word' id='word_1_911' title='bbox 1646 1312 1781 1342; x_wconf 85' lang='lat' dir='ltr'>nugator.</span> <span class='ocrx_word' id='word_1_912' title='bbox 1804 1313 1901 1343; x_wconf 86' lang='lat' dir='ltr'>neque</span> <span class='ocrx_word' id='word_1_913' title='bbox 1911 1305 1996 1333; x_wconf 89' lang='lat' dir='ltr'>enim</span> <span class='ocrx_word' id='word_1_914' title='bbox 2006 1313 2044 1333; x_wconf 85' lang='lat' dir='ltr'>ex</span> <span class='ocrx_word' id='word_1_915' title='bbox 2058 1313 2085 1334; x_wconf 86' lang='lat' dir='ltr'>te</span> 
     </span>
     <span class='ocr_line' id='line_1_106' title="bbox 1129 1342 2082 1380; baseline 0.006 -11"><span class='ocrx_word' id='word_1_916' title='bbox 1129 1349 1277 1380; x_wconf 85' lang='lat' dir='ltr'>umquam</span> <span class='ocrx_word' id='word_1_917' title='bbox 1299 1351 1330 1371; x_wconf 91' lang='lat' dir='ltr'>es</span> <span class='ocrx_word' id='word_1_918' title='bbox 1349 1342 1545 1377; x_wconf 72' lang='lat' dir='ltr'>nobilitatus,</span> <span class='ocrx_word' id='word_1_919' title='bbox 1565 1343 1614 1373; x_wconf 83' lang='lat' dir='ltr'>sed</span> <span class='ocrx_word' id='word_1_920' title='bbox 1633 1353 1671 1374; x_wconf 88' lang='lat' dir='ltr'>ex</span> <span class='ocrx_word' id='word_1_921' title='bbox 1690 1344 1828 1374; x_wconf 83' lang='lat' dir='ltr'>lateribus</span> <span class='ocrx_word' id='word_1_922' title='bbox 1846 1345 2002 1375; x_wconf 81' lang='lat' dir='ltr'>&amp;lacertis</span> <span class='ocrx_word' id='word_1_923' title='bbox 2013 1347 2082 1375; x_wconf 82' lang='lat' dir='ltr'>tuis.</span> 
     </span>
     <span class='ocr_line' id='line_1_107' title="bbox 1131 1379 2084 1417; baseline 0.006 -6"><span class='ocrx_word' id='word_1_924' title='bbox 1131 1382 1220 1411; x_wconf 86' lang='lat' dir='ltr'>Nihil</span> <span class='ocrx_word' id='word_1_925' title='bbox 1231 1385 1311 1413; x_wconf 86' lang='lat' dir='ltr'>Sext.</span> <span class='ocrx_word' id='word_1_926' title='bbox 1325 1384 1423 1413; x_wconf 88' lang='lat' dir='ltr'>AElius</span> <span class='ocrx_word' id='word_1_927' title='bbox 1434 1384 1489 1414; x_wconf 87' lang='lat' dir='ltr'>tale</span> <span class='ocrx_word' id='word_1_928' title='bbox 1500 1404 1508 1417; x_wconf 88' lang='lat'>,</span> <span class='ocrx_word' id='word_1_929' title='bbox 1527 1379 1606 1414; x_wconf 75' lang='lat' dir='ltr'>nibil</span> <span class='ocrx_word' id='word_1_930' title='bbox 1618 1386 1723 1415; x_wconf 89' lang='lat' dir='ltr'>multis</span> <span class='ocrx_word' id='word_1_931' title='bbox 1735 1388 1821 1416; x_wconf 82' lang='lat' dir='ltr'>annis</span> <span class='ocrx_word' id='word_1_932' title='bbox 1830 1386 1897 1416; x_wconf 78' lang='lat' dir='ltr'>ante</span> <span class='ocrx_word' id='word_1_933' title='bbox 1914 1390 1952 1416; x_wconf 91' lang='lat' dir='ltr'>T.</span> <span class='ocrx_word' id='word_1_934' title='bbox 1966 1389 2084 1417; x_wconf 71' lang='lat' dir='ltr'>Corun-</span> 
     </span>
     <span class='ocr_line' id='line_1_108' title="bbox 1127 1424 2086 1468; baseline 0.006 -16"><span class='ocrx_word' id='word_1_935' title='bbox 1127 1424 1247 1453; x_wconf 86' lang='lat' dir='ltr'>canius:</span> <span class='ocrx_word' id='word_1_936' title='bbox 1268 1425 1346 1454; x_wconf 90' lang='lat' dir='ltr'>nihil</span> <span class='ocrx_word' id='word_1_937' title='bbox 1369 1424 1464 1455; x_wconf 74' lang='lat' dir='ltr'>modo</span> <span class='ocrx_word' id='word_1_938' title='bbox 1475 1428 1505 1456; x_wconf 95' lang='lat' dir='ltr'>P.</span> <span class='ocrx_word' id='word_1_939' title='bbox 1518 1425 1648 1456; x_wconf 77' lang='lat' dir='ltr'>Crassus:</span> <span class='ocrx_word' id='word_1_940' title='bbox 1669 1427 1999 1467; x_wconf 73' lang='lat' dir='ltr'>aquibusjuracivibus</span> <span class='ocrx_word' id='word_1_941' title='bbox 2009 1438 2086 1468; x_wconf 83' lang='lat' dir='ltr'>prae-</span> 
     </span>
     <span class='ocr_line' id='line_1_109' title="bbox 1128 1464 2082 1509; baseline 0.007 -16"><span class='ocrx_word' id='word_1_942' title='bbox 1128 1464 1330 1495; x_wconf 87' lang='lat' dir='ltr'>scribebantur</span> <span class='ocrx_word' id='word_1_943' title='bbox 1350 1476 1356 1494; x_wconf 76' lang='lat' dir='ltr'>z</span> <span class='ocrx_word' id='word_1_944' title='bbox 1377 1477 1506 1507; x_wconf 90' lang='lat' dir='ltr'>quorum</span> <span class='ocrx_word' id='word_1_945' title='bbox 1527 1468 1620 1508; x_wconf 89' lang='lat' dir='ltr'>usque</span> <span class='ocrx_word' id='word_1_946' title='bbox 1636 1469 1673 1498; x_wconf 82' lang='lat' dir='ltr'>ad</span> <span class='ocrx_word' id='word_1_947' title='bbox 1694 1478 1865 1499; x_wconf 82' lang='lat' dir='ltr'>extremum</span> <span class='ocrx_word' id='word_1_948' title='bbox 1886 1469 2022 1509; x_wconf 86' lang='lat' dir='ltr'>spiritum</span> <span class='ocrx_word' id='word_1_949' title='bbox 2041 1471 2082 1500; x_wconf 80' lang='lat' dir='ltr'>est</span> 
     </span>
     <span class='ocr_line' id='line_1_110' title="bbox 1127 1506 2084 1551; baseline 0.007 -17"><span class='ocrx_word' id='word_1_950' title='bbox 1127 1506 1270 1544; x_wconf 63' lang='lat' dir='ltr'>pi⁴ove6ta</span> <span class='ocrx_word' id='word_1_951' title='bbox 1285 1507 1451 1546; x_wconf 86' lang='lat' dir='ltr'>prudentia.</span> <span class='ocrx_word' id='word_1_952' title='bbox 1474 1511 1635 1543; x_wconf 77' lang='lat' dir='ltr'>ORATOR,</span> <span class='ocrx_word' id='word_1_953' title='bbox 1661 1520 1766 1540; x_wconf 89' lang='lat' dir='ltr'>metuo</span> <span class='ocrx_word' id='word_1_954' title='bbox 1781 1530 1790 1543; x_wconf 91' lang='lat'>‚</span> <span class='ocrx_word' id='word_1_955' title='bbox 1815 1520 1852 1539; x_wconf 89' lang='lat' dir='ltr'>ne</span> <span class='ocrx_word' id='word_1_956' title='bbox 1865 1510 2029 1551; x_wconf 83' lang='lat' dir='ltr'>languescat</span> <span class='ocrx_word' id='word_1_957' title='bbox 2039 1512 2084 1541; x_wconf 60' lang='lat' dir='ltr'>se-³</span> 
     </span>
     <span class='ocr_line' id='line_1_111' title="bbox 1127 1546 2084 1591; baseline 0.006 -16"><span class='ocrx_word' id='word_1_958' title='bbox 1127 1546 1258 1577; x_wconf 66' lang='lat' dir='ltr'>nectare.</span> <span class='ocrx_word' id='word_1_959' title='bbox 1280 1547 1323 1578; x_wconf 91' lang='lat' dir='ltr'>est</span> <span class='ocrx_word' id='word_1_960' title='bbox 1333 1550 1418 1578; x_wconf 88' lang='lat' dir='ltr'>enim</span> <span class='ocrx_word' id='word_1_961' title='bbox 1428 1559 1541 1580; x_wconf 88' lang='lat' dir='ltr'>munus</span> <span class='ocrx_word' id='word_1_962' title='bbox 1548 1552 1614 1589; x_wconf 86' lang='lat' dir='ltr'>ejus</span> <span class='ocrx_word' id='word_1_963' title='bbox 1624 1560 1687 1580; x_wconf 89' lang='lat' dir='ltr'>non</span> <span class='ocrx_word' id='word_1_964' title='bbox 1698 1552 1814 1591; x_wconf 86' lang='lat' dir='ltr'>ingenii</span> <span class='ocrx_word' id='word_1_965' title='bbox 1825 1550 1936 1584; x_wconf 79' lang='lat' dir='ltr'>solum,</span> <span class='ocrx_word' id='word_1_966' title='bbox 1952 1551 2002 1581; x_wconf 84' lang='lat' dir='ltr'>sed</span> <span class='ocrx_word' id='word_1_967' title='bbox 2012 1553 2084 1582; x_wconf 90' lang='lat' dir='ltr'>late-</span> 
     </span>
     <span class='ocr_line' id='line_1_112' title="bbox 1125 1590 2084 1624; baseline 0.007 -8"><span class='ocrx_word' id='word_1_968' title='bbox 1125 1596 1194 1618; x_wconf 87' lang='lat' dir='ltr'>rum</span> <span class='ocrx_word' id='word_1_969' title='bbox 1213 1590 1323 1623; x_wconf 88' lang='lat' dir='ltr'>etiam,</span> <span class='ocrx_word' id='word_1_970' title='bbox 1346 1590 1379 1620; x_wconf 76' lang='grc' dir='ltr'>δε</span> <span class='ocrx_word' id='word_1_971' title='bbox 1398 1591 1522 1621; x_wconf 86' lang='lat' dir='ltr'>virium.</span> <span class='ocrx_word' id='word_1_972' title='bbox 1546 1593 1685 1622; x_wconf 90' lang='lat' dir='ltr'>Omnino</span> <span class='ocrx_word' id='word_1_973' title='bbox 1700 1602 1846 1622; x_wconf 87' lang='lat' dir='ltr'>canorum</span> <span class='ocrx_word' id='word_1_974' title='bbox 1865 1592 1941 1622; x_wconf 87' lang='lat' dir='ltr'>illud</span> <span class='ocrx_word' id='word_1_975' title='bbox 1963 1595 1995 1623; x_wconf 88' lang='lat' dir='ltr'>in</span> <span class='ocrx_word' id='word_1_976' title='bbox 2008 1603 2084 1624; x_wconf 85' lang='lat' dir='ltr'>voce</span> 
     </span>
     <span class='ocr_line' id='line_1_113' title="bbox 1124 1629 2084 1676; baseline 0.006 -17"><span class='ocrx_word' id='word_1_977' title='bbox 1124 1629 1299 1668; x_wconf 86' lang='lat' dir='ltr'>splendescit</span> <span class='ocrx_word' id='word_1_978' title='bbox 1310 1632 1400 1662; x_wconf 89' lang='lat' dir='ltr'>etiam</span> <span class='ocrx_word' id='word_1_979' title='bbox 1412 1632 1583 1674; x_wconf 86' lang='lat' dir='ltr'>nescioquo</span> <span class='ocrx_word' id='word_1_980' title='bbox 1613 1633 1680 1664; x_wconf 67' lang='lat' dir='ltr'>alito</span> <span class='ocrx_word' id='word_1_981' title='bbox 1690 1635 1721 1663; x_wconf 89' lang='lat' dir='ltr'>in</span> <span class='ocrx_word' id='word_1_982' title='bbox 1733 1633 1893 1664; x_wconf 63' lang='lat' dir='ltr'>senectute:</span> <span class='ocrx_word' id='word_1_983' title='bbox 1905 1635 1985 1674; x_wconf 90' lang='lat' dir='ltr'>quod</span> <span class='ocrx_word' id='word_1_984' title='bbox 1996 1637 2084 1676; x_wconf 89' lang='lat' dir='ltr'>equi-</span> 
     </span>
     <span class='ocr_line' id='line_1_114' title="bbox 1123 1643 2079 1707; baseline 0.007 -7"><span class='ocrx_word' id='word_1_985' title='bbox 1123 1671 1194 1701; x_wconf 90' lang='lat' dir='ltr'>dem</span> <span class='ocrx_word' id='word_1_986' title='bbox 1205 1672 1301 1703; x_wconf 85' lang='lat' dir='ltr'>adhuc</span> <span class='ocrx_word' id='word_1_987' title='bbox 1313 1682 1378 1703; x_wconf 91' lang='lat' dir='ltr'>non</span> <span class='ocrx_word' id='word_1_988' title='bbox 1390 1672 1474 1704; x_wconf 71' lang='lat' dir='ltr'>amisi</span> <span class='ocrx_word' id='word_1_989' title='bbox 1489 1675 1540 1705; x_wconf 77' lang='lat'>2&amp;</span> <span class='ocrx_word' id='word_1_990' title='bbox 1551 1643 1660 1705; x_wconf 59' lang='lat' dir='ltr'>viXetis</span> <span class='ocrx_word' id='word_1_991' title='bbox 1669 1685 1766 1706; x_wconf 85' lang='lat' dir='ltr'>annos</span> <span class='ocrx_word' id='word_1_992' title='bbox 1783 1676 1848 1706; x_wconf 86' lang='lat' dir='ltr'>:sed</span> <span class='ocrx_word' id='word_1_993' title='bbox 1860 1685 1960 1706; x_wconf 88' lang='lat' dir='ltr'>tamen</span> <span class='ocrx_word' id='word_1_994' title='bbox 1975 1676 2018 1706; x_wconf 88' lang='lat' dir='ltr'>est</span> <span class='ocrx_word' id='word_1_995' title='bbox 2028 1677 2079 1707; x_wconf 90' lang='lat' dir='ltr'>de-</span> 
     </span>
     <span class='ocr_line' id='line_1_115' title="bbox 1122 1714 2082 1759; baseline 0.007 -17"><span class='ocrx_word' id='word_1_996' title='bbox 1122 1722 1210 1742; x_wconf 90' lang='lat' dir='ltr'>corus</span> <span class='ocrx_word' id='word_1_997' title='bbox 1221 1714 1318 1744; x_wconf 87' lang='lat' dir='ltr'>sermo</span> <span class='ocrx_word' id='word_1_998' title='bbox 1327 1715 1416 1749; x_wconf 86' lang='lat' dir='ltr'>senis,</span> <span class='ocrx_word' id='word_1_999' title='bbox 1428 1716 1547 1755; x_wconf 85' lang='lat' dir='ltr'>quietus</span> <span class='ocrx_word' id='word_1_1000' title='bbox 1558 1736 1566 1750; x_wconf 93' lang='lat'>,</span> <span class='ocrx_word' id='word_1_1001' title='bbox 1582 1717 1615 1747; x_wconf 76' lang='grc' dir='ltr'>δε</span> <span class='ocrx_word' id='word_1_1002' title='bbox 1626 1715 1777 1747; x_wconf 75' lang='lat' dir='ltr'>remissus:</span> <span class='ocrx_word' id='word_1_1003' title='bbox 1792 1716 1944 1758; x_wconf 86' lang='lat' dir='ltr'>9facitque</span> <span class='ocrx_word' id='word_1_1004' title='bbox 1954 1718 2082 1759; x_wconf 78' lang='lat' dir='ltr'>persaepe</span> 
     </span>
     <span class='ocr_line' id='line_1_116' title="bbox 1122 1753 2081 1793; baseline 0.006 -10"><span class='ocrx_word' id='word_1_1005' title='bbox 1122 1753 1184 1793; x_wconf 86' lang='lat' dir='ltr'>ipsa</span> <span class='ocrx_word' id='word_1_1006' title='bbox 1209 1753 1263 1785; x_wconf 79' lang='lat' dir='ltr'>fibi</span> <span class='ocrx_word' id='word_1_1007' title='bbox 1280 1755 1466 1787; x_wconf 83' lang='lat' dir='ltr'>audientiam</span> <span class='ocrx_word' id='word_1_1008' title='bbox 1487 1757 1589 1787; x_wconf 75' lang='lat' dir='ltr'>diserti</span> <span class='ocrx_word' id='word_1_1009' title='bbox 1610 1759 1688 1788; x_wconf 83' lang='lat' dir='ltr'>senis</span> <span class='ocrx_word' id='word_1_1010' title='bbox 1705 1767 1807 1788; x_wconf 82' lang='lat' dir='ltr'>comta</span> <span class='ocrx_word' id='word_1_1011' title='bbox 1830 1759 1862 1789; x_wconf 78' lang='grc' dir='ltr'>δε</span> <span class='ocrx_word' id='word_1_1012' title='bbox 1877 1760 1961 1789; x_wconf 87' lang='lat' dir='ltr'>mitis</span> <span class='ocrx_word' id='word_1_1013' title='bbox 1972 1769 2081 1792; x_wconf 74' lang='lat' dir='ltr'>oratio.</span> 
     </span>
     <span class='ocr_line' id='line_1_117' title="bbox 1122 1795 2080 1841; baseline 0.008 -17"><span class='ocrx_word' id='word_1_1014' title='bbox 1122 1795 1206 1835; x_wconf 90' lang='lat' dir='ltr'>quod</span> <span class='ocrx_word' id='word_1_1015' title='bbox 1228 1795 1250 1825; x_wconf 87' lang='lat' dir='ltr'>fi</span> <span class='ocrx_word' id='word_1_1016' title='bbox 1275 1797 1335 1836; x_wconf 90' lang='lat' dir='ltr'>ipse</span> <span class='ocrx_word' id='word_1_1017' title='bbox 1345 1798 1465 1838; x_wconf 85' lang='lat' dir='ltr'>exsequi</span> <span class='ocrx_word' id='word_1_1018' title='bbox 1475 1808 1604 1839; x_wconf 75' lang='lat' dir='ltr'>nequeas</span> <span class='ocrx_word' id='word_1_1019' title='bbox 1615 1819 1624 1833; x_wconf 92' lang='lat'>,</span> <span class='ocrx_word' id='word_1_1020' title='bbox 1648 1798 1736 1840; x_wconf 77' lang='lat' dir='ltr'>poffis</span> <span class='ocrx_word' id='word_1_1021' title='bbox 1747 1809 1847 1830; x_wconf 88' lang='lat' dir='ltr'>tamen</span> <span class='ocrx_word' id='word_1_1022' title='bbox 1860 1803 1995 1840; x_wconf 89' lang='lat' dir='ltr'>Scipioni</span> <span class='ocrx_word' id='word_1_1023' title='bbox 2005 1811 2080 1841; x_wconf 83' lang='lat' dir='ltr'>prae-</span> 
     </span>
    </p>
   </div>
   <div class='ocr_carea' id='block_1_18' title="bbox 1111 1838 2080 1881">
    <p class='ocr_par' dir='ltr' id='par_1_29' title="bbox 1111 1838 2080 1881">
     <span class='ocr_line' id='line_1_118' title="bbox 1111 1838 2080 1881; baseline 0.007 -15"><span class='ocrx_word' id='word_1_1024' title='bbox 1111 1838 1230 1876; x_wconf 82' lang='lat' dir='ltr'>cipere,</span> <span class='ocrx_word' id='word_1_1025' title='bbox 1246 1838 1278 1868; x_wconf 92' lang='lat'>&amp;</span> <span class='ocrx_word' id='word_1_1026' title='bbox 1288 1839 1393 1868; x_wconf 84' lang='lat' dir='ltr'>Laelio.</span> <span class='ocrx_word' id='word_1_1027' title='bbox 1412 1842 1505 1879; x_wconf 83' lang='lat' dir='ltr'>QJrn</span> <span class='ocrx_word' id='word_1_1028' title='bbox 1517 1841 1600 1870; x_wconf 86' lang='lat' dir='ltr'>enim</span> <span class='ocrx_word' id='word_1_1029' title='bbox 1613 1840 1824 1881; x_wconf 88' lang='lat' dir='ltr'>estjucundius</span> <span class='ocrx_word' id='word_1_1030' title='bbox 1834 1842 1988 1873; x_wconf 46' lang='lat' dir='ltr'>senectute</span> <span class='ocrx_word' id='word_1_1031' title='bbox 1998 1863 2006 1876; x_wconf 92' lang='lat'>‚</span> <span class='ocrx_word' id='word_1_1032' title='bbox 2026 1843 2080 1874; x_wconf 87' lang='lat' dir='ltr'>sti-</span> 
     </span>
    </p>
   </div>
   <div class='ocr_carea' id='block_1_19' title="bbox 1112 1876 2078 2541">
    <p class='ocr_par' dir='ltr' id='par_1_30' title="bbox 1112 1876 2078 2508">
     <span class='ocr_line' id='line_1_119' title="bbox 1117 1876 2078 1924; baseline 0.007 -16"><span class='ocrx_word' id='word_1_1033' title='bbox 1117 1887 1183 1917; x_wconf 89' lang='lat' dir='ltr'>pata</span> <span class='ocrx_word' id='word_1_1034' title='bbox 1199 1876 1303 1910; x_wconf 82' lang='lat' dir='ltr'>studiis</span> <span class='ocrx_word' id='word_1_1035' title='bbox 1315 1880 1485 1920; x_wconf 62' lang='lat' dir='ltr'>juventutis</span> <span class='ocrx_word' id='word_1_1036' title='bbox 1497 1884 1508 1910; x_wconf 90' lang='lat'>?</span> <span class='ocrx_word' id='word_1_1037' title='bbox 1530 1885 1578 1912; x_wconf 87' lang='lat' dir='ltr'>An</span> <span class='ocrx_word' id='word_1_1038' title='bbox 1589 1892 1627 1912; x_wconf 93' lang='lat' dir='ltr'>ne</span> <span class='ocrx_word' id='word_1_1039' title='bbox 1637 1893 1685 1913; x_wconf 82' lang='lat' dir='ltr'>eas</span> <span class='ocrx_word' id='word_1_1040' title='bbox 1695 1883 1817 1924; x_wconf 88' lang='lat' dir='ltr'>quidem</span> <span class='ocrx_word' id='word_1_1041' title='bbox 1830 1885 1920 1914; x_wconf 86' lang='lat' dir='ltr'>vireis</span> <span class='ocrx_word' id='word_1_1042' title='bbox 1931 1884 2078 1916; x_wconf 55' lang='lat' dir='ltr'>senestuti</span> 
     </span>
     <span class='ocr_line' id='line_1_120' title="bbox 1114 1920 2077 1961; baseline 0.007 -12"><span class='ocrx_word' id='word_1_1043' title='bbox 1114 1920 1321 1961; x_wconf 78' lang='lat' dir='ltr'>relinquemus</span> <span class='ocrx_word' id='word_1_1044' title='bbox 1331 1942 1340 1956; x_wconf 90' lang='lat'>,</span> <span class='ocrx_word' id='word_1_1045' title='bbox 1353 1931 1385 1953; x_wconf 93' lang='lat' dir='ltr'>ut</span> <span class='ocrx_word' id='word_1_1046' title='bbox 1393 1922 1629 1954; x_wconf 89' lang='lat' dir='ltr'>adolescentulos</span> <span class='ocrx_word' id='word_1_1047' title='bbox 1639 1925 1743 1955; x_wconf 83' lang='lat' dir='ltr'>doceat</span> <span class='ocrx_word' id='word_1_1048' title='bbox 1753 1945 1762 1959; x_wconf 88' lang='lat'>‚</span> <span class='ocrx_word' id='word_1_1049' title='bbox 1773 1924 1908 1956; x_wconf 86' lang='lat' dir='ltr'>instituat</span> <span class='ocrx_word' id='word_1_1050' title='bbox 1916 1946 1925 1959; x_wconf 87' lang='lat'><em>‚</em></span> <span class='ocrx_word' id='word_1_1051' title='bbox 1935 1926 1970 1957; x_wconf 81' lang='lat' dir='ltr'>ad</span> <span class='ocrx_word' id='word_1_1052' title='bbox 1981 1936 2077 1957; x_wconf 88' lang='lat' dir='ltr'>omne</span> 
     </span>
     <span class='ocr_line' id='line_1_121' title="bbox 1119 1960 2077 2008; baseline 0.007 -16"><span class='ocrx_word' id='word_1_1053' title='bbox 1119 1960 1214 1992; x_wconf 82' lang='lat' dir='ltr'>officii</span> <span class='ocrx_word' id='word_1_1054' title='bbox 1230 1972 1342 1994; x_wconf 89' lang='lat' dir='ltr'>munus</span> <span class='ocrx_word' id='word_1_1055' title='bbox 1361 1963 1505 1995; x_wconf 88' lang='lat' dir='ltr'>instruat?</span> <span class='ocrx_word' id='word_1_1056' title='bbox 1522 1975 1583 2007; x_wconf 90' lang='lat' dir='ltr'>quo</span> <span class='ocrx_word' id='word_1_1057' title='bbox 1594 1966 1715 2007; x_wconf 87' lang='lat' dir='ltr'>quidem</span> <span class='ocrx_word' id='word_1_1058' title='bbox 1727 1977 1815 2007; x_wconf 88' lang='lat' dir='ltr'>opere</span> <span class='ocrx_word' id='word_1_1059' title='bbox 1826 1967 1898 2008; x_wconf 89' lang='lat' dir='ltr'>quid</span> <span class='ocrx_word' id='word_1_1060' title='bbox 1910 1968 2005 2008; x_wconf 86' lang='lat' dir='ltr'>potest</span> <span class='ocrx_word' id='word_1_1061' title='bbox 2019 1966 2077 1999; x_wconf 79' lang='lat' dir='ltr'>effe</span> 
     </span>
     <span class='ocr_line' id='line_1_122' title="bbox 1115 2004 2076 2049; baseline 0.006 -15"><span class='ocrx_word' id='word_1_1062' title='bbox 1115 2004 1305 2044; x_wconf 79' lang='lat' dir='ltr'>praeclarius?</span> <span class='ocrx_word' id='word_1_1063' title='bbox 1327 2007 1407 2036; x_wconf 92' lang='lat' dir='ltr'>Mihi</span> <span class='ocrx_word' id='word_1_1064' title='bbox 1418 2005 1489 2037; x_wconf 73' lang='lat' dir='ltr'>vero</span> <span class='ocrx_word' id='word_1_1065' title='bbox 1503 2008 1559 2037; x_wconf 88' lang='lat' dir='ltr'>Cn.</span> <span class='ocrx_word' id='word_1_1066' title='bbox 1572 2008 1604 2038; x_wconf 88' lang='lat'>&amp;</span> <span class='ocrx_word' id='word_1_1067' title='bbox 1615 2011 1646 2039; x_wconf 87' lang='lat' dir='ltr'>P.</span> <span class='ocrx_word' id='word_1_1068' title='bbox 1659 2010 1814 2049; x_wconf 87' lang='lat' dir='ltr'>Scipiones</span> <span class='ocrx_word' id='word_1_1069' title='bbox 1826 2029 1834 2042; x_wconf 93' lang='lat'>,</span> <span class='ocrx_word' id='word_1_1070' title='bbox 1847 2009 1878 2039; x_wconf 93' lang='lat'>&amp;</span> <span class='ocrx_word' id='word_1_1071' title='bbox 1889 2012 1936 2039; x_wconf 91' lang='lat' dir='ltr'>avi</span> <span class='ocrx_word' id='word_1_1072' title='bbox 1947 2012 1991 2040; x_wconf 89' lang='lat' dir='ltr'>tui</span> <span class='ocrx_word' id='word_1_1073' title='bbox 2001 2010 2076 2045; x_wconf 84' lang='lat' dir='ltr'>duo.</span> 
     </span>
     <span class='ocr_line' id='line_1_123' title="bbox 1120 2047 2077 2090; baseline 0.007 -15"><span class='ocrx_word' id='word_1_1074' title='bbox 1120 2047 1156 2075; x_wconf 91' lang='lat' dir='ltr'>L.</span> <span class='ocrx_word' id='word_1_1075' title='bbox 1168 2047 1314 2077; x_wconf 86' lang='lat' dir='ltr'>AEmilius</span> <span class='ocrx_word' id='word_1_1076' title='bbox 1325 2068 1333 2081; x_wconf 91' lang='lat'><strong>‚</strong></span> <span class='ocrx_word' id='word_1_1077' title='bbox 1350 2048 1383 2078; x_wconf 87' lang='lat'>&amp;</span> <span class='ocrx_word' id='word_1_1078' title='bbox 1396 2051 1425 2078; x_wconf 90' lang='lat' dir='ltr'>P.</span> <span class='ocrx_word' id='word_1_1079' title='bbox 1438 2047 1595 2079; x_wconf 84' lang='lat' dir='ltr'>Africanus</span> <span class='ocrx_word' id='word_1_1080' title='bbox 1605 2052 1751 2080; x_wconf 89' lang='lat' dir='ltr'>comitatu</span> <span class='ocrx_word' id='word_1_1081' title='bbox 1762 2050 1916 2081; x_wconf 91' lang='lat' dir='ltr'>nobilium</span> <span class='ocrx_word' id='word_1_1082' title='bbox 1925 2053 2077 2090; x_wconf 84' lang='lat' dir='ltr'>juvenum</span> 
     </span>
     <span class='ocr_line' id='line_1_124' title="bbox 1118 2086 2078 2133; baseline 0.007 -16"><span class='ocrx_word' id='word_1_1083' title='bbox 1118 2086 1264 2118; x_wconf 88' lang='lat' dir='ltr'>fortunati</span> <span class='ocrx_word' id='word_1_1084' title='bbox 1282 2089 1468 2120; x_wconf 85' lang='lat' dir='ltr'>videbantur.</span> <span class='ocrx_word' id='word_1_1085' title='bbox 1492 2100 1558 2120; x_wconf 76' lang='lat' dir='ltr'>NEC</span> <span class='ocrx_word' id='word_1_1086' title='bbox 1578 2092 1634 2122; x_wconf 93' lang='lat' dir='ltr'>ulli</span> <span class='ocrx_word' id='word_1_1087' title='bbox 1653 2092 1805 2123; x_wconf 83' lang='lat' dir='ltr'>bonarum</span> <span class='ocrx_word' id='word_1_1088' title='bbox 1823 2094 1934 2123; x_wconf 87' lang='lat' dir='ltr'>artium</span> <span class='ocrx_word' id='word_1_1089' title='bbox 1945 2093 2078 2133; x_wconf 80' lang='lat' dir='ltr'>magistri</span> 
     </span>
     <span class='ocr_line' id='line_1_125' title="bbox 1116 2129 2076 2175; baseline 0.006 -16"><span class='ocrx_word' id='word_1_1090' title='bbox 1116 2139 1182 2159; x_wconf 90' lang='lat' dir='ltr'>non</span> <span class='ocrx_word' id='word_1_1091' title='bbox 1192 2129 1267 2160; x_wconf 90' lang='lat' dir='ltr'>beati</span> <span class='ocrx_word' id='word_1_1092' title='bbox 1276 2131 1400 2170; x_wconf 88' lang='lat' dir='ltr'>putandi</span> <span class='ocrx_word' id='word_1_1093' title='bbox 1416 2151 1425 2165; x_wconf 94' lang='lat'>,</span> <span class='ocrx_word' id='word_1_1094' title='bbox 1443 2134 1580 2171; x_wconf 90' lang='lat' dir='ltr'>quamvis</span> <span class='ocrx_word' id='word_1_1095' title='bbox 1589 2134 1802 2164; x_wconf 89' lang='lat' dir='ltr'>consenuerint</span> <span class='ocrx_word' id='word_1_1096' title='bbox 1811 2135 1890 2164; x_wconf 88' lang='lat' dir='ltr'>vires</span> <span class='ocrx_word' id='word_1_1097' title='bbox 1901 2129 1914 2168; x_wconf 77' lang='lat'>,¹</span> <span class='ocrx_word' id='word_1_1098' title='bbox 1923 2144 2010 2175; x_wconf 89' lang='lat' dir='ltr'>atque</span> <span class='ocrx_word' id='word_1_1099' title='bbox 2020 2135 2076 2165; x_wconf 81' lang='lat' dir='ltr'>de-</span> 
     </span>
     <span class='ocr_line' id='line_1_126' title="bbox 1113 2170 2076 2213; baseline 0.007 -13"><span class='ocrx_word' id='word_1_1100' title='bbox 1113 2170 1255 2208; x_wconf 79' lang='lat' dir='ltr'>fecerint.</span> <span class='ocrx_word' id='word_1_1101' title='bbox 1281 2171 1331 2202; x_wconf 85' lang='lat' dir='ltr'>etfi</span> <span class='ocrx_word' id='word_1_1102' title='bbox 1345 2172 1397 2203; x_wconf 87' lang='lat' dir='ltr'>ista</span> <span class='ocrx_word' id='word_1_1103' title='bbox 1410 2174 1470 2213; x_wconf 89' lang='lat' dir='ltr'>ipsa</span> <span class='ocrx_word' id='word_1_1104' title='bbox 1483 2184 1651 2205; x_wconf 67' lang='lat' dir='ltr'>nemc&#39;rm</span> <span class='ocrx_word' id='word_1_1105' title='bbox 1659 2178 1769 2206; x_wconf 81' lang='lat' dir='ltr'>virium</span> <span class='ocrx_word' id='word_1_1106' title='bbox 1781 2195 1790 2209; x_wconf 90' lang='lat'><em>‚</em></span> <span class='ocrx_word' id='word_1_1107' title='bbox 1810 2175 2015 2206; x_wconf 65' lang='lat' dir='ltr'>adolescenti-22</span> <span class='ocrx_word' id='word_1_1108' title='bbox 2027 2178 2076 2207; x_wconf 90' lang='lat' dir='ltr'>vi-</span> 
     </span>
     <span class='ocr_line' id='line_1_127' title="bbox 1115 2211 2071 2256; baseline 0.006 -14"><span class='ocrx_word' id='word_1_1109' title='bbox 1115 2214 1165 2243; x_wconf 76' lang='lat' dir='ltr'>tiis</span> <span class='ocrx_word' id='word_1_1110' title='bbox 1185 2211 1313 2244; x_wconf 83' lang='lat' dir='ltr'>efficitur</span> <span class='ocrx_word' id='word_1_1111' title='bbox 1328 2216 1435 2254; x_wconf 88' lang='lat' dir='ltr'>saepius</span> <span class='ocrx_word' id='word_1_1112' title='bbox 1449 2235 1458 2249; x_wconf 87' lang='lat'><em>‚</em></span> <span class='ocrx_word' id='word_1_1113' title='bbox 1482 2215 1572 2256; x_wconf 64' lang='lat' dir='ltr'>quam</span> <span class='ocrx_word' id='word_1_1114' title='bbox 1583 2217 1755 2247; x_wconf 59' lang='lat' dir='ltr'>senectutis.</span> <span class='ocrx_word' id='word_1_1115' title='bbox 1772 2217 1933 2248; x_wconf 86' lang='lat' dir='ltr'>libidinosa</span> <span class='ocrx_word' id='word_1_1116' title='bbox 1943 2220 2071 2252; x_wconf 84' lang='lat' dir='ltr'>etenim,</span> 
     </span>
     <span class='ocr_line' id='line_1_128' title="bbox 1118 2254 2075 2299; baseline 0.006 -15"><span class='ocrx_word' id='word_1_1117' title='bbox 1118 2254 1363 2296; x_wconf 84' lang='lat' dir='ltr'>&amp;intemperans</span> <span class='ocrx_word' id='word_1_1118' title='bbox 1372 2257 1571 2289; x_wconf 86' lang='lat' dir='ltr'>adolescentia</span> <span class='ocrx_word' id='word_1_1119' title='bbox 1579 2256 1716 2289; x_wconf 73' lang='lat' dir='ltr'>effoetum</span> <span class='ocrx_word' id='word_1_1120' title='bbox 1727 2268 1833 2299; x_wconf 87' lang='lat' dir='ltr'>corpus</span> <span class='ocrx_word' id='word_1_1121' title='bbox 1843 2259 1929 2290; x_wconf 87' lang='lat' dir='ltr'>tradit</span> <span class='ocrx_word' id='word_1_1122' title='bbox 1938 2259 2075 2290; x_wconf 62' lang='lat' dir='ltr'>senefiu-</span> 
     </span>
     <span class='ocr_line' id='line_1_129' title="bbox 1115 2298 2071 2341; baseline 0.005 -15"><span class='ocrx_word' id='word_1_1123' title='bbox 1115 2299 1147 2326; x_wconf 89' lang='lat' dir='ltr'>ti.</span> <span class='ocrx_word' id='word_1_1124' title='bbox 1169 2298 1264 2336; x_wconf 84' lang='lat' dir='ltr'>Cyrus</span> <span class='ocrx_word' id='word_1_1125' title='bbox 1275 2298 1398 2338; x_wconf 90' lang='lat' dir='ltr'>quidem</span> <span class='ocrx_word' id='word_1_1126' title='bbox 1408 2298 1484 2338; x_wconf 91' lang='lat' dir='ltr'>apud</span> <span class='ocrx_word' id='word_1_1127' title='bbox 1498 2301 1738 2339; x_wconf 88' lang='lat' dir='ltr'>Xenophontem</span> <span class='ocrx_word' id='word_1_1128' title='bbox 1751 2311 1787 2330; x_wconf 93' lang='lat' dir='ltr'>eo</span> <span class='ocrx_word' id='word_1_1129' title='bbox 1798 2301 1935 2331; x_wconf 84' lang='lat' dir='ltr'>sermone</span> <span class='ocrx_word' id='word_1_1130' title='bbox 1946 2320 1955 2334; x_wconf 87' lang='lat'>,</span> <span class='ocrx_word' id='word_1_1131' title='bbox 1977 2311 2071 2341; x_wconf 86' lang='lat' dir='ltr'>quem</span> 
     </span>
     <span class='ocr_line' id='line_1_130' title="bbox 1115 2339 2074 2383; baseline 0.002 -15"><span class='ocrx_word' id='word_1_1132' title='bbox 1115 2348 1251 2369; x_wconf 79' lang='lat' dir='ltr'>moriens</span> <span class='ocrx_word' id='word_1_1133' title='bbox 1263 2340 1366 2370; x_wconf 86' lang='lat' dir='ltr'>habuit</span> <span class='ocrx_word' id='word_1_1134' title='bbox 1375 2360 1383 2373; x_wconf 91' lang='lat'>,</span> <span class='ocrx_word' id='word_1_1135' title='bbox 1396 2339 1467 2370; x_wconf 76' lang='lat' dir='ltr'>cum</span> <span class='ocrx_word' id='word_1_1136' title='bbox 1479 2341 1646 2371; x_wconf 88' lang='lat' dir='ltr'>admodum</span> <span class='ocrx_word' id='word_1_1137' title='bbox 1659 2343 1749 2372; x_wconf 76' lang='lat' dir='ltr'>senex</span> <span class='ocrx_word' id='word_1_1138' title='bbox 1760 2341 1831 2372; x_wconf 86' lang='lat' dir='ltr'>effet</span> <span class='ocrx_word' id='word_1_1139' title='bbox 1842 2362 1850 2375; x_wconf 84' lang='lat'>‚</span> <span class='ocrx_word' id='word_1_1140' title='bbox 1871 2343 1992 2383; x_wconf 70' lang='lat' dir='ltr'>negatft</span> <span class='ocrx_word' id='word_1_1141' title='bbox 2005 2353 2074 2371; x_wconf 73' lang='lat' dir='ltr'>um-</span> 
     </span>
     <span class='ocr_line' id='line_1_131' title="bbox 1113 2380 2071 2425; baseline 0.006 -17"><span class='ocrx_word' id='word_1_1142' title='bbox 1113 2389 1201 2420; x_wconf 84' lang='lat' dir='ltr'>quam</span> <span class='ocrx_word' id='word_1_1143' title='bbox 1214 2380 1319 2420; x_wconf 75' lang='lat' dir='ltr'>fenfiffi</span> <span class='ocrx_word' id='word_1_1144' title='bbox 1328 2402 1337 2415; x_wconf 87' lang='lat'>‚</span> <span class='ocrx_word' id='word_1_1145' title='bbox 1344 2381 1514 2421; x_wconf 55' lang='lat' dir='ltr'>finalitatem</span> <span class='ocrx_word' id='word_1_1146' title='bbox 1530 2383 1616 2422; x_wconf 66' lang='lat' dir='ltr'>sitam</span> <span class='ocrx_word' id='word_1_1147' title='bbox 1625 2382 1831 2414; x_wconf 79' lang='lat' dir='ltr'>imbecilliorem</span> <span class='ocrx_word' id='word_1_1148' title='bbox 1834 2383 1949 2423; x_wconf 62' lang='lat' dir='ltr'>fastam.</span> <span class='ocrx_word' id='word_1_1149' title='bbox 1961 2405 1969 2417; x_wconf 89' lang='lat'>,</span> <span class='ocrx_word' id='word_1_1150' title='bbox 1981 2394 2071 2425; x_wconf 79' lang='lat' dir='ltr'>quam</span> 
     </span>
     <span class='ocr_line' id='line_1_132' title="bbox 1114 2422 2073 2467; baseline 0.008 -18"><span class='ocrx_word' id='word_1_1151' title='bbox 1114 2422 1297 2462; x_wconf 63' lang='lat' dir='ltr'>adolescentia</span> <span class='ocrx_word' id='word_1_1152' title='bbox 1308 2422 1421 2462; x_wconf 74' lang='lat' dir='ltr'>futffir.</span> <span class='ocrx_word' id='word_1_1153' title='bbox 1445 2427 1508 2465; x_wconf 86' lang='lat' dir='ltr'>Ego</span> <span class='ocrx_word' id='word_1_1154' title='bbox 1527 2427 1562 2454; x_wconf 90' lang='lat' dir='ltr'>L.</span> <span class='ocrx_word' id='word_1_1155' title='bbox 1576 2426 1734 2455; x_wconf 87' lang='lat' dir='ltr'>Metellum</span> <span class='ocrx_word' id='word_1_1156' title='bbox 1746 2427 1877 2455; x_wconf 90' lang='lat' dir='ltr'>memini</span> <span class='ocrx_word' id='word_1_1157' title='bbox 1887 2435 1960 2466; x_wconf 90' lang='lat' dir='ltr'>puer</span> <span class='ocrx_word' id='word_1_1158' title='bbox 1969 2446 1978 2460; x_wconf 97' lang='lat'>,</span> <span class='ocrx_word' id='word_1_1159' title='bbox 1997 2427 2007 2465; x_wconf 91' lang='lat'>(</span> <span class='ocrx_word' id='word_1_1160' title='bbox 2019 2430 2073 2467; x_wconf 85' lang='lat' dir='ltr'>qui.</span> 
     </span>
     <span class='ocr_line' id='line_1_133' title="bbox 1112 2464 2074 2508; baseline 0.005 -15"><span class='ocrx_word' id='word_1_1161' title='bbox 1112 2473 1183 2493; x_wconf 89' lang='lat' dir='ltr'>cum</span> <span class='ocrx_word' id='word_1_1162' title='bbox 1195 2464 1393 2505; x_wconf 87' lang='lat' dir='ltr'>quadriennio</span> <span class='ocrx_word' id='word_1_1163' title='bbox 1403 2465 1469 2506; x_wconf 85' lang='lat' dir='ltr'>post</span> <span class='ocrx_word' id='word_1_1164' title='bbox 1477 2466 1604 2497; x_wconf 89' lang='lat' dir='ltr'>alterum</span> <span class='ocrx_word' id='word_1_1165' title='bbox 1617 2468 1808 2498; x_wconf 86' lang='lat' dir='ltr'>consulatum</span> <span class='ocrx_word' id='word_1_1166' title='bbox 1817 2467 1959 2508; x_wconf 84' lang='lat' dir='ltr'>pontifex</span> <span class='ocrx_word' id='word_1_1167' title='bbox 1972 2470 2074 2498; x_wconf 80' lang='lat' dir='ltr'>maxi·-</span> 
     </span>
    </p>

    <p class='ocr_par' dir='ltr' id='par_1_31' title="bbox 2002 2519 2074 2541">
     <span class='ocr_line' id='line_1_134' title="bbox 2002 2519 2074 2541; baseline 0.014 -1"><span class='ocrx_word' id='word_1_1168' title='bbox 2002 2519 2074 2541; x_wconf 79' lang='lat' dir='ltr'>mus</span> 
     </span>
    </p>
   </div>
   <div class='ocr_carea' id='block_1_20' title="bbox 1780 2559 1854 2563">
    <p class='ocr_par' dir='ltr' id='par_1_32' title="bbox 1780 2559 1854 2563">
     <span class='ocr_line' id='line_1_135' title="bbox 1780 2559 1854 2563; baseline 0 0"><span class='ocrx_word' id='word_1_1169' title='bbox 1780 2559 1854 2563; x_wconf 95' lang='lat' dir='ltr'> </span> 
     </span>
    </p>
   </div>
   <div class='ocr_carea' id='block_1_21' title="bbox 1112 2573 2078 3144">
    <p class='ocr_par' dir='ltr' id='par_1_33' title="bbox 1115 2573 2078 2681">
     <span class='ocr_line' id='line_1_136' title="bbox 1151 2573 2074 2607; baseline 0.005 -11"><span class='ocrx_word' id='word_1_1170' title='bbox 1151 2579 1179 2604; x_wconf 86' lang='lat'>5.</span> <span class='ocrx_word' id='word_1_1171' title='bbox 1198 2574 1261 2596; x_wconf 81' lang='lat' dir='ltr'>Num</span> <span class='ocrx_word' id='word_1_1172' title='bbox 1270 2575 1392 2597; x_wconf 81' lang='lat' dir='ltr'>Homerum</span> <span class='ocrx_word' id='word_1_1173' title='bbox 1403 2591 1411 2604; x_wconf 91' lang='lat'>,</span> <span class='ocrx_word' id='word_1_1174' title='bbox 1429 2582 1486 2598; x_wconf 82' lang='lat' dir='ltr'>num</span> <span class='ocrx_word' id='word_1_1175' title='bbox 1494 2573 1637 2607; x_wconf 61' lang='lat' dir='ltr'>Hesiodum]</span> <span class='ocrx_word' id='word_1_1176' title='bbox 1657 2574 1772 2601; x_wconf 72' lang='lat' dir='ltr'>Reti-axi</span> <span class='ocrx_word' id='word_1_1177' title='bbox 1791 2583 1825 2601; x_wconf 75' lang='lat' dir='ltr'>ex</span> <span class='ocrx_word' id='word_1_1178' title='bbox 1836 2574 1887 2601; x_wconf 78' lang='lat' dir='ltr'>alio</span> <span class='ocrx_word' id='word_1_1179' title='bbox 1897 2574 1956 2601; x_wconf 84' lang='lat' dir='ltr'>loco</span> <span class='ocrx_word' id='word_1_1180' title='bbox 1968 2576 2074 2601; x_wconf 81' lang='lat' dir='ltr'>Home-</span> 
     </span>
     <span class='ocr_line' id='line_1_137' title="bbox 1115 2608 2078 2644; baseline 0.008 -13"><span class='ocrx_word' id='word_1_1181' title='bbox 1115 2615 1172 2632; x_wconf 80' lang='lat' dir='ltr'>runi</span> <span class='ocrx_word' id='word_1_1182' title='bbox 1184 2608 1212 2632; x_wconf 69' lang='lat'>8:</span> <span class='ocrx_word' id='word_1_1183' title='bbox 1222 2608 1339 2642; x_wconf 87' lang='lat' dir='ltr'>primore</span> <span class='ocrx_word' id='word_1_1184' title='bbox 1349 2611 1488 2643; x_wconf 80' lang='lat' dir='ltr'>po&#39;e&#39;tarum</span> <span class='ocrx_word' id='word_1_1185' title='bbox 1499 2609 1628 2636; x_wconf 83' lang='lat' dir='ltr'>collocavi</span> <span class='ocrx_word' id='word_1_1186' title='bbox 1641 2630 1648 2642; x_wconf 93' lang='lat'>‚</span> <span class='ocrx_word' id='word_1_1187' title='bbox 1659 2614 1673 2636; x_wconf 77' lang='lat' dir='ltr'>c</span> <span class='ocrx_word' id='word_1_1188' title='bbox 1683 2610 1736 2637; x_wconf 75' lang='lat' dir='ltr'>fide</span> <span class='ocrx_word' id='word_1_1189' title='bbox 1747 2611 1795 2637; x_wconf 83' lang='lat' dir='ltr'>Cel</span> <span class='ocrx_word' id='word_1_1190' title='bbox 1801 2610 1931 2638; x_wconf 74' lang='lat' dir='ltr'>bei-densis</span> <span class='ocrx_word' id='word_1_1191' title='bbox 1943 2630 1951 2644; x_wconf 93' lang='lat'>‚</span> <span class='ocrx_word' id='word_1_1192' title='bbox 1962 2620 2078 2638; x_wconf 78' lang='lat' dir='ltr'>eorum—·</span> 
     </span>
     <span class='ocr_line' id='line_1_138' title="bbox 1115 2643 2060 2681; baseline 0.01 -14"><span class='ocrx_word' id='word_1_1193' title='bbox 1115 2652 1167 2678; x_wconf 88' lang='lat' dir='ltr'>que</span> <span class='ocrx_word' id='word_1_1194' title='bbox 1177 2652 1242 2678; x_wconf 89' lang='lat' dir='ltr'>qnos</span> <span class='ocrx_word' id='word_1_1195' title='bbox 1254 2643 1364 2669; x_wconf 82' lang='lat' dir='ltr'>excuffit</span> <span class='ocrx_word' id='word_1_1196' title='bbox 1374 2644 1461 2670; x_wconf 85' lang='lat' dir='ltr'>Aldus</span> <span class='ocrx_word' id='word_1_1197' title='bbox 1472 2645 1575 2681; x_wconf 90' lang='lat' dir='ltr'>Nepos.</span> <span class='ocrx_word' id='word_1_1198' title='bbox 2057 2675 2060 2676; x_wconf 17' lang='grc' dir='ltr'><em>γ</em></span> 
     </span>
    </p>

    <p class='ocr_par' dir='ltr' id='par_1_34' title="bbox 1112 2679 2072 2787">
     <span class='ocr_line' id='line_1_139' title="bbox 1149 2679 2071 2717; baseline 0.007 -14"><span class='ocrx_word' id='word_1_1199' title='bbox 1149 2679 1177 2704; x_wconf 86' lang='lat'>6.</span> <span class='ocrx_word' id='word_1_1200' title='bbox 1196 2682 1250 2706; x_wconf 79' lang='lat' dir='ltr'>&lt;An</span> <span class='ocrx_word' id='word_1_1201' title='bbox 1267 2681 1293 2704; x_wconf 89' lang='lat' dir='ltr'>in</span> <span class='ocrx_word' id='word_1_1202' title='bbox 1310 2681 1415 2705; x_wconf 67' lang='lat' dir='ltr'>omnibus</span> <span class='ocrx_word' id='word_1_1203' title='bbox 1431 2680 1487 2714; x_wconf 57' lang='lat' dir='ltr'>ina]</span> <span class='ocrx_word' id='word_1_1204' title='bbox 1509 2681 1553 2707; x_wconf 84' lang='lat' dir='ltr'>sic</span> <span class='ocrx_word' id='word_1_1205' title='bbox 1563 2681 1652 2717; x_wconf 86' lang='lat' dir='ltr'>plures</span> <span class='ocrx_word' id='word_1_1206' title='bbox 1667 2681 1761 2708; x_wconf 84' lang='lat' dir='ltr'>Aldini</span> <span class='ocrx_word' id='word_1_1207' title='bbox 1781 2682 1809 2707; x_wconf 67' lang='grc' dir='ltr'>δε</span> <span class='ocrx_word' id='word_1_1208' title='bbox 1828 2682 2003 2710; x_wconf 74' lang='lat' dir='ltr'>Gulielmiani</span> <span class='ocrx_word' id='word_1_1209' title='bbox 2023 2682 2071 2710; x_wconf 73' lang='lat' dir='ltr'>nist</span> 
     </span>
     <span class='ocr_line' id='line_1_140' title="bbox 1113 2714 2072 2755; baseline 0.007 -16"><span class='ocrx_word' id='word_1_1210' title='bbox 1113 2714 1183 2749; x_wconf 81' lang='lat' dir='ltr'>qnod</span> <span class='ocrx_word' id='word_1_1211' title='bbox 1196 2714 1281 2741; x_wconf 73' lang='lat' dir='ltr'>adhuc</span> <span class='ocrx_word' id='word_1_1212' title='bbox 1301 2714 1397 2742; x_wconf 83' lang='lat' dir='ltr'>resecet</span> <span class='ocrx_word' id='word_1_1213' title='bbox 1418 2717 1536 2743; x_wconf 87' lang='lat' dir='ltr'>voculam</span> <span class='ocrx_word' id='word_1_1214' title='bbox 1555 2718 1585 2743; x_wconf 67' lang='lat' dir='ltr'>iis</span> <span class='ocrx_word' id='word_1_1215' title='bbox 1604 2717 1689 2744; x_wconf 84' lang='lat' dir='ltr'>codex</span> <span class='ocrx_word' id='word_1_1216' title='bbox 1709 2720 1735 2744; x_wconf 91' lang='lat' dir='ltr'>S.</span> <span class='ocrx_word' id='word_1_1217' title='bbox 1748 2717 1876 2745; x_wconf 63' lang='lat' dir='ltr'>Victoris.</span> <span class='ocrx_word' id='word_1_1218' title='bbox 1896 2719 1998 2755; x_wconf 80' lang='lat' dir='ltr'>vulgati</span> <span class='ocrx_word' id='word_1_1219' title='bbox 2009 2738 2019 2752; x_wconf 88' lang='lat'>‚</span> <span class='ocrx_word' id='word_1_1220' title='bbox 2037 2727 2072 2746; x_wconf 75' lang='lat' dir='ltr'>an</span> 
     </span>
     <span class='ocr_line' id='line_1_141' title="bbox 1112 2751 1639 2787; baseline 0.009 -12"><span class='ocrx_word' id='word_1_1221' title='bbox 1112 2759 1156 2776; x_wconf 83' lang='lat' dir='ltr'>non</span> <span class='ocrx_word' id='word_1_1222' title='bbox 1165 2753 1191 2776; x_wconf 81' lang='lat' dir='ltr'>in</span> <span class='ocrx_word' id='word_1_1223' title='bbox 1201 2753 1318 2782; x_wconf 71' lang='lat' dir='ltr'>omnihus,</span> <span class='ocrx_word' id='word_1_1224' title='bbox 1330 2751 1464 2786; x_wconf 85' lang='lat' dir='ltr'>quomodo</span> <span class='ocrx_word' id='word_1_1225' title='bbox 1475 2762 1559 2787; x_wconf 86' lang='lat' dir='ltr'>neque</span> <span class='ocrx_word' id='word_1_1226' title='bbox 1571 2753 1639 2780; x_wconf 86' lang='lat' dir='ltr'>Pall.</span> 
     </span>
    </p>

    <p class='ocr_par' dir='ltr' id='par_1_35' title="bbox 1112 2788 2072 2896">
     <span class='ocr_line' id='line_1_142' title="bbox 1149 2788 2070 2824; baseline 0.007 -13"><span class='ocrx_word' id='word_1_1227' title='bbox 1149 2794 1176 2820; x_wconf 92' lang='lat'>7.</span> <span class='ocrx_word' id='word_1_1228' title='bbox 1195 2788 1271 2820; x_wconf 64' lang='lat' dir='ltr'>Qist&#39;·</span> <span class='ocrx_word' id='word_1_1229' title='bbox 1280 2788 1381 2821; x_wconf 60' lang='lat' dir='ltr'>quotidie</span> <span class='ocrx_word' id='word_1_1230' title='bbox 1390 2789 1483 2822; x_wconf 78' lang='lat' dir='ltr'>aliquid</span> <span class='ocrx_word' id='word_1_1231' title='bbox 1491 2789 1789 2824; x_wconf 67' lang='lat' dir='ltr'>addiftenremfinemfieri</span> <span class='ocrx_word' id='word_1_1232' title='bbox 1797 2790 1882 2824; x_wconf 69' lang='lat' dir='ltr'>dicit]</span> <span class='ocrx_word' id='word_1_1233' title='bbox 1894 2790 1972 2816; x_wconf 87' lang='lat' dir='ltr'>Nihil</span> <span class='ocrx_word' id='word_1_1234' title='bbox 1983 2789 2070 2817; x_wconf 82' lang='lat' dir='ltr'>disce-</span> 
     </span>
     <span class='ocr_line' id='line_1_143' title="bbox 1113 2822 2072 2862; baseline 0.006 -15"><span class='ocrx_word' id='word_1_1235' title='bbox 1113 2822 1187 2848; x_wconf 83' lang='lat' dir='ltr'>deret</span> <span class='ocrx_word' id='word_1_1236' title='bbox 1200 2822 1335 2849; x_wconf 74' lang='lat' dir='ltr'>sententioe</span> <span class='ocrx_word' id='word_1_1237' title='bbox 1347 2842 1355 2854; x_wconf 89' lang='lat'>,</span> <span class='ocrx_word' id='word_1_1238' title='bbox 1367 2823 1383 2849; x_wconf 81' lang='lat' dir='ltr'>fi</span> <span class='ocrx_word' id='word_1_1239' title='bbox 1396 2823 1474 2850; x_wconf 81' lang='lat' dir='ltr'>verba</span> <span class='ocrx_word' id='word_1_1240' title='bbox 1486 2824 1572 2851; x_wconf 78' lang='lat' dir='ltr'>isthaec</span> <span class='ocrx_word' id='word_1_1241' title='bbox 1583 2833 1772 2853; x_wconf 80' lang='lat' dir='ltr'>truncarentur</span> <span class='ocrx_word' id='word_1_1242' title='bbox 1782 2827 1867 2862; x_wconf 84' lang='lat' dir='ltr'>capite</span> <span class='ocrx_word' id='word_1_1243' title='bbox 1877 2835 1907 2854; x_wconf 85' lang='lat' dir='ltr'>ac</span> <span class='ocrx_word' id='word_1_1244' title='bbox 1917 2825 2011 2859; x_wconf 86' lang='lat' dir='ltr'>cauda,</span> <span class='ocrx_word' id='word_1_1245' title='bbox 2021 2828 2072 2853; x_wconf 85' lang='lat' dir='ltr'>hoc</span> 
     </span>
     <span class='ocr_line' id='line_1_144' title="bbox 1112 2858 1683 2896; baseline 0.007 -13"><span class='ocrx_word' id='word_1_1246' title='bbox 1112 2858 1160 2888; x_wconf 80' lang='lat' dir='ltr'>est,</span> <span class='ocrx_word' id='word_1_1247' title='bbox 1171 2858 1322 2885; x_wconf 78' lang='lat' dir='ltr'>auferretur</span> <span class='ocrx_word' id='word_1_1248' title='bbox 1332 2859 1368 2885; x_wconf 80' lang='lat' dir='ltr'>eis</span> <span class='ocrx_word' id='word_1_1249' title='bbox 1382 2869 1431 2886; x_wconf 87' lang='lat' dir='ltr'>vox</span> <span class='ocrx_word' id='word_1_1250' title='bbox 1444 2860 1529 2896; x_wconf 78' lang='lat' dir='ltr'>prima</span> <span class='ocrx_word' id='word_1_1251' title='bbox 1538 2861 1566 2886; x_wconf 85' lang='lat'>&amp;</span> <span class='ocrx_word' id='word_1_1252' title='bbox 1578 2861 1683 2887; x_wconf 80' lang='lat' dir='ltr'>ultima.</span> 
     </span>
    </p>

    <p class='ocr_par' dir='ltr' id='par_1_36' title="bbox 1114 2894 2073 3038">
     <span class='ocr_line' id='line_1_145' title="bbox 1150 2894 2067 2930; baseline 0.005 -10"><span class='ocrx_word' id='word_1_1253' title='bbox 1150 2894 1176 2920; x_wconf 80' lang='lat'>8.</span> <span class='ocrx_word' id='word_1_1254' title='bbox 1196 2895 1263 2927; x_wconf 67' lang='lat' dir='ltr'>Qud</span> <span class='ocrx_word' id='word_1_1255' title='bbox 1270 2897 1316 2926; x_wconf 64' lang='lat' dir='ltr'>eff,</span> <span class='ocrx_word' id='word_1_1256' title='bbox 1326 2904 1347 2920; x_wconf 79' lang='lat' dir='ltr'>eo</span> <span class='ocrx_word' id='word_1_1257' title='bbox 1357 2899 1394 2921; x_wconf 79' lang='lat' dir='ltr'>uri</span> <span class='ocrx_word' id='word_1_1258' title='bbox 1403 2896 1491 2930; x_wconf 55' lang='lat' dir='ltr'>Acten]</span> <span class='ocrx_word' id='word_1_1259' title='bbox 1513 2896 1556 2922; x_wconf 88' lang='lat' dir='ltr'>Sic</span> <span class='ocrx_word' id='word_1_1260' title='bbox 1565 2896 1649 2924; x_wconf 81' lang='lat' dir='ltr'>editio</span> <span class='ocrx_word' id='word_1_1261' title='bbox 1660 2897 1785 2928; x_wconf 59' lang='lat' dir='ltr'>Viam-ii,</span> <span class='ocrx_word' id='word_1_1262' title='bbox 1797 2898 1830 2925; x_wconf 84' lang='lat' dir='ltr'>fic</span> <span class='ocrx_word' id='word_1_1263' title='bbox 1839 2907 1931 2925; x_wconf 85' lang='lat' dir='ltr'>omncs</span> <span class='ocrx_word' id='word_1_1264' title='bbox 1942 2897 1999 2925; x_wconf 86' lang='lat' dir='ltr'>fere</span> <span class='ocrx_word' id='word_1_1265' title='bbox 2009 2898 2067 2925; x_wconf 71' lang='lat' dir='ltr'>mss.</span> 
     </span>
     <span class='ocr_line' id='line_1_146' title="bbox 1114 2931 2073 2968; baseline 0.003 -12"><span class='ocrx_word' id='word_1_1266' title='bbox 1114 2939 1164 2956; x_wconf 87' lang='lat' dir='ltr'>non</span> <span class='ocrx_word' id='word_1_1267' title='bbox 1177 2938 1206 2956; x_wconf 84' lang='lat' dir='ltr'>ut</span> <span class='ocrx_word' id='word_1_1268' title='bbox 1216 2931 1331 2966; x_wconf 81' lang='lat' dir='ltr'>vulgati,</span> <span class='ocrx_word' id='word_1_1269' title='bbox 1341 2933 1404 2964; x_wconf 74' lang='lat' dir='ltr'>quod</span> <span class='ocrx_word' id='word_1_1270' title='bbox 1411 2935 1470 2957; x_wconf 80' lang='lat' dir='ltr'>enim</span> <span class='ocrx_word' id='word_1_1271' title='bbox 1479 2934 1565 2958; x_wconf 81' lang='lat' dir='ltr'>homini</span> <span class='ocrx_word' id='word_1_1272' title='bbox 1573 2936 1725 2959; x_wconf 74' lang='lat' dir='ltr'>naturaliter</span> <span class='ocrx_word' id='word_1_1273' title='bbox 1734 2936 1829 2968; x_wconf 63' lang='lat' dir='ltr'>insitum</span> <span class='ocrx_word' id='word_1_1274' title='bbox 1837 2937 1874 2960; x_wconf 65' lang='lat'>1:2⁵7</span> <span class='ocrx_word' id='word_1_1275' title='bbox 1883 2954 1890 2966; x_wconf 89' lang='lat'>‚</span> <span class='ocrx_word' id='word_1_1276' title='bbox 1914 2944 1936 2960; x_wconf 79' lang='lat' dir='ltr'>eo</span> <span class='ocrx_word' id='word_1_1277' title='bbox 1946 2938 1982 2960; x_wconf 78' lang='lat' dir='ltr'>uri</span> <span class='ocrx_word' id='word_1_1278' title='bbox 1992 2936 2054 2960; x_wconf 74' lang='lat' dir='ltr'>dccet</span> <span class='ocrx_word' id='word_1_1279' title='bbox 2066 2944 2073 2959; x_wconf 89' lang='lat'>:</span> 
     </span>
     <span class='ocr_line' id='line_1_147' title="bbox 1114 2967 2072 3001; baseline 0.006 -11"><span class='ocrx_word' id='word_1_1280' title='bbox 1114 2975 1177 3001; x_wconf 82' lang='lat' dir='ltr'>quas</span> <span class='ocrx_word' id='word_1_1281' title='bbox 1187 2975 1264 2992; x_wconf 81' lang='lat' dir='ltr'>voces</span> <span class='ocrx_word' id='word_1_1282' title='bbox 1276 2967 1359 2992; x_wconf 87' lang='lat' dir='ltr'>miror</span> <span class='ocrx_word' id='word_1_1283' title='bbox 1370 2977 1420 2994; x_wconf 87' lang='lat' dir='ltr'>non</span> <span class='ocrx_word' id='word_1_1284' title='bbox 1441 2967 1576 2995; x_wconf 77' lang='lat' dir='ltr'>exclusiss&#39;e</span> <span class='ocrx_word' id='word_1_1285' title='bbox 1586 2968 1631 2995; x_wconf 86' lang='lat' dir='ltr'>suo</span> <span class='ocrx_word' id='word_1_1286' title='bbox 1642 2971 1773 2997; x_wconf 81' lang='lat' dir='ltr'>Cicerone</span> <span class='ocrx_word' id='word_1_1287' title='bbox 1786 2971 1981 2998; x_wconf 75' lang='lat' dir='ltr'>Camerarium.</span> <span class='ocrx_word' id='word_1_1288' title='bbox 2005 2970 2072 2997; x_wconf 78' lang='lat' dir='ltr'>fecit</span> 
     </span>
     <span class='ocr_line' id='line_1_148' title="bbox 1114 3001 1412 3038; baseline 0.007 -10"><span class='ocrx_word' id='word_1_1289' title='bbox 1114 3001 1200 3037; x_wconf 77' lang='lat' dir='ltr'>postea</span> <span class='ocrx_word' id='word_1_1290' title='bbox 1212 3002 1298 3028; x_wconf 84' lang='lat' dir='ltr'>Aldus</span> <span class='ocrx_word' id='word_1_1291' title='bbox 1310 3004 1412 3038; x_wconf 82' lang='lat' dir='ltr'>Nepos.</span> 
     </span>
    </p>

    <p class='ocr_par' dir='ltr' id='par_1_37' title="bbox 1113 3040 2073 3144">
     <span class='ocr_line' id='line_1_149' title="bbox 1148 3040 2071 3077; baseline 0.004 -14"><span class='ocrx_word' id='word_1_1292' title='bbox 1148 3046 1177 3072; x_wconf 89' lang='lat'>9.</span> <span class='ocrx_word' id='word_1_1293' title='bbox 1196 3040 1311 3072; x_wconf 69' lang='lat' dir='ltr'>Facirque</span> <span class='ocrx_word' id='word_1_1294' title='bbox 1325 3041 1422 3073; x_wconf 66' lang='lat' dir='ltr'>persepe</span> <span class='ocrx_word' id='word_1_1295' title='bbox 1438 3040 1489 3074; x_wconf 76' lang='lat' dir='ltr'>ipsa</span> <span class='ocrx_word' id='word_1_1296' title='bbox 1508 3041 1556 3074; x_wconf 83' lang='lat' dir='ltr'>fibi</span> <span class='ocrx_word' id='word_1_1297' title='bbox 1573 3042 1731 3068; x_wconf 70' lang='lat' dir='ltr'>audientiam.</span> <span class='ocrx_word' id='word_1_1298' title='bbox 1749 3042 1763 3076; x_wconf 96' lang='lat'>]</span> <span class='ocrx_word' id='word_1_1299' title='bbox 1796 3042 1950 3069; x_wconf 82' lang='lat' dir='ltr'>Subodoror</span> <span class='ocrx_word' id='word_1_1300' title='bbox 1967 3040 2071 3077; x_wconf 83' lang='lat' dir='ltr'>antiqui</span> 
     </span>
     <span class='ocr_line' id='line_1_150' title="bbox 1113 3073 2073 3114; baseline 0.006 -15"><span class='ocrx_word' id='word_1_1301' title='bbox 1113 3077 1198 3109; x_wconf 79' lang='lat' dir='ltr'>po‘e&#39;tae</span> <span class='ocrx_word' id='word_1_1302' title='bbox 1208 3073 1295 3114; x_wconf 74' lang='lat' dir='ltr'>versus</span> <span class='ocrx_word' id='word_1_1303' title='bbox 1305 3075 1384 3109; x_wconf 84' lang='lat' dir='ltr'>duos,</span> <span class='ocrx_word' id='word_1_1304' title='bbox 1395 3083 1462 3108; x_wconf 85' lang='lat' dir='ltr'>tres,</span> <span class='ocrx_word' id='word_1_1305' title='bbox 1473 3075 1519 3102; x_wconf 89' lang='lat' dir='ltr'>sub</span> <span class='ocrx_word' id='word_1_1306' title='bbox 1529 3076 1568 3103; x_wconf 86' lang='lat' dir='ltr'>his</span> <span class='ocrx_word' id='word_1_1307' title='bbox 1579 3077 1608 3109; x_wconf 68' lang='grc' dir='ltr'>ὃς</span> <span class='ocrx_word' id='word_1_1308' title='bbox 1617 3077 1706 3107; x_wconf 81' lang='lat' dir='ltr'>adsitis</span> <span class='ocrx_word' id='word_1_1309' title='bbox 1718 3078 1824 3107; x_wconf 80' lang='lat' dir='ltr'>vocibus</span> <span class='ocrx_word' id='word_1_1310' title='bbox 1834 3078 1977 3108; x_wconf 74' lang='lat' dir='ltr'>ordinandi</span> <span class='ocrx_word' id='word_1_1311' title='bbox 1987 3079 2073 3109; x_wconf 71' lang='lat' dir='ltr'>ratio-</span> 
     </span>
     <span class='ocr_line' id='line_1_151' title="bbox 1114 3110 1348 3144; baseline 0.013 -7"><span class='ocrx_word' id='word_1_1312' title='bbox 1114 3118 1187 3144; x_wconf 84' lang='lat' dir='ltr'>nem,</span> <span class='ocrx_word' id='word_1_1313' title='bbox 1197 3119 1250 3140; x_wconf 84' lang='lat' dir='ltr'>non</span> <span class='ocrx_word' id='word_1_1314' title='bbox 1262 3110 1348 3141; x_wconf 69' lang='lat' dir='ltr'>video.</span> 
     </span>
    </p>
   </div>
   <div class='ocr_carea' id='block_1_22' title="bbox 1891 2561 2075 2568">
    <p class='ocr_par' dir='ltr' id='par_1_38' title="bbox 1891 2561 2075 2568">
     <span class='ocr_line' id='line_1_152' title="bbox 1891 2561 2075 2568; baseline 0 832"><span class='ocrx_word' id='word_1_1315' title='bbox 1891 2561 2075 2568; x_wconf 95' lang='lat' dir='ltr'> </span> 
     </span>
    </p>
   </div>
   <div class='ocr_carea' id='block_1_23' title="bbox 1425 3143 2074 3177">
    <p class='ocr_par' dir='ltr' id='par_1_39' title="bbox 1425 3143 2074 3177">
     <span class='ocr_line' id='line_1_153' title="bbox 1425 3143 2074 3177; baseline -0.002 -1"><span class='ocrx_word' id='word_1_1316' title='bbox 1425 3143 1616 3177; x_wconf 62' lang='lat' dir='ltr'>Vvvvvrv</span> <span class='ocrx_word' id='word_1_1317' title='bbox 1989 3150 2074 3176; x_wconf 62' lang='lat' dir='ltr'>1.N==</span> 
     </span>
    </p>
   </div>
  </div>
 </body>
</html>
