2360 3400
455 121 525 171 M.
547 120 611 170 T.
640 121 769 169 Cic,
809 120 1011 168 Eius-r.
1053 137 1128 168 AD
1162 121 1221 169 C.
1259 122 1625 182 ΜΕΜΜῙυΜ,
1665 127 1794 174 L113.
1825 129 1938 176 XII.

564 241 657 302 Μ.
734 242 1133 306 TULLII

2082 143 2176 193 743

1229 243 1838 310 CiCERouis
2181 267 2183 269 ·

222 338 557 421 EPIST
578 339 931 420 OLAR
950 338 1141 418 UM
1206 359 1314 410 AD
1372 342 2172 424 FAMILIAREIS

483 454 800 511 LIBER
861 453 1351 510 DECIMUS
1411 455 1914 523 TERTIUS,

1158 545 1276 589 AD

572 643 646 703 C.

406 775 449 804 M.
462 775 501 804 T.
515 775 547 804 C.
570 774 597 802 S.
615 773 645 801 P.
659 772 698 799 D.
723 769 995 799 &MEMMIO

493 825 554 851 Ts1
576 829 640 849 non
662 819 729 848 satis
740 818 820 846 mihi
831 815 1002 846 constiterat
1014 835 1022 849 ‚
1041 824 1111 845 cum
1124 813 1177 844 ali-

423 852 470 896 ἓξ(
491 872 589 903 quane
607 862 702 889 animi
724 860 785 888 mei
804 856 961 891 molestia,
982 867 1019 887 an
1029 856 1179 905 pOtxiilsyli-

419 902 438 917 ⁸
451 908 465 919 ‘¹
492 904 597 934 benter
606 911 634 931 te
645 902 772 930 Athenis
783 901 897 930 visurus
911 898 1003 929 ess'em
1014 919 1022 932 ,
1035 898 1118 939 quod
1129 908 1177 928 in—

370 948 381 957 '
484 947 563 984 juria
573 963 582 977 ,
592 953 683 983 quam
693 941 828 982 accepisti
841 962 850 974 ‚
863 941 968 971 dolore
978 951 1028 970 me
1040 939 1176 971 afficeret:

359 991 387 1010 ὁ
458 998 465 1004 *
488 988 630 1026 sapientia
650 993 699 1014 tua
711 1004 720 1018 ‚
739 994 795 1024 qua
808 983 866 1013 fers
882 984 1025 1023 injurium
1037 1003 1045 1017 ,
1065 983 1175 1013 laetitia:

326 986 457 1080 QX:
478 1037 588 1058 tamen
609 1025 714 1057 vidisse
736 1035 763 1056 te
783 1026 916 1056 malleni.
941 1028 1024 1056 Nam
1041 1024 1123 1066 quod
1134 1023 1176 1054 est

379 1062 459 1101 ῗ-ᾼῑι-
488 1068 634 1099 molestia:
646 1089 654 1102 ‚
673 1078 736 1098 non
748 1068 815 1098 sane
828 1068 926 1097 multo
937 1068 1034 1097 levius
1043 1066 1095 1100 est,
1104 1076 1174 1097 cum

217 1126 244 1149 te
257 1125 320 1147 non
331 1114 430 1145 video.
448 1111 531 1154 quod
543 1110 600 1141 efl'e
609 1113 709 1151 potuit
719 1110 892 1149 voluptatis,
903 1111 995 1143 certe,
1006 1109 1026 1138 fi
1034 1107 1174 1139 vidissem

215 1168 256 1192 te,
280 1158 346 1198 plus
365 1154 475 1186 fuisset.
498 1156 600 1194 Itaque
619 1163 684 1182 non
704 1151 849 1182 dubitabo
868 1151 935 1182 dare
946 1161 1066 1191 operam
1077 1171 1085 1184 ‚
1106 1159 1138 1180 ut
1148 1159 1175 1180 te

212 1200 336 1231 videam
357 1218 374 1232 ,t
387 1196 459 1228 cum
477 1195 507 1225 id
527 1196 593 1225 satis
610 1193 775 1224 commode
797 1192 892 1223 facere
910 1203 1026 1233 potero.
1059 1196 1176 1240 Interea

213 1242 296 1284 quod
307 1250 357 1281 per
369 1240 478 1270 litteras
492 1237 525 1267 δε
535 1239 580 1278 agi
591 1246 691 1266 tecum
702 1256 710 1270 ,
733 1235 765 1265 δε
776 1255 785 1269 ,
797 1245 828 1265 ut
838 1235 963 1265 arbitror
975 1256 985 1268 ‚
996 1234 1106 1282 confici
1118 1244 1174 1282 po—

179 1296 182 1297 ⁷
213 1283 269 1316 test
281 1304 289 1316 ,
310 1291 393 1323 agam
413 1290 505 1310 nunc.
529 1283 573 1309 Ac
584 1288 611 1309 te
621 1278 696 1308 illud
708 1279 842 1318 primum
853 1278 964 1318 rogabo
975 1298 983 1310 ‚
1005 1277 1116 1318 nequid
1125 1287 1174 1306 in-

212 1328 294 1356 vitus
318 1334 386 1353 mea
402 1322 485 1353 causa
503 1320 592 1351 facias
608 1331 613 1349 :
634 1320 683 1350 sed
695 1319 725 1349 id
738 1340 747 1353 ‚
764 1319 846 1358 quod
859 1319 1104 1359 meaintelliges,
1118 1328 1173 1364 >tua

213 1368 330 1398 nullam
343 1367 376 1395 in
395 1373 508 1404 partem
524 1359 822 1394 multuminteress'e,
843 1363 881 1390 ita
893 1361 1053 1394 mihides‚
1072 1359 1091 1390 fi
1104 1360 1169 1393 tibi,

210 1418 244 1440 ut
253 1408 284 1439 id
294 1407 422 1437 libenter
430 1405 530 1437 facias,
543 1404 610 1434 ante
623 1403 807 1442 persuaseris.
832 1405 909 1432 Cum
922 1406 1049 1433 Patrone
1060 1405 1171 1443 Epicu—

209 1460 262 1482 reo
272 1449 349 1480 mihi
360 1448 464 1477 omnia
478 1447 562 1476 sunt:
576 1444 630 1474 nifi
641 1443 724 1484 quod
736 1446 766 1474 in
778 1444 968 1485 philosophia
978 1446 1171 1475 vehementer

210 1493 247 1523 ab
265 1501 302 1521 eo
312 1488 466 1520 dissentio.
489 1487 545 1518 Sed
562 1485 696 1517 &initio
706 1488 816 1516 Romae
827 1506 835 1519 ‚
856 1485 928 1516 cum
939 1497 966 1517 te
976 1497 1097 1528 quoque
1107 1507 1116 1521 ,
1137 1487 1169 1517 &

208 1543 276 1564 tuos
286 1534 408 1563 omneis
419 1528 603 1562 observabat,
615 1538 665 1558 me
677 1538 726 1558 me
735 1528 872 1558 coluitin
883 1530 990 1568 primis
1003 1539 1008 1558 :
1021 1529 1054 1558 ὅς
1064 1539 1168 1569 nuper,

207 1585 279 1606 cum
291 1584 322 1604 ea
332 1594 340 1607 ‚
351 1583 418 1614 quae
428 1572 526 1601 voluit
536 1591 544 1605 ‚
555 1571 592 1601 de
601 1570 660 1600 suis
672 1569 847 1600 commodis
857 1590 865 1603 ,
879 1571 911 1600 δε
920 1572 1054 1610 praemiis
1063 1573 1169 1602 conse-

207 1626 293 1648 cutus
304 1615 346 1646 est
356 1635 365 1649 ,
389 1625 438 1644 me
456 1613 560 1643 habuit
572 1613 695 1643 suorum
706 1611 901 1643 defensorum
913 1633 922 1646 ,
942 1613 975 1643 &
986 1615 1168 1647 amicorum,

207 1658 270 1689 fere
289 1659 459 1698 principem
472 1666 478 1684 ;
506 1654 633 1695 &jan-ia
646 1653 788 1688 Phaedro,
811 1656 862 1695 qui
875 1654 964 1685 nobis
975 1675 983 1690 ,
1004 1665 1074 1686 curn
1085 1658 1170 1696 pueri

207 1699 336 1731 effemus
355 1719 364 1732 ,
386 1698 453 1728 ante
470 1699 563 1737 quam
582 1696 743 1726 Philonem
764 1697 968 1737 cognovimus
980 1718 988 1730 ,
1008 1697 1093 1728 valde
1105 1719 1113 1732 ,
1135 1708 1167 1729 ut

205 1742 406 1782 philosophus
418 1759 426 1773 ,
447 1738 547 1779 postea
569 1746 669 1768 tamen
682 1758 691 1771 ,
712 1747 746 1768 ut
760 1740 807 1767 vir
826 1738 942 1772 bonus,
963 1739 996 1769 ὃς
1007 1739 1104 1770 suavis
1115 1741 1167 1774 ‚&

210 1782 363 1814 officiosus
378 1801 386 1815 ‚
405 1780 581 1821 probabatur
592 1798 601 1813 ,
619 1779 762 1813 traditus,
782 1780 920 1820 mihique
936 1782 1168 1813 commendatus

208 1825 261 1855 est.
285 1827 313 1854 Is
332 1826 421 1863 igitur
440 1825 524 1852 Patro
537 1840 546 1855 ,
565 1820 638 1852 cum
655 1822 691 1851 ad
702 1831 751 1851 me
762 1823 896 1851 Romam
906 1821 1018 1853 litteras
1029 1822 1166 1858 misisset,

207 1869 252 1897 uti
263 1875 291 1896 te
302 1864 354 1895 fibi
364 1865 511 1904 placarem
525 1883 533 1896 ‚
547 1871 739 1904 peteremque
750 1881 759 1896 ‚
770 1871 803 1892 ut
811 1863 911 1892 nescio
920 1864 992 1904 quid
1008 1864 1083 1895 illud
1095 1868 1167 1906 Epi—

206 1910 272 1939 curi
289 1908 502 1947 parietinarum
521 1903 575 1934 fibi
594 1904 774 1935 concederes
786 1914 792 1933 ε
806 1905 886 1934 nihil
906 1904 1003 1945 scripfi
1021 1906 1057 1936 ad
1078 1916 1106 1937 te
1127 1908 1168 1938 ob

206 1959 272 1980 eam
285 1959 348 1979 rem
360 1969 368 1982 ‚
379 1947 461 1989 quod
472 1945 678 1977 aedificationis
688 1956 745 1977 tuae
754 1944 913 1976 consilium
928 1957 995 1977 mea
1004 1957 1167 1979 commen-

206 1991 328 2022 datione
342 1990 484 2020 nolebam
495 1988 646 2029 impediri.
669 1988 754 2018 Idem
768 1995 776 2022 ‚·
796 1997 828 2018 ut
839 1991 907 2018 veni
920 1989 1052 2020 Athenas
1065 2010 1074 2024 ‚
1095 1989 1169 2021 cum

204 2033 288 2064 idem
301 2054 310 2067 ‚
333 2041 366 2063 ut
376 2032 450 2066 ad-,te
459 2031 618 2061 scriberem
632 2050 641 2065 ,
666 2029 791 2071 rogasset
802 2041 807 2060 2
819 2030 858 2060 ob
868 2040 932 2061 earn
943 2033 1060 2062 causam
1071 2035 1167 2073 impe-

207 2077 295 2106 travit
315 2095 324 2108 ,
345 2073 428 2115 quod
449 2083 476 2103 te
495 2071 632 2112 abjecisse
654 2073 741 2103 illam
763 2071 995 2104 aedificationem
1015 2074 1168 2106 constabat

207 2118 287 2147 inter
307 2119 429 2146 omneis
439 2117 553 2145 amicos
564 2123 642 2145 tuos.
666 2115 756 2156 Qod
767 2113 786 2143 fi
798 2116 835 2144 ita
847 2114 889 2144 est
900 2135 909 2149 ,
933 2116 964 2146 ὃ(
977 2115 996 2146 fi
1005 2118 1067 2156 jam
1077 2118 1163 2157 plane

205 2166 255 2189 tua
265 2159 344 2188 nihil
355 2156 477 2188 interest
487 2177 495 2191 ,
508 2157 601 2187 velim
614 2177 622 2190 ,
637 2155 657 2186 fi
669 2167 726 2198 qua
739 2154 955 2188 offenfiuncula
963 2157 1040 2189 faeta
1050 2158 1092 2190 est
1102 2162 1167 2190 ani—

205 2202 250 2230 mi
262 2202 302 2230 tui
314 2219 322 2234 ,
346 2198 531 2240 perversitate
540 2199 712 2240 aliquorum
732 2198 742 2237 (
756 2200 829 2228 novi
841 2201 925 2228 enim
936 2210 1056 2240 gentem
1069 2201 1166 2242 illam)

204 2241 256 2273 des
268 2251 295 2272 te
309 2241 344 2272 ad
359 2242 514 2272 lenitatem
528 2261 539 2274 ‚
549 2242 728 2282 velpropter
738 2249 822 2271 tuam
833 2241 983 2273 summam
995 2244 1165 2275 humanita-

203 2292 265 2314 tem
277 2303 287 2318 ,
306 2283 355 2314 vel
367 2285 457 2314 etiam
470 2284 597 2313 honoris
607 2286 668 2313 mei
678 2283 771 2313 causa.
795 2282 946 2323 Equidem
958 2283 978 2313 fi
990 2304 999 2318 ,
1020 2285 1092 2327 quid
1104 2287 1164 2326 ipse

203 2326 329 2357 sentiam
341 2345 349 2359 ‚
370 2327 476 2366 quaeris
489 2335 560 2355 :nec
573 2335 625 2355 cur
635 2325 687 2355 ille
698 2333 850 2364 tantopere
857 2326 1020 2357 contendat
1031 2348 1040 2360 ‚
1063 2328 1163 2362 video,

203 2377 260 2398 nec
279 2378 330 2398 cur
341 2376 372 2398 tu
382 2377 541 2408 repugnes:
561 2365 616 2396 nifi
627 2376 726 2397 tamen
738 2365 837 2397 multo
848 2367 952 2397 minsis
969 2369 1023 2399 tibi
1039 2370 1164 2400 concedi

203 2408 313 2450 potest,
324 2409 415 2450 quam
427 2410 483 2443 illi,
496 2409 628 2439 laborare
638 2407 698 2439 fine
707 2409 799 2439 causa.
823 2411 942 2450 Qamq
948 2420 1018 2440 uam
1030 2414 1164 2443 Patronis

205 2450 241 2481 &
259 2453 427 2481 orationem
441 2471 449 2484 ‚
470 2451 503 2481 δε
521 2451 638 2481 causam
660 2451 716 2481 tibi
736 2453 887 2492 cognitam
912 2451 970 2482 ess'e
989 2453 1070 2483 certo
1090 2455 1160 2485 scio.

203 2493 368 2527 honorem,
380 2491 529 2526 officium,
541 2492 863 2533 testamentorumjus,
874 2496 993 2533 Epicuri
1003 2495 1162 2527 auetorita-

203 2543 268 2566 tem
278 2555 286 2569 ‚
298 2534 413 2565 Phaedri
423 2534 657 2565 obtestationem
669 2555 678 2568 ,
690 2534 789 2565 sedem
800 2554 808 2568 ,
821 2535 1029 2570 domicilium,
1041 2537 1163 2580 vestigia

204 2576 397 2607 summorum
418 2577 581 2607 hominum
593 2596 601 2610 ‚
622 2576 675 2608 sibi
688 2576 798 2606 tuenda
808 2575 866 2606 efi'e
875 2577 958 2607 dicit.
983 2581 1096 2609 Tocarn
1105 2581 1162 2610 ho-

203 2620 300 2649 minis
312 2620 402 2649 vitam
415 2638 423 2652 ‚
433 2620 640 2659 rationemque
652 2639 662 2652 ,
674 2627 765 2659 quam
775 2618 907 2659 sequitur
917 2622 948 2649 in
958 2621 1160 2661 philosophia,

203 2660 395 2691 derideamus
417 2660 487 2690 licet
498 2680 507 2693 ‚
528 2658 549 2689 si
566 2662 640 2691 hanc
648 2661 712 2700 ejus
721 2662 953 2690 contentionem
964 2662 1107 2693 volumus
1116 2675 1161 2694 re-

203 2702 396 2742 prehendere.
420 2701 475 2732 Sed
485 2722 494 2735 ,
507 2703 694 2732 mehercules
706 2721 713 2735 ,
725 2711 821 2742 quum
833 2702 889 2736 illi,
900 2704 1073 2745 ceterisque,
1084 2715 1161 2746 quos

206 2743 257 2774 illa
279 2743 427 2774 deleaant
438 2763 446 2778 ‚
467 2754 531 2774 non
544 2744 628 2774 valde
643 2745 763 2774 inimici
775 2744 895 2773 sumus:
914 2745 1015 2775 nescio
1028 2757 1065 2776 an
1075 2750 1163 2788 igno-

206 2783 349 2816 scendum
361 2784 394 2816 sit
405 2787 475 2816 huic
484 2806 492 2820 ,
512 2784 532 2815 si
544 2795 695 2826 tantopere
704 2786 833 2816 laborat:
847 2787 880 2816 in
889 2796 949 2827 quo
960 2789 1050 2817 etiam
1061 2787 1081 2817 fi
1090 2799 1161 2829 pec-

205 2834 251 2856 cat
261 2845 269 2859 ,
294 2829 389 2868 magis
410 2829 532 2867 ineptiis
543 2848 552 2861 ,
575 2828 668 2869 quam
686 2828 879 2868 improbitate
898 2838 1005 2867 peccat.
1029 2830 1085 2860 Sed
1095 2850 1103 2864 ,
1125 2841 1162 2860 ne

206 2866 288 2906 plura
307 2868 491 2907 (dicendum
510 2872 594 2900 enim
604 2870 766 2912 aliquando
781 2869 843 2910 est)
869 2872 1074 2910 Pomponium
1085 2874 1164 2902 Atti-

205 2917 276 2939 cum
290 2907 326 2940 fic
345 2920 436 2945 amo,
456 2920 489 2943 ut
509 2912 636 2943 alterum
653 2913 787 2944 fratrem.
807 2912 886 2942 nihil
897 2911 941 2942 est
950 2913 1005 2943 iilo
1015 2914 1092 2943 mihi
1107 2924 1162 2945 nec

781 601 1836 704 'Memmium

1223 765 1320 794 cai-ius
1335 775 1389 795 nec
1407 764 1577 804 jucundius.
1600 771 1631 799 Is
1650 768 1734 808 (non
1752 772 1813 812 quo
1831 773 1909 805 fitex
1922 775 1984 806 istis
2005 787 2011 806 t
2031 776 2074 807 est
2088 778 2175 810 enim

1222 808 1310 836 omni
1329 807 1442 838 liberati
1464 807 1604 840 do&rina
1619 811 1811 851 politissimus
1826 826 1830 843 :
1848 816 1895 846 sed
1921 818 2004 848 valde
2015 819 2113 861 diligit
2124 823 2177 850 Pa-

1222 857 1341 878 tronem
1353 869 1361 882 ‚
1383 849 1469 879 valde
1486 851 1644 882 Phaedrum
1661 857 1794 896 amavit)
1812 855 1849 886 fic
1868 857 1884 888 a
1895 868 1942 888 me
1954 860 2010 889 hoc
2019 862 2178 892 contendit

1223 891 1319 920 homo
1330 891 1461 921 minime
1472 893 1646 924 ambitiosus
1656 915 1663 929 ‚
1689 898 1822 928 minime
1836 900 1867 929 in
1878 900 2009 940 rogando
2020 903 2176 937 molestus,

1223 941 1253 962 ut
1270 934 1349 962 nihil
1371 944 1517 974 umquam
1531 939 1642 976 magis:
1657 948 1712 968 nec
1727 939 1862 975 dubitat,
1882 945 1957 982 quin
1967 952 2022 982 ego
2032 948 2047 972 a
2058 954 2085 973 te
2097 954 2174 975 nutu

1221 975 1279 1004 hoc
1298 976 1442 1016 consequi
1458 975 1572 1016 possem
1584 998 1593 1012 ,
1611 981 1701 1010 etiam
1720 979 1741 1011 fi
1759 981 1956 1013 aedificatui·us
1979 982 2060 1013 effes.
2083 988 2176 1017 Nunc

1222 1014 1293 1046 vero
1302 1037 1309 1050 ,
1332 1015 1352 1046 fi
1372 1018 1498 1048 audierit
1508 1039 1516 1053 ‚
1538 1028 1565 1049 te
1576 1020 1807 1054 aedificationem
1817 1023 1982 1065 deposuisse
1994 1046 2002 1058 ,
2023 1037 2121 1067 neque
2132 1038 2176 1058 ta-

1222 1068 1294 1088 men
1305 1069 1354 1089 me
1364 1059 1379 1090 a
1391 1069 1418 1090 te
1432 1061 1598 1100 impetrasti:
1612 1073 1691 1094 :non
1703 1073 1730 1094 te
1742 1067 1773 1095 in
1784 1076 1834 1095 me
1843 1067 2010 1101 liberalem,
2022 1069 2071 1098 sed
2085 1072 2177 1100 mein

1222 1099 1249 1130 se
1265 1101 1469 1142 negligentem
1486 1104 1608 1142 putabit.
1632 1108 1840 1147 Qainobrem
1855 1109 1948 1148 petoa
1958 1118 1987 1139 te
1998 1129 2006 1142 ,
2030 1119 2060 1139 ut
2072 1111 2178 1141 scribas

1219 1142 1254 1172 ad
1265 1151 1344 1177 tuos,
1355 1143 1437 1184 posl'e
1447 1153 1494 1175 tua
1503 1146 1656 1177 voluntate
1667 1150 1820 1180 decretum
1830 1150 1905 1181 illud
1917 1154 2178 1192 Areopagitarum,

1217 1194 1310 1224 quern
1331 1184 1636 1229 χὶπομνηκφπσμᾲν
1659 1191 1705 1219 illi
1715 1201 1840 1227 vocant,
1865 1194 1941 1223 tolli.
1965 1193 2022 1224 Sed
2039 1194 2178 1226 redeoad

1218 1235 1325 1272 prima.
1349 1234 1434 1265 Prius
1452 1237 1545 1267 velim
1566 1238 1620 1268 tibi
1641 1240 1832 1279 persuadeas,
1852 1251 1884 1272 ut
1902 1243 1959 1272 hoc
1969 1245 2178 1274 meacausaii-

1220 1276 1323 1306 benter
1341 1276 1448 1311 facias,
1466 1279 1558 1319 quam
1571 1280 1707 1312 utfacias.
1731 1281 1769 1313 fic
1779 1292 1880 1314 tamen
1890 1284 1998 1315 habeto
2010 1295 2015 1314 2
2026 1284 2175 1321 sistet-ris,

1217 1318 1299 1358 quod
1308 1329 1392 1361 rogo,
1405 1319 1468 1350 fore
1479 1321 1773 1361 mihigiatiffimum.
1797 1326 1869 1356 Vale
1881 1337 1886 1355 2

1411 1372 1606 1401 CICERO
1629 1375 1846 1405 MEMMIO
1867 1378 1966 1406 SAL.

1306 1419 1367 1455 AJo
1377 1420 1496 1449 Aviano
1506 1421 1647 1452 Evandro
1658 1442 1666 1456 ,
1681 1426 1732 1464 qui
1742 1424 1853 1455 habitat
1865 1426 1896 1455 in
1907 1434 1960 1456 tuo
1970 1426 2096 1457 sacrario
2108 1447 2116 1460 ,
2141 1427 2176 1458 δε

1310 1459 1373 1498 ipso
1384 1461 1518 1492 multum
1530 1471 1616 1496 utor,
1642 1465 1674 1495 ὃς
1684 1475 1810 1505 patrono
1830 1468 1854 1506 ej
1862 1477 1894 1496 us
1905 1487 1913 1500 ,
1935 1469 1978 1497 M.
1991 1469 2121 1498 AEmilio
2131 1468 2175 1499 fa-

1216 1499 1427 1531 miliariffiin'e.
1452 1506 1522 1533 Peto
1540 1506 1632 1546 igitur
1649 1506 1665 1537 a
1682 1517 1708 1537 te
1718 1510 1750 1538 in
1762 1509 1909 1547 majorem
1920 1510 2050 1540 modum
2061 1529 2070 1544 ,
2092 1510 2176 1551 quod

1215 1539 1275 1570 fine
1296 1551 1344 1572 tua
1361 1544 1500 1576 molestia
1518 1544 1587 1580 fiat,
1605 1557 1638 1577 ut
1657 1550 1685 1578 ei
1712 1549 1748 1579 de
1757 1550 1940 1580 habitatione
1949 1551 2175 1582 accommodes.

1215 1584 1295 1613 Nam
1309 1594 1429 1624 propter
1439 1596 1527 1627 opera
1536 1588 1671 1620 instituta
1685 1592 1780 1621 multa
1791 1592 1960 1622 multorum
1973 1613 1980 1627 ,
1994 1593 2124 1624 subitum
2133 1593 2176 1625 est

1212 1626 1240 1654 ei
1250 1628 1411 1666 remigrare
1419 1629 1485 1658 Kal.
1511 1632 1617 1671 Qint.
1640 1633 1795 1672 Impedior
1804 1634 1983 1665 verecundia
1994 1655 2002 1669 ,
2020 1645 2059 1665 ne
2069 1644 2098 1665 te
2108 1637 2178 1676 plu-

1215 1666 1298 1696 ribus
1315 1667 1414 1698 verbis
1435 1680 1549 1711 rogem.
1574 1674 1681 1713 Neque
1699 1683 1802 1704 tamen
1823 1675 1949 1711 dubito,
1968 1679 2065 1717 quin,
2086 1676 2107 1707 fi
2128 1687 2176 1709 tua

1213 1708 1312 1743 nihil,
1333 1719 1382 1740 aut
1400 1721 1463 1742 non
1484 1712 1618 1744 multum
1639 1714 1770 1750 intersit,
1795 1727 1832 1747 eo
1851 1716 1885 1747 sis
1901 1720 2025 1752 animo,
2046 1729 2107 1760 quo
2118 1730 2174 1763 ego

1214 1748 1307 1798 essem
1324 1749 1344 1782 fi
1361 1753 1434 1794 quid
1461 1762 1491 1784 tu
1511 1765 1562 1785 me
1580 1766 1705 1797 rogares.
1732 1760 1810 1788 mihi
1833 1759 1911 1789 certe
1922 1759 2117 1800 gratiffirnum
2129 1765 2175 1792 te-

1212 1801 1297 1822 ceris.

1385 1845 1537 1877 M.T.C.
1562 1850 1685 1878 S.P.D.
1710 1851 1743 1879 C.
1765 1852 1998 1883 MEMMIO.

1300 1895 1408 1923 ULUM
1420 1893 1552 1929 Fufium,
1565 1907 1661 1928 unum
1672 1908 1710 1928 ex
1720 1902 1796 1929 meis
1806 1901 1937 1935 intimis,
1949 1901 2172 1933 observantiffi-

1303 1944 1389 1964 mum
1406 1955 1414 1968 ‚
1437 1935 1742 1981 studiofiffimumque
1760 1940 1875 1975 nostri,
1893 1943 2047 1974 eruditum
2069 1946 2174 1975 horni-

1210 1984 1293 2008 nem‚
1304 1976 1337 2006 &
1348 1977 1464 2008 summa
1474 1979 1670 2015 humanitate,
1682 1991 1788 2022 tuaque
1802 1986 1935 2014 amicitia
1945 1984 2169 2026 digniffimum‚

1211 2017 1305 2046 velim
1328 2020 1368 2048 ita
1388 2018 1492 2050 tra&es
1505 2040 1513 2054 ,
1541 2030 1573 2052 ut
1592 2023 1782 2054 mihicoram
1793 2025 1940 2066 recepisti.
1965 2029 2043 2057 Tam
2053 2037 2171 2068 gratum

1212 2060 1290 2088 mihi
1309 2059 1340 2089 id
1356 2063 1429 2094 erit,
1451 2062 1532 2102 quod
1550 2063 1760 2104 gratiffimum.
1784 2068 1885 2107 Ipsum
1902 2078 2040 2108 praeterea
2050 2071 2173 2100 summo

1210 2099 1315 2172 offilcio
1324 2121 1334 2136 ,
1354 2102 1387 2133 ὃ(
1399 2103 1519 2135 summa
1528 2106 1716 2138 observantia
1729 2108 1784 2139 tibi
1793 2119 1974 2150 perpetuum
1985 2110 2172 2143 devinxeris.

1209 2145 1254 2173 Va
1268 2153 1294 2173 e.

1279 2194 1322 2222 M.
1336 2194 1374 2224 T.
1388 2196 1421 2225 C.
1445 2196 1700 2235 QVALERIO,
1721 2201 1803 2243 QF.
1829 2202 1972 2236 ORCAE,
2000 2204 2092 2234 LEG.

1496 2241 1664 2271 PROPR
1680 2243 1766 2272 AET.
1791 2245 1818 2272 S.
1832 2245 1871 2272 D.

1215 2283 1363 2361 CUm
1382 2287 1591 2327 municipibus
1613 2290 1814 2321 Volaterranis
1826 2292 1902 2322 mihi
1916 2293 2033 2324 summa
2047 2292 2169 2323 neceffi-

1300 2327 1373 2357 tudo
1388 2327 1440 2358 est.
1459 2339 1570 2371 magno
1587 2332 1671 2361 enim
1683 2342 1753 2363 meo
1762 2332 1911 2366 beneficio
1921 2334 2019 2365 affecti
2031 2355 2039 2368 ‚
2060 2345 2169 2366 cumu-

1204 2368 1343 2400 latiffime
1356 2371 1434 2399 mihi
1443 2375 1566 2411 gratiam
1578 2375 1752 2404 retulerunt.
1781 2385 1852 2406 nam
1867 2380 1876 2396 ¹
1888 2386 1944 2407 nec
1954 2380 1985 2406 in
2001 2377 2170 2408 honoribus

1209 2414 1286 2442 meis
1304 2411 1456 2443 labo-ribus
1477 2422 1622 2455 umquam
1643 2415 1812 2447 defuerunt,
1838 2420 1914 2448 Cum
1939 2417 2168 2459 quibussimihi

1208 2454 1291 2484 nulla
1301 2455 1385 2484 causa
1396 2455 1612 2490 intercederet,
1634 2467 1732 2488 tamen
1744 2478 1752 2490 ‚
1771 2458 1854 2499 quod
1867 2469 1895 2489 te
1906 2459 2167 2491 vehementissime

1207 2496 1301 2536 diligo
1312 2515 1321 2529 ,
1341 2496 1482 2537 quodque
1492 2499 1566 2528 mea
1577 2507 1604 2528 te
1612 2499 1737 2538 plurimi
1750 2498 1812 2529 fieri
1823 2501 1920 2531 sentio
1932 2521 1940 2534 ‚
1961 2501 2166 2533 &monerem

1206 2547 1234 2568 te
1244 2558 1252 2572 ‚
1273 2538 1306 2568 &
1321 2539 1473 2572 hortarer,
1491 2548 1523 2569 ut
1533 2550 1637 2570 eorum
1649 2539 1786 2571 fortunis
1801 2543 1970 2573 consuleres
1983 2563 1991 2577 ,
2002 2544 2165 2583 praesertim

1205 2580 1276 2610 cum
1297 2579 1389 2620 prope
1408 2583 1588 2621 praecipuam
1609 2583 1724 2612 causam
1745 2583 1886 2614 haberent
1904 2584 1938 2615 ad
1958 2585 2006 2624 jus
2021 2585 2167 2617 obtinen-

1205 2623 1290 2652 dum.
1315 2622 1450 2652 Primum
1461 2622 1544 2663 quod
1553 2624 1668 2653 Sullani
1684 2625 1872 2664 temporibus
1879 2626 2082 2661 acerbitatem,
2093 2628 2168 2659 deo-

1204 2674 1272 2694 rum
1300 2664 1522 2694 immortalium
1548 2665 1730 2705 benignitate
1756 2666 2019 2709 subterfugerunt:
2045 2669 2166 2705 deinde,

1205 2704 1288 2747 quod
1308 2706 1430 2736 summo
1450 2705 1551 2737 studio
1565 2708 1669 2747 populi
1680 2709 1719 2738 R.
1731 2707 1746 2738 a
1762 2718 1811 2738 me
1822 2711 1853 2738 in
1864 2710 2020 2741 consulatu
2034 2721 2103 2741 meo
2114 2712 2168 2743 de-

1204 2746 1278 2777 tenfi
1297 2748 1374 2778 sunt.
1400 2747 1471 2779 cum
1491 2749 1604 2778 tribuni
1625 2749 1667 2789 pl.
1681 2750 2003 2792 legeminiquiffimam
2014 2753 2166 2785 deeorum

1205 2792 1281 2830 agris
1301 2788 1587 2832 promulgaviss'ent:
1607 2790 1694 2821 facile
1713 2795 1740 2822 S.
1763 2793 2049 2834 P-QRpersuasi,
2075 2805 2166 2826 uteos

1208 2834 1301 2861 civeis
1319 2852 1329 2865 ,
1358 2833 1467 2872 quibus
1485 2831 1604 2863 fortuna
1625 2832 1799 2873 peperciffet
1820 2854 1829 2869 ‚
1850 2835 1947 2866 salvos
1964 2835 2022 2866 esse
2041 2838 2162 2868 vellent.

1208 2875 1294 2904 Hanc
1316 2872 1468 2904 actionem
1489 2884 1588 2904 meam
1612 2877 1644 2905 C·
1657 2875 1750 2906 Caesar
1766 2878 1867 2916 primo
1885 2878 1938 2908 suo
1954 2879 2110 2909 consulatu
2130 2882 2164 2910 in

1206 2915 1269 2957 lege
1289 2918 1409 2957 Agraria
1430 2915 1660 2956 comprobavit,
1681 2927 1845 2960 agrumque
1856 2920 2083 2951 Volaterranum
2099 2941 2107 2955 ‚
2129 2921 2162 2952 δε

778 2993 781 2996 ¹
2073 2966 2163 3004 oppi-

208 3026 219 3045 1
228 3019 365 3073 .NEc1'n
374 3021 496 3048 honoribus·
505 3024 559 3049 »κὶα
568 3026 688 3051 laborihm
697 3035 802 3060 unquam
813 3027 961 3060 desuerimt.]
979 3026 1084 3052 l’raetuli
1098 3025 1162 3051 lianc

299 3055 441 3082 lectionem
452 3067 484 3085 ex
496 3058 614 3087 editione
625 3062 738 3088 vietorii
751 3073 756 3089 :
770 3062 830 3088 ideo
841 3062 912 3098 quod
925 3062 1055 3089 verislima
1066 3063 1093 3087 8(
1105 3071 1159 3088 man

205 3090 279 3117 xime
289 3099 404 3126 genunio.
414 3092 532 3127 videtur,
544 3102 600 3122 tum
612 3097 683 3133 quod
695 3108 745 3124 non
759 3098 838 3133 longe
849 3098 946 3125 abeunt
957 3100 1001 3124 alii
1014 3098 1071 3125 mss‘.
1086 3099 1160 3124 Pala-

203 3127 274 3152 tinus
285 3127 385 3162 primus
397 3146 406 3159 ,
425 3129 622 3158 Stewechianus
635 3151 644 3164 ,
664 3134 764 3160 Peckio
774 3143 898 3170 excerpta
910 3154 918 3166 ‚
928 3134 1011 3161 editio
1041 3136 1140 3170 riiiccps
1154 3145 1159 3161 z

202 3171 242 3189 m:
251 3165 276 3189 in
287 3164 408 3191 homrsbm
417 3165 471 3191 meis
479 3166 639 3203 laboribusque
648 3178 754 3205 unquam
765 3171 902 3206 defuerunt:
925 3180 953 3200 ut
963 3145 1037 3200 illuci)
1042 3181 1085 3211 με
1096 3190 1104 3205 ,
1115 3181 1163 3199 co-

1180 3043 1181 3055 2
1199 3027 1302 3063 piilatio
1312 3027 1345 3053 ab
1356 3026 1436 3053 sciolo
1447 3028 1474 3053 ὅτ
1491 3027 1523 3055 ad
1536 3028 1633 3056 sensum
1646 3040 1697 3057 non
1719 3039 1874 3067 penetrante
1885 3032 2017 3066 adjet‘tum
2030 3032 2164 3060 videatur.

1203 3062 1338 3089 facessant
1348 3073 1413 3099 crgo
1423 3064 1536 3091 aliorum
1549 3066 1768 3100 conjct‘tationes,
1779 3077 1820 3093 nec
1831 3071 1856 3093 in
1866 3070 2098 3103 lahoi·1bmm;quam
2108 3072 2165 3094 nubi

1202 3100 1336 3130 defuerunt.
1359 3100 1466 3126 [ditum
1478 3110 1538 3128 ante
1558 3102 1604 3130 hac
1614 3103 1667 3131 est:
1689 3107 1802 3132 Namnet
1819 3108 1845 3131 in
1855 3107 1979 3132 honoribus
1998 3107 2050 3131 meis
2062 3125 2070 3137 ‚
2089 3114 2165 3131 imm

1200 3137 1321 3163 laboribus
1330 3146 1435 3172 unquam
1444 3138 1579 3172 defflerunt.

2047 3221 2057 3241 1
2064 3232 2070 3239 .
2090 3214 2160 3240 l'ulm

2192 1390 2212 1414 t)

2193 1873 2207 1905 3

2188 2230 2213 2261 4
