2337 3400
235 142 328 189 5¹0
635 119 1139 169 MTULLH

236 214 308 243 tutis
320 211 443 250 gloriam
455 228 462 242 ,
488 206 698 246 sempiternam
711 213 717 232 :
739 212 836 243 neque
851 204 927 233 hanc
942 203 1124 242 opinionem
1135 200 1154 231 si
1167 202 1200 232 in

241 254 296 283 illo
307 250 488 283 san&1ssimo
500 247 628 279 Hercule
644 246 845 276 consecratam
856 244 1015 277 videmus,
1033 245 1118 284 cujus
1135 253 1201 273 cor—

242 305 313 334 pore
323 291 461 323 ambusto
471 310 479 323 ,
495 292 589 320 vitam
600 288 663 327 ejus
674 307 681 321 ‚
698 287 731 317 δε
741 288 883 317 virtutem
894 286 1103 315 immortalitas
1113 295 1200 315 exce-

242 334 316 376 pilse
326 335 436 364 dicitur
447 352 456 365 ,
477 330 582 361 minus
594 328 805 359 existimemus
816 348 824 361 ‚
846 337 897 358 eos
910 346 919 361 ‚
940 329 990 368 qui
1002 328 1079 357 hanc
1088 336 1200 357 tantam

246 375 462 415 rempublicam
474 374 533 404 suis
541 370 673 403 consiliis
684 391 691 404 ,
704 380 752 400 aut
762 370 913 400 laboribus
923 378 972 398 aut
982 370 1121 399 auxerint
1130 388 1138 403 ,
1151 377 1202 399 aut

247 417 436 448 defenderint
454 436 462 449 ‚
486 423 536 445 aut
554 414 697 444 servarint
713 432 722 446 ‚
746 410 804 441 effe
829 415 838 430 ¹
850 411 1057 441 immortalem
1075 412 1202 451 gloriam

183 459 203 491 6
207 467 228 499 )
246 459 432 489 consecutos.
475 456 531 487 Sed
542 465 590 485 me
600 453 720 494 repente
732 473 741 487 ‚
757 452 873 493 judices
885 473 892 487 ,
907 452 944 483 de
954 451 1200 486 fortissimorum,

249 502 283 532 ἅτ
291 498 522 530 clarissimorum
533 499 649 528 civium
660 496 803 536 dignitate
815 515 824 528 ‚
840 495 872 524 &
881 495 976 535 gloria
985 495 1136 525 dicentem
1148 515 1156 528 ,
1169 494 1201 524 δε

242 543 332 583 plura
343 543 433 571 etiarn
444 541 540 570 dicere
549 547 699 579 parantem
711 557 720 571 ‚
738 538 848 566 horum
858 536 1009 576 adspe&us
1021 539 1051 566 in
1062 537 1125 577 ipso
1136 546 1205 567 cur·
1224 543 1226 548 ·

248 585 279 614 su
290 585 435 614 orationis
446 580 586 622 repressit.
610 579 708 609 Video
720 581 893 609 P.Sextium
906 598 914 611 ‚
935 588 1009 608 meae
1019 578 1133 612 salutis,
1153 588 1204 607 ve-

245 625 310 656 stra:
325 624 506 656 ati-&orimus
519 643 528 657 ‚
548 621 677 663 publicae
695 621 788 651 causae
805 619 995 651 defensorem
1008 640 1016 653 ,
1037 630 1206 661 propugna-

247 676 342 697 torem
356 687 364 700 ‚
382 666 557 699 au&orern;
576 673 664 694 reum
681 673 687 692 :
709 662 799 693 video
817 663 898 693 hunc
916 670 1122 702 praeteXtatum
1141 662 1205 700 ejus

245 707 348 739 filium
367 708 464 739 oculis
482 705 719 746 lacrymantibus
737 714 786 734 me
800 706 971 734 intuentem
988 714 993 732 2
1011 703 1101 734 video
1113 704 1206 733 Milo-

245 761 319 781 nem
331 770 338 784 ‚
359 750 517 780 vindicem
540 747 643 778 vestrae
654 747 798 776 libertatis
809 766 817 779 ‚
839 745 996 776 custodem
1006 746 1104 775 salutis
1116 755 1202 777 meae.

244 791 406 823 subfidium
426 789 545 821 afflislae
564 789 736 829 reipublicae
754 808 763 822 ,
799 786 1017 817 exstinfflwrem
1046 786 1206 830 domestici

243 834 397 864 latrocinii
419 853 428 867 ,
455 830 650 873 repressorem
669 830 757 861 caedis
775 829 958 870 quotidianae
979 849 987 862 ‚
1015 828 1206 858 detensorem

245 877 431 915 templorum
443 895 452 908 ‚
472 884 561 914 atque
572 872 720 904 te&orum
736 892 744 904 ,
763 869 933 911 praesidium
944 873 1051 904 curiae3
1073 869 1206 900 sordida-

248 926 315 947 tum
327 918 359 947 δε
369 927 454 947 reum
466 916 573 946 :video
583 914 795 946 P.Lentulum‚
806 913 891 951 cujus
901 922 956 953 ego
968 921 1091 951 patrem,
1101 911 1204 944 deum,

247 969 280 991 ac
297 968 453 999 parentem
472 957 567 988 statuo
586 955 733 988 fortunae,
753 964 785 984 ac
801 955 940 984 nominis
953 956 1031 986 mei,
1053 953 1204 987 &fi-atris,

245 1011 407 1042 rerumque
416 999 584 1030 nostrarum
593 1017 602 1031 ,
619 999 652 1027 in
663 998 721 1026 hoc
731 996 842 1025 misero
854 996 987 1036 squalore
997 1015 1006 1028 ,
1018 996 1050 1025 δε
1060 995 1207 1026 sordibus:

247 1045 299 1072 cui
310 1043 441 1082 superior
450 1050 546 1072 annus
557 1039 639 1069 idem
651 1039 683 1069 δε
693 1037 814 1068 virilem
826 1057 834 1071 ‚
853 1039 942 1077 patris
955 1049 963 1071 3
980 1037 1014 1067 &
1023 1046 1205 1077 praeteXtam.

246 1085 353 1125 populi
363 1083 479 1123 judicio
488 1102 497 1115 ‚
513 1091 543 1112 to
581 1090 611 1109 m
622 1080 755 1112 dederit,
771 1080 853 1109 hunc
862 1079 920 1109 hoc
929 1089 1010 1109 anno
1020 1081 1054 1109 in
1064 1080 1117 1108 hac
1128 1088 1206 1119 toga,

247 1123 524 1163 rooationisinjusti
563 1132 619 1152 mae
631 1121 757 1151 subitam
771 1120 962 1151 acerbitatem
980 1131 1034 1161 pro
1052 1129 1132 1160 patre
1145 1119 1208 1150 for-

249 1151 364 1198 tilsimo
376 1187 384 1199 ,
399 1166 430 1196 &c
439 1163 601 1196 clarissimo
611 1165 677 1193 cive
685 1162 906 1202 deprecantem.
931 1165 1029 1203 Atque
1040 1163 1089 1192 hic
1098 1170 1142 1191 tot
1154 1181 1162 1195 ‚
1175 1162 1208 1191 &

248 1210 356 1239 talium
366 1208 484 1248 squalor
495 1226 503 1241 ‚
519 1207 568 1235 hic
580 1203 678 1234 luctus
689 1224 697 1238 ‚
719 1205 763 1234 hae
775 1203 892 1237 sordes,
913 1204 1051 1243 susceptae
1062 1204 1208 1242 suntpro-

249 1261 313 1290 pter
322 1259 419 1279 unum
431 1259 480 1279 me
492 1269 499 1281 ,
521 1248 592 1288 quia
601 1257 650 1276 me
660 1245 861 1276 defenderunt
873 1266 881 1279 ,
898 1247 968 1285 quia
979 1255 1083 1274 meum
1095 1245 1206 1278 casum,

247 1291 426 1332 lfflstumque
442 1291 623 1321 doluerunt,
642 1290 712 1328 quia
729 1297 780 1317 me
795 1287 908 1328 lugenti
926 1289 1042 1326 patriae,
1064 1285 1208 1328 flagitanti

250 1335 382 1367 senatui,
402 1332 537 1373 poscenti
547 1330 658 1363 Italiae‚
677 1329 766 1360 vobis
779 1328 926 1358 omnibus
939 1328 1094 1358 orantibus
1108 1327 1209 1357 reddi·

249 1376 369 1406 derunt.
393 1373 484 1416 Qod
496 1381 612 1403 tantum
625 1370 667 1402 est
677 1374 710 1401 in
721 1380 769 1400 me
780 1370 896 1400 scelus?
910 1369 983 1410 quid
993 1370 1146 1409 tantopere
1157 1368 1209 1399 de—

249 1418 326 1458 liqui
337 1417 392 1446 illo
403 1436 411 1449 ‚
426 1416 482 1445 illo
491 1414 540 1445 die
550 1434 558 1447 ‚
569 1423 640 1444 cum
651 1412 686 1443 ad
697 1422 751 1442 vos
763 1411 873 1442 indicia
885 1431 893 1445 ,
903 1411 1015 1441 litteras
1024 1430 1033 1444 ‚
1045 1409 1208 1441 confessio-

1223 119 1769 166 Cic-anonis

1238 199 1348 231 lestum
1357 199 1400 230 est
1409 209 1505 231 amare
1514 203 1640 241 patriam
1649 222 1658 236 ,
1679 205 1693 223 ²
1700 202 1808 244 pertuli
1819 210 1977 243 poenarum
1989 202 2056 235 satis
2069 212 2074 233 :
2096 202 2197 236 eversa

1240 243 1351 273 domus
1369 241 1430 276 est,
1450 241 1578 273 fortunae
1588 253 1698 275 vexatae
1710 265 1719 278 ‚
1738 243 1866 285 dissipati
1877 245 1984 279 liberi,
2003 254 2112 286 raptata
2120 256 2195 276 con-

1240 286 1296 325 jux
1305 305 1313 317 ‚
1338 283 1425 314 frater
1434 285 1568 323 optimus
1579 305 1588 318 ‚
1608 286 1778 316 incredibili
1786 289 1894 326 pietate
1904 306 1913 320 ‚
1934 296 2036 317 amore
2045 287 2196 321 inaudito.

1243 328 1381 356 maximo
1395 328 1428 355 in
1441 326 1575 366 squalore
1596 328 1746 358 volutatus
1765 328 1808 359 est
1824 328 1859 359 ad
1871 328 1959 369 pedes
1969 327 2199 360 inimicissimo-

1244 378 1330 399 rum:
1350 377 1405 407 ego
1419 367 1520 407 pulsus
1535 369 1610 401 aris,
1629 367 1723 404 focis,
1743 370 1801 400 diis
1819 371 1996 409 penatibus,
2017 369 2199 402 distraetus&

1245 411 1321 440 meis
1332 429 1339 443 ‚
1356 412 1435 439 carui
1447 410 1539 448 patria
1549 430 1557 442 ‚
1572 419 1662 450 quam
1673 412 1731 450 (uti
1741 411 1889 443 levissime
1902 412 2012 453 dicam)
2022 411 2099 443 certe
2113 420 2200 442 texe-

1224 473 1227 499 '
1244 462 1307 482 ram
1319 461 1324 478 τ
1344 451 1454 490 pertuli
1463 450 1669 482 crudelitatem
1679 455 1877 484 inimicorum
1887 474 1897 488 ‚
1911 454 2003 484 scelus
2013 452 2198 488 infidelium,

1243 493 1378 523 fraudem
1390 492 1579 522 invidorum.
1603 495 1632 524 Si
1643 495 1700 524 hoc
1709 505 1775 525 non
1785 495 1827 525 est
1836 496 1902 525 satis
1911 516 1921 528 .
1934 495 2015 536 quod
2025 497 2087 526 haec
2095 497 2201 526 omnia

1244 535 1339 565 deleta
1349 534 1490 564 videntur
1499 535 1595 564 reditu
1605 545 1691 565 meo:
1712 537 1810 566 multo
1823 537 1900 566 mihi
1910 556 1919 570 ‚
1933 538 2031 567 multo
2041 557 2050 571 ‚
2060 539 2199 578 inquam,

1241 579 1251 617 j
1257 577 1357 607 udices
1378 596 1386 609 ‚
1414 575 1528 616 praestat
1547 596 1556 609 ,
1586 578 1619 606 in
1639 577 1764 607 eandem
1782 578 1867 607 illam
1887 577 2015 608 recidere
2033 578 2201 613 fortunam,

1244 618 1335 660 quam
1346 626 1456 648 tantam
1468 621 1628 658 importare
1638 620 1716 649 meis
1726 618 1934 650 defensoribus
1945 639 1953 652 ‚
1969 620 2002 650 &z
2010 619 2202 651 conservato-

1245 661 1326 690 ribus
1340 660 1546 690 calamitatem.
1573 662 1620 690 An
1640 669 1695 701 ego
1713 661 1747 691 in
1765 662 1820 691 hac
1839 661 1913 691 urbe
1930 659 1987 691 effe
2006 660 2113 702 poffim
2125 681 2134 696 ‚
2155 662 2206 692 his

1249 700 1338 742 pulsis
1349 722 1356 735 ‚
1375 704 1429 742 qui
1446 711 1495 732 me
1513 702 1601 741 hujus
1613 702 1695 732 urbis
1704 711 1881 743 compotem
1889 701 2044 734 fecerunt?
2061 713 2125 733 non
2136 713 2198 734 ero.

1248 754 1312 774 non
1321 753 1427 783 potero
1437 742 1492 773 effe
1505 764 1512 777 ,
1521 743 1637 782 judices
1646 764 1654 777 ‚
1668 753 1764 785 neque
1774 745 1823 775 hic
1834 754 1978 785 umquam
1987 754 2075 785 puer,
2090 746 2201 786 quibis

1244 785 1384 824 lacrymis
1393 805 1401 818 ‚
1413 795 1470 825 qua
1479 783 1512 816 sit
1522 794 1629 825 pietate
1641 805 1649 819 ‚
1660 786 1786 816 declarat
1795 806 1803 820 ‚
1816 785 1922 817 amisso
1932 795 2012 827 patre
2022 787 2074 818 suo
2084 796 2204 828 propter

1248 837 1296 856 me
1310 847 1317 859 ‚
1338 828 1494 866 meipsum
1506 828 1696 857 incolumem
1710 828 1842 858 videbit:
1861 838 1935 863 nec,
1954 829 2205 869 quotiescumque

1247 878 1296 898 me
1307 869 1431 902 viderit,
1444 869 1634 910 ingemiscet.
1647 879 1680 899 ac
1689 869 1802 910 pestem
1815 870 1895 901 suam
1906 890 1915 904 ‚
1928 870 1961 900 &
1970 873 2059 910 patris
2069 871 2112 900 sui
2123 890 2132 903 ,
2144 871 2205 901 sese

1246 910 1326 940 dicet
1345 909 1454 940 videre.
1478 913 1542 952 Ego
1555 910 1626 940 vero
1637 921 1691 941 vos
1702 913 1735 941 in
1747 914 1834 942 omni
1844 911 1966 943 fortuna
1976 932 1984 946 ‚
2005 922 2205 953 quaecumque

1247 954 1302 981 erit
1311 952 1408 982 oblata
1417 972 1426 985 ‚
1445 951 1644 993 compleEtar:
1663 963 1720 983 nec
1729 963 1779 983 me
1789 953 1825 984 ab
1834 956 1871 983 iis
1881 974 1890 987 ‚
1909 964 1985 995 quos
1995 964 2066 984 meo
2076 963 2205 984 nomine

1246 993 1412 1024 sordidatos
1424 994 1532 1024 videtis
1547 1015 1556 1026 ‚
1577 1004 1722 1035 umquam
1736 996 1795 1026 ulla
1808 994 1929 1026 fortuna
1944 995 2087 1029 divellet,
2108 1005 2205 1036 neque

1247 1045 1289 1065 eae
1298 1037 1435 1065 nationes
1446 1056 1454 1069 ‚
1478 1036 1588 1076 quibus
1598 1046 1647 1066 me
1657 1036 1774 1067 senatus
1783 1038 2010 1068 commendavit
2022 1057 2030 1071 ,
2051 1037 2159 1078 quibus
2169 1037 2207 1067 de

1249 1086 1298 1106 me
1316 1078 1422 1116 gratias
1443 1079 1503 1117 egit
1515 1098 1523 1111 ,
1545 1078 1625 1108 hunc
1635 1078 1770 1108 exsulem
1780 1088 1898 1119 propter
1910 1088 1961 1109 me
1975 1078 2035 1109 fine
2053 1089 2105 1108 me
2122 1078 2209 1109 vide-

1247 1118 1333 1148 bunt.
1360 1117 1418 1147 Sed
1432 1120 1495 1149 haec
1508 1119 1553 1148 dii
1564 1120 1754 1150 immortales
1764 1140 1773 1154 ‚
1793 1123 1846 1161 qui
1858 1131 1906 1151 me
1919 1121 1978 1151 suis
1986 1121 2108 1161 templis
2117 1120 2209 1151 adve-

1247 1167 1384 1189 nientem
1395 1169 1568 1199 receperunt
1579 1181 1587 1193 ‚
1601 1160 1741 1199 stipatum
1751 1162 1786 1191 ab
1797 1164 1844 1192 his
1853 1164 1926 1192 viris
1936 1182 1944 1195 ‚
1963 1166 1976 1189 ³
1988 1162 2020 1192 &
2031 1165 2063 1192 P.
2074 1162 2209 1192 Lentulo

1246 1201 1372 1231 consule
1384 1221 1393 1233 ‚
1410 1210 1497 1242 atque
1506 1202 1568 1241 ipsa
1576 1202 1739 1241 respublica
1749 1222 1757 1236 ‚
1777 1213 1834 1242 qua
1847 1203 1925 1233 nihil
1935 1202 1978 1233 est
1987 1202 2116 1233 sanetius
2127 1223 2136 1237 ‚
2157 1213 2210 1233 ve-

1250 1242 1313 1273 strae
1330 1241 1467 1282 potestati
1483 1263 1492 1277 ,
1521 1242 1640 1283 J'udices
1654 1263 1663 1276 ‚
1687 1245 1915 1275 commiserunt.
1945 1255 2000 1275 vos
2017 1245 2076 1275 hoc
2089 1244 2209 1285 judicio

1249 1287 1393 1314 omnium
1407 1285 1560 1315 bonorum
1576 1287 1706 1315 menteis
1722 1284 1919 1320 confirmare,
1939 1286 2151 1327 improborum
2161 1296 2210 1316 re-

1247 1328 1376 1366 primere
1385 1325 1507 1366 potestis
1520 1337 1526 1356 ;
1545 1336 1601 1357 vos
1612 1327 1658 1356 his
1668 1328 1784 1358 civibus
1794 1329 1839 1358 uti
1850 1330 1975 1368 optimis
1986 1348 1994 1362 ‚
2014 1338 2070 1359 vos
2079 1338 2129 1358 me
2138 1326 2210 1358 refi-

1249 1378 1313 1398 cere
1323 1387 1331 1401 ‚
1343 1372 1360 1394 4
1369 1369 1400 1398 &
1410 1378 1552 1399 renovare
1564 1369 1700 1408 rempub.
1724 1372 1822 1408 Quare
1831 1379 1887 1400 vos
1897 1369 2029 1401 obtestor
2037 1390 2046 1404 ‚
2057 1378 2144 1411 atque
2153 1369 2211 1400 ob·

1251 1410 1332 1440 secro
1344 1430 1353 1442 ,
1368 1418 1400 1439 ut
1411 1429 1419 1444 ,
1431 1409 1453 1439 fi
1462 1420 1513 1440 mc
1522 1410 1639 1441 salvum
1649 1409 1706 1441 effe
1717 1411 1855 1442 voluistis
1867 1431 1875 1446 ‚
1887 1422 1938 1443 eos
1948 1411 2131 1444 conservetis
2139 1430 2148 1446 ‚
2159 1419 2211 1453 per

249 1469 304 1490 nes
313 1458 489 1490 communis
499 1457 586 1486 exitii
595 1455 711 1485 detuli?
730 1452 803 1484 cum
812 1455 896 1494 parui
906 1452 994 1483 vobis
1005 1459 1016 1485 ?
1037 1455 1078 1483 At
1087 1472 1095 1487 ,
1116 1451 1138 1482 fi
1147 1453 1209 1483 sce·
1247 1461 1323 1492 quos
1334 1461 1384 1482 me
1394 1451 1628 1492 recuperavistis.

247 1511 2195 1522 Q

290 1547 300 1565 1
309 1558 314 1565 .
332 1538 487 1563 Immortalem
499 1539 598 1570 g'oriam
616 1535 768 1570 consecutos]
790 1534 834 1560 Sic
843 1533 924 1560 malui
937 1553 946 1565 ‚
966 1542 1025 1559 cum
1036 1533 1154 1560 editione
1164 1533 1213 1559 Vi-

253 1574 347 1605 ξῒοτὶὶ,
358 1583 417 1600 cum
429 1574 485 1599 Pal.
496 1582 536 1604 pr.
546 1571 596 1598 sec.
608 1582 690 1603 nouo,
701 1572 782 1607 quam
794 1569 1037 1605 consecuturos,quod
1048 1569 1106 1596 aliis
1117 1570 1213 1596 etiam-

255 1619 320 1637 num
334 1609 478 1646 perplacet.
496 1605 505 1609 ⁵
840 1642 843 1646 Ι

291 1643 641 1678 2.,Perr=dipoenarumfinis]
654 1642 771 1669 Restitui
783 1641 925 1668 lectionem
937 1641 1121 1678 priscam.nam
1133 1642 1216 1668 Lani-

250 1680 368 1709 hir-jiuae
377 1679 438 1708 edd.
446 1682 543 1714 per-leid:
549 1699 555 1711 ,
561 1688 592 1713 μ
599 1679 751 1714 ›mrumsatbs
759 1690 769 1712 ,-
779 1686 872 1705 contra
881 1687 972 1706 omnes
984 1677 1041 1704 mss.
1051 1678 1163 1705 nostros.

1296 1541 1323 1569 3.
1346 1536 1377 1559 Et
1387 1537 1419 1558 P.
1429 1535 1527 1558 Lentulo
1541 1520 1637 1565 Coasuk
1647 1551 1656 1564 ‚
1674 1540 1746 1567 atque
1756 1552 1764 1564 ‚
1782 1533 1848 1567 dra]
1868 1533 1912 1561 Est
1930 1532 1998 1560 istud
2018 1535 2034 1560 a
2044 1534 2101 1562 Pal.
2113 1545 2175 1562 non.
2185 1536 2216 1562 &

1258 1569 1329 1596 libro
1339 1568 1505 1612 symm-is.
1525 1570 1615 1604 inepte
1634 1578 1694 1595 meo
1704 1568 1804 1600 judicio
1813 1576 1891 1596 antea
1900 1569 1986 1596 excufi
1997 1588 2005 1602 ‚
2023 1570 2052 1602 ἐν
2060 1574 2091 1597 P.
2101 1573 2219 1598 Lentulus

1260 1607 1490 1675 censeam-'mare
1499 1640 1618 1674 rempub]
1634 1639 1746 1666 Resecui
1756 1640 1847 1674 potestis
1858 1649 1865 1671 ;
1879 1647 2032 1668 revocatum
2043 1642 2112 1670 male
2123 1644 2137 1670 ὲ
2148 1642 2219 1671 linea

1262 1677 1434 1714 praecedenti,
1445 1676 1525 1712 idque
1533 1675 1607 1703 suasu
1618 1675 1830 1712 supi-adiistorum
1840 1676 2043 1713 exemplarium.

637 1793 728 1853 M.
801 1793 1312 1853 TULLIUS
1412 1793 1834 1851 CICERO

1176 1896 1205 1951 I

429 1986 1129 2076 VATI

569 2130 1217 2196 ORATio‘TRm

549 2256 563 2284 1
585 2264 670 2285 TUA
693 2256 907 2286 tantummodo
921 2276 929 2290 ‚
950 2258 1070 2291 Vatini,
1088 2257 1162 2299 quid
1174 2259 1224 2287 in-

551 2296 682 2337 dignitas
699 2295 880 2336 postularet,
902 2298 1029 2337 spectare
1046 2298 1219 2332 voluiflem,

550 2336 683 2367 fecissem
694 2337 725 2368 id
736 2358 745 2371 ‚
761 2337 842 2378 quod
853 2339 900 2368 his
911 2341 1115 2378 [vehementer
1122 2341 1222 2380 placc-

292 2276 301 2287 ·
314 2266 327 2293 .-
339 2266 366 2298 >³¹
382 2289 437 2347 ff«
475 2287 519 2302 f.

297 2311 320 2321 o*
383 2335 387 2337 ι
427 2303 461 2358 V*
482 2313 495 2330 *-
516 2326 520 2336 Ι

296 2347 367 2397 ³³3„
390 2329 417 2351 N
436 2314 501 2386 &ab

431 2433 440 2443 ν
465 2442 469 2447 -.
487 2422 526 2462 ἐξ
552 2421 774 2460 turpitudinem
787 2423 874 2455 vitae‚
898 2421 1066 2463 sordeisque
1077 2421 1223 2452 domesti-

507 2456 526 2488 ’ἲ-
551 2472 614 2496 cas,
627 2463 729 2491 nullius
738 2463 871 2492 momenti
879 2472 1044 2503 putaretur,
1064 2463 1222 2494 tacitusdi-

554 2507 720 2535 mitterem.
742 2515 836 2534 nemo
846 2508 931 2535 enim
949 2506 1059 2535 horum
1070 2515 1119 2536 aut
1136 2508 1176 2535 ita
1193 2514 1221 2534 te

266 2547 457 2581 refutandum
468 2567 476 2580 ‚
497 2555 529 2577 ut
545 2556 666 2586 gravem
683 2545 883 2577 adversarium
895 2567 904 2581 ‚
925 2555 973 2577 aut
987 2549 1028 2577 ita
1041 2547 1219 2589 rogandum,

267 2600 300 2620 ut
314 2590 488 2630 religiosum
500 2587 605 2618 testem
617 2607 625 2621 ‚
645 2588 845 2618 arbitrabatur.
868 2589 942 2619 ²sed
960 2587 1005 2619 fui
1021 2589 1122 2629 paullo
1143 2591 1174 2618 in
1194 2597 1221 2618 te

270 2632 518 2671 intemperantior
533 2628 652 2660 fortasse
664 2651 672 2663 ‚
692 2628 783 2670 quam
797 2629 897 2660 debui.
921 2631 993 2660 odio
1007 2633 1090 2661 enim
1104 2632 1148 2661 tui
1160 2650 1168 2664 ‚
1188 2632 1221 2660 in

268 2683 329 2714 quo
340 2693 348 2706 ‚
369 2672 419 2703 etsi
430 2673 549 2702 omneis
559 2680 680 2712 propter
688 2680 775 2702 tuum
787 2674 820 2702 in
833 2682 882 2702 me
895 2673 986 2703 scelus
997 2693 1006 2707 ‚
1027 2674 1158 2713 superare
1171 2672 1224 2702 de-

272 2715 330 2745 beo
341 2734 349 2748 ,
369 2724 470 2744 tamen
486 2713 522 2744 ab
539 2712 683 2743 omnibus
699 2713 784 2753 paene
801 2724 925 2748 vmcor,
948 2713 985 2744 sic
995 2715 1061 2745 sum
1072 2716 1222 2747 incitatus,

268 2766 302 2786 ut
311 2777 318 2789 ‚
336 2756 406 2786 cum
417 2764 444 2785 te
459 2765 520 2784 non
532 2755 635 2785 minus
646 2764 874 2786 contemnerem
885 2775 894 2790 ,
915 2756 1005 2797 quam
1017 2755 1146 2786 odissem
1157 2776 1166 2790 ‚
1182 2765 1224 2786 ta·

269 2808 342 2828 men
354 2806 494 2827 vexatum
506 2796 606 2836 potitis
615 2817 622 2830 ‚
634 2798 724 2838 quam
736 2797 909 2838 despe6fflm
919 2818 927 2831 ‚
940 2798 1050 2828 vellem
1061 2799 1223 2828 dimittere.

270 2842 366 2881 Qare
379 2861 386 2872 ,
407 2849 444 2869 ne
462 2838 518 2869 tibi
539 2839 618 2869 hunc
635 2840 786 2870 honorem
800 2840 815 2870 a
833 2850 882 2870 me
897 2840 996 2871 haberi
1010 2839 1088 2870 forte
1103 2842 1223 2873 mirere,

269 2881 350 2922 quod
360 2883 539 2922 interrogem
550 2900 559 2914 ,
570 2890 661 2923 quem
671 2891 764 2912 nemo
775 2881 930 2923 congressu
940 2902 948 2916 ,
958 2892 1052 2912 nemo
1062 2882 1143 2913 aditu
1153 2902 1161 2916 ,
1172 2892 1226 2912 ne-

464 2382 521 2412 Nem?
553 2379 620 2412 bat,
640 2388 710 2409 utre
725 2399 734 2413 ,
751 2381 837 2418 cujus
854 2379 1064 2410 testimonium
1075 2401 1084 2413 ‚
1101 2390 1222 2421 propter
1241 2390 1243 2405 r

1243 1895 1306 1950 N

1265 1989 2052 2077 NlttM.

1242 2147 1908 2197 ESIMATERTIA.

1265 2265 1319 2286 mo
1333 2254 1489 2298 suffragio,
1510 2265 1604 2286 nemo
1619 2257 1756 2290 civitate,
1777 2266 1870 2287 nemo
1887 2257 1952 2286 luce
1970 2255 2098 2298 dignum
2115 2264 2216 2296 putet:

1265 2298 1348 2328 nulla
1364 2308 1415 2328 me
1430 2297 1466 2328 ad
1485 2297 1517 2327 id
1534 2298 1619 2327 causa
1630 2296 1813 2337 impulisset,
1834 2296 1888 2327 nifi
1899 2297 2123 2328 utferocitatem
2135 2307 2219 2329 tuam

1262 2339 1349 2369 istam
1360 2340 1596 2378 comprimerem
1606 2358 1614 2371 ‚
1632 2339 1664 2369 &
1674 2339 1826 2369 audaciam
1837 2338 2002 2381 frangerem
2015 2360 2024 2373 ,
2044 2340 2076 2370 &
2086 2340 2221 2381 loquaci-

1263 2389 1353 2409 tatem
1367 2378 1547 2419 pauciffimis
1565 2380 1849 2421 interrogationibus
1867 2383 2013 2411 irretitam
2030 2382 2219 2412 retardarem.

1262 2423 1386 2451 Etenim
1400 2420 1529 2451 debuisti
1541 2440 1549 2454 ,
1569 2423 1670 2451 Vatini
1683 2442 1692 2455 ‚
1713 2424 1803 2452 ctiam
1814 2421 1835 2452 si
1844 2421 1920 2452 falso
1941 2421 2070 2452 veniss'es
2079 2425 2111 2453 in
2122 2423 2216 2463 suspi-

1263 2464 1387 2492 cionem
1397 2465 1535 2493 P.Sextio
1546 2482 1555 2496 ‚
1574 2471 1675 2493 tamen
1691 2465 1769 2493 mihi
1782 2464 1932 2505 ignoscere
1944 2484 1952 2498 ‚
1974 2463 1994 2494 si
2009 2466 2042 2494 in
2061 2473 2144 2495 tanto
2163 2466 2222 2495 ho·

1264 2506 1357 2534 minis
1371 2503 1407 2534 de
1423 2514 1473 2534 me
1487 2504 1603 2544 optime
1617 2507 1848 2546 meritipericulo
1860 2526 1867 2540 ‚
1890 2506 1923 2536 ὃς
1937 2508 2067 2546 tempori
2081 2508 2146 2545 ejus
2157 2526 2165 2541 ,
2187 2507 2222 2538 &

1263 2546 1414 2576 voluntati
1423 2555 1522 2585 parere
1533 2545 1706 2577 voluissem.
1730 2551 1742 2575 3
1753 2547 1808 2578 Sed
1822 2547 1962 2578 hesterno
1975 2557 2030 2588 pro
2044 2547 2221 2579 testimonio

1267 2586 1324 2617 ess'e
1337 2590 1502 2618 mentitum
1513 2607 1521 2622 ,
1542 2598 1613 2618 cum
1627 2587 1787 2620 affirmares
1800 2590 1921 2620 nullum
1935 2589 1990 2620 tibi
2003 2592 2135 2620 omnino
2148 2599 2221 2620 cum

1265 2629 1460 2660 Albinovano
1478 2629 1652 2660 sermonem
1670 2640 1734 2661 non
1753 2629 1849 2661 mode>
1869 2631 1905 2661 de
1921 2633 2024 2662 Scittio
2045 2631 2220 2665 accusando,

1265 2671 1313 2702 sed
1334 2671 1419 2702 nulla
1435 2681 1605 2712 numquam
1624 2672 1661 2702 de
1681 2683 1711 2703 re
1728 2671 1835 2708 fuiffe3
1855 2672 1956 2713 paullo
1966 2682 2033 2704 ante
2044 2673 2222 2713 imprudens

1265 2712 1401 2743 indicasti
1413 2724 1418 2742 :
1429 2715 1482 2755 qui
1495 2713 1526 2743 &
1537 2713 1739 2744 T⁴Claudium
1753 2723 1852 2744 tecum
1866 2714 2113 2749 communicasse,
2122 2715 2155 2744 &
2167 2714 2183 2744 a
2193 2722 2222 2743 te

1266 2754 1428 2785 consilium
1449 2758 1480 2786 P.
1491 2757 1585 2786 Sextii
1603 2756 1757 2786 accusandi
1774 2755 1877 2796 periise
1896 2777 1905 2790 ,
1929 2757 1962 2786 δε
1980 2757 2221 2789 Albinovanum,

1266 2807 1358 2838 quem
1369 2807 1454 2828 antea
1465 2799 1519 2827 vix
1529 2798 1583 2827 tibi
1594 2807 1703 2828 notum
1714 2796 1771 2828 effe
1781 2797 1901 2828 dixisses
1911 2819 1919 2832 ,
1940 2798 2067 2828 domum
2080 2806 2160 2827 tuam
2171 2807 2224 2827 ve-

1269 2838 1364 2872 nisse,
1383 2839 1479 2870 multa
1495 2848 1594 2869 tecum
1614 2840 1753 2869 locutum
1772 2840 1902 2870 dixeris:
1921 2839 2049 2880 denique
2058 2841 2224 2869 conciones

1269 2885 1300 2912 P.
1309 2884 1405 2912 SeXtii
1415 2882 1531 2922 scriptas
1543 2902 1552 2915 ,
1572 2891 1645 2923 quas
1659 2892 1756 2923 neque
1770 2880 1866 2913 noffet
1875 2902 1884 2915 ‚
1905 2891 2003 2922 neque
2016 2881 2224 2953 reperiri-pos-

2148 2932 2186 2957 et,
2198 2932 2226 2953 te

270 3008 280 3026 x
288 3020 293 3025 .
299 3000 397 3053 Sltua
407 3003 573 3033 tantummodo,
584 3005 737 3039 Vatini‚quid
744 3006 900 3041 indignitas]
922 3008 950 3032 S.
962 3005 1078 3032 Vic'wris
1091 3005 1223 3032 membra-

336 3045 375 3062 na:
386 3047 436 3063 non
448 3036 609 3065 admiserunt
621 3046 673 3065 rua.
693 3040 764 3076 quod
783 3041 879 3103 placet.
902 3042 959 3068 Pal.
969 3052 1054 3069 nouus
1065 3041 1143 3069 habet
1155 3062 1163 3073 ,
1178 3052 1226 3076 (χιι-ε

263 3073 403 3106 indignitas.
423 3072 508 3100 for-fini
520 3083 571 3100 non
584 3076 661 3100 male.
681 3084 708 3102 at
718 3077 761 3103 alii
773 3087 787 3104 a
800 3078 877 3113 iquot
886 3078 967 3105 nostri
980 3088 989 3110 5
1012 3088 1107 3115 nempe
1117 3078 1225 3115 quintus

266 3108 426 3141 scotinus,
437 3112 496 3144 quid
504 3111 605 3142 drqnitaae
615 3122 621 3134 .·
640 3111 724 3138 forsan
738 3113 842 3140 melius.

299 3146 500 3179 2.Sedfi‹ipaullo
508 3149 535 3173 in
544 3153 566 3172 te
574 3150 795 3185 intemperantiam]
807 3150 899 3178 Editio
908 3150 1085 3188 prima,paullb
1093 3157 1227 3185 temperan-
1247 3148 1249 3173 ι’

1252 3022 1253 3041 1
1270 3010 1323 3033 tior.
1338 3007 1365 3032 Sc
1379 3016 1441 3033 vcro
1452 3006 1624 3043 Pall.aliquot
1637 3007 1760 3043 respuunt
1768 3007 1836 3034 illud
1848 3010 1873 3033 in
1882 3015 1914 3034 te.
1925 3017 2008 3034 nonus
2019 3009 2045 3033 δε
2058 3008 2160 3034 Smer.
2171 3008 2226 3040 ejus

1270 3043 1329 3069 loco
1341 3042 1435 3070 habent
1446 3044 1569 3071 ante.imo
1579 3043 1628 3069 ille
1638 3053 1721 3070 nonus
1733 3043 1910 3079 leg.fifui.cui
1921 3045 2005 3070 otium
2017 3044 2152 3076 est,isthaec
2161 3053 2226 3080 pen-

1250 3094 1251 3106 r
1270 3079 1401 3105 rieul-atius
1412 3079 1558 3105 examinet.
1574 3089 1658 3115 neque
1668 3080 1737 3105 enim
1750 3080 1787 3106 ita
1798 3083 1897 3106 temere¹
1908 3079 2032 3106 diffident
2042 3080 2103 3106 libri
2115 3087 2226 3106 veteres.

1305 3123 1331 3149 3.
1351 3118 1457 3148 Hesterno
1464 3124 1507 3148 pro
1516 3118 1637 3148 rfflimonio
1648 3135 1656 3146 ‚
1675 3115 1741 3149 esca]
1763 3115 1908 3144 Lambinus
1918 3116 1969 3145 alia
1978 3115 2085 3144 adhibet
2096 3136 2104 3149 ,
2115 3126 2168 3143 non
2178 3125 2225 3142 ne-

1268 3150 1376 3179 cell'ario
1386 3161 1394 3184 5
1411 3151 1429 3180 ll
1439 3152 1570 3181 illinamus
1580 3153 1679 3186 hesterno
1688 3161 1736 3188 pro
1744 3153 1806 3180 heri.
2155 3172 2157 3174 -
2264 3175 2274 3179 ,

2101 3197 2125 3215 1.
2135 3187 2226 3222 Easque
