2360 3400
741 74 778 120 F
845 88 878 119 R
948 91 980 120 A
1049 89 1081 119 G
1152 87 1190 118 M
1260 91 1288 120 E
1359 92 1392 122 N
1463 89 1494 121 Τ
1567 92 1614 122 A.

2032 94 2156 143 ¹327

187 160 300 191 n'orem
319 165 418 189 autem
445 155 515 188 cum
531 156 562 186 in
573 155 623 188 sex
631 157 738 197 parteis
748 154 890 187 divisisset
898 175 906 189 ‚
928 154 1040 196 septem
1051 155 1150 187 orbeis
1194 160 1225 187 N
1233 167 1252 188 o
1262 168 1283 188 x
1298 159 1388 199 igitur
1397 177 1405 192 ,
1419 157 1452 188 &
1464 168 1484 188 o
1494 168 1504 187 1
1517 168 1535 188 E
1543 168 1556 188 s
1570 158 1604 188 ad
1614 159 1694 189 hunc
1704 157 1834 190 modum
1844 179 1853 193 ,
1865 159 1897 190 &
1907 159 1948 189 ob
1959 161 2008 191 has
2015 170 2154 201 generata

184 202 312 242 dispares
321 220 328 233 ,
351 199 444 239 duplo
455 219 464 232 ‚
477 200 509 229 &
521 201 609 239 triplo
620 199 779 229 intervallo
790 200 908 228 moveri
918 197 998 243 Juffit
1009 218 1018 232 ,
1029 207 1146 228 contra—

184 245 237 273 riis
257 245 335 272 inter
354 242 381 271 se
400 240 540 271 cursibus.
562 250 667 271 eorum
684 250 783 271 autem
808 244 899 270 trium
911 243 1087 281 tecitpareis
1097 251 1144 271 ce-

186 284 333 315 leritates:
349 283 395 313 sed
407 293 546 324 quattuor
557 303 565 316 ‚
587 284 619 314 &
632 284 709 313 inter
721 283 746 312 se
759 283 898 322 dispareis
909 302 917 316 ‚
933 283 966 313 δε
975 280 1144 312 diffimileis

124 358 132 365 f
149 334 167 367 g
186 326 278 356 trium
308 327 503 366 reliquorum.
539 327 689 356 Animum
709 327 798 364 igitur
817 323 888 354 cum
908 324 959 354 ille
976 333 1144 364 procreator

185 368 295 398 mundi
316 370 400 397 Deus
419 377 456 397 ex
475 368 524 397 sua
535 377 654 400 mente,
677 366 709 396 δε
723 366 883 396 divinitate
893 364 1060 407 genuissem
1079 375 1141 395 tum

183 409 313 450 denique
331 419 424 439 omne
435 428 443 443 ‚
465 409 547 450 quod
566 419 626 439 erat
642 417 815 439 concretum
829 428 836 441 ‚
856 417 942 448 atque
951 417 1142 448 corporeum,

183 451 387 482 substernebat
396 453 501 481 animo
513 472 521 484 ,
543 451 722 492 interiusque
733 451 873 484 faciebam
891 459 978 490 atque
991 452 1027 480 ita
1039 449 1142 480 medio

184 494 323 523 medium
343 494 576 524 accommodans
595 492 763 533 copulabat.
793 495 839 522 Sic
858 493 979 522 animus
1001 491 1016 522 a
1036 491 1140 521 medio

182 538 336 575 protectus
348 555 356 569 ,
381 536 600 566 eXtremitatem
625 535 693 566 coeli
705 536 720 565 a
731 535 865 574 suprema
875 535 998 573 regione
1010 533 1140 564 rotundo

181 578 299 607 ambitu
308 579 495 613 circumiecit
508 597 516 611 ‚
537 578 655 618 seseque
671 577 730 616 ipse
744 576 859 606 versaris
872 595 880 610 ‚
897 576 1000 605 divina
1013 596 1021 609 ‚
1037 576 1139 615 sempi-

184 627 282 652 terna,
298 620 489 660 fizprenrifque
509 620 574 648 vitae,
597 619 713 648 induxit
729 618 882 647 exordium.
910 621 946 648 Et
955 627 1061 658 corpus
1072 619 1139 658 qui-

182 661 253 690 dem
264 669 334 690 coeii
345 661 505 700 spectabile
516 660 658 691 effes-Itum
671 660 712 690 est
723 680 730 693 ,
742 663 861 690 animus
870 669 968 689 autem
979 661 1139 690 oculorum

181 700 288 742 effugit
298 703 450 732 obtutum.
475 702 525 732 Est
535 713 633 733 autem
645 711 766 732 animus
781 711 818 731 ex
828 702 973 731 omnibus
984 721 992 735 ,
1004 703 1139 734 rationis,

180 744 388 773 contentionis
407 746 524 781 χάρμενίη
549 746 672 784 Graece)
691 744 936 784 sempiternarum
959 753 1058 773 rerum
1077 762 1086 776 ,
1107 743 1139 773 &

181 784 236 815 sub
257 786 487 826 intelligentiam
499 789 671 816 cadentium
681 795 807 825 compos
819 805 828 818 ,
850 785 881 814 ὅς
895 788 1057 824 particep55
1078 795 1138 825 quo

182 835 288 856 mrim
299 836 342 857 An
353 837 499 860 OPTIMO,
513 828 544 857 ὃς
555 826 794 868 praest'antlffimo
804 836 938 866 genitore
951 828 1058 856 melius
1068 836 1137 866 prov

180 878 316 898 creatum
329 893 334 898 .
345 879 456 909 quippe
473 872 573 909 quiex
590 869 692 899 eadem
703 868 824 898 vinCtus
836 888 844 902 ‚
866 869 1016 909 alteraque
1026 878 1137 902 natura,

180 910 322 949 adjuntfihi
345 913 467 940 materia
480 930 488 943 ‚
512 913 728 951 temperatione
751 913 839 940 trium
852 920 984 950 partium
999 921 1136 950 :propor-

179 954 264 981 tione
274 951 430 991 compa&a
440 971 448 985 ‚
471 953 571 992 seipse
581 953 759 983 conversans
771 972 778 985 ‚
794 954 865 982 cum
878 955 1031 982 materiam
1043 962 1138 983 muta-

179 993 274 1023 bilem
284 991 458 1033 arripuisset,
473 994 505 1024 &
516 995 586 1024 cum
599 996 696 1024 rursus
709 994 911 1027 individuam,
926 1005 1013 1035 atque
1025 993 1137 1034 fimpli—

177 1045 264 1068 cem,
286 1045 338 1075 per
354 1046 445 1076 quam
466 1041 568 1066 omnis
590 1046 750 1070 movetur,
771 1036 990 1077 discernitque,
1013 1037 1086 1076 quid
1106 1035 1138 1066 fit

178 1078 313 1116 ejusdem
337 1087 454 1118 generis
467 1098 476 1111 ,
499 1078 532 1108 &
550 1079 687 1112 alterius,
710 1078 742 1108 ὃς
763 1088 858 1108 cetera
877 1078 1040 1116 dijudicat,
1062 1079 1134 1118 quid

179 1121 289 1159 cuique
300 1121 342 1148 rei
354 1118 387 1149 sit
396 1122 531 1149 maxime
541 1130 655 1160 aptum,
668 1120 741 1160 quid
751 1130 870 1160 quoque
881 1121 962 1153 loco,
971 1120 1136 1154 aurmodo,

178 1170 227 1191 aut
241 1171 376 1201 tempore
385 1164 540 1203 contingat
553 1174 557 1190 τ
570 1173 696 1203 quaeque
708 1160 908 1191 d2st1nc'tiosit
920 1171 1039 1192 interea
1051 1181 1058 1194 ,
1070 1172 1135 1202 quae

176 1205 355 1244 gignantur,
378 1204 410 1233 &
429 1214 479 1238 ea,
497 1214 562 1244 quae
582 1203 638 1234 sint
656 1205 769 1243 semper
787 1204 901 1233 eadem.
924 1206 1013 1234 Ratio
1035 1213 1134 1233 autem

178 1255 266 1278 vera,
287 1256 351 1286 quae
363 1246 534 1276 versaturin
547 1250 582 1276 iis
599 1266 607 1279 ,
626 1256 691 1287 quae
706 1247 772 1275 sunt
783 1245 898 1284 semper
908 1246 1009 1275 eadem
1022 1265 1030 1278 ,
1059 1246 1133 1275 &in

178 1288 217 1316 iis
228 1307 236 1320 ,
256 1297 321 1327 quae
341 1297 493 1317 mutantur
504 1308 512 1320 ,
533 1298 601 1318 cum
617 1298 647 1317 in
658 1288 787 1321 eodem3
807 1288 881 1317 &in
892 1288 984 1317 alttro
996 1297 1136 1317 movetur

176 1329 239 1368 ipsa
260 1339 312 1368 per
323 1330 349 1359 se
361 1328 420 1359 fine
430 1340 502 1359 voce
516 1350 524 1362 ‚
545 1330 577 1359 &
589 1329 648 1359 sine
660 1330 723 1359 ullo
735 1329 809 1358 sono
823 1349 831 1363 ,
851 1330 924 1369 cum
934 1329 1059 1358 eandem
1071 1339 1132 1368 par-

177 1379 239 1400 tem
256 1380 376 1412 attingit
391 1391 399 1404 ‚
421 1381 478 1411 qua
495 1372 595 1401 sensus
613 1374 685 1401 cieri
704 1371 818 1411 potest:
833 1371 914 1400 orbis
927 1373 1007 1400 iliius
1016 1381 1134 1411 generis

175 1412 295 1442 alterius
315 1415 491 1443 immutatus
511 1433 518 1445 ,
543 1413 573 1442 ὃς
592 1412 688 1442 reditus
708 1422 814 1442 omnia
833 1422 956 1444 animo,
979 1415 1136 1453 mentique

176 1454 335 1484 denuntiat
352 1463 431 1484 :tum
443 1457 606 1494 opiniones
617 1475 625 1487 ,
649 1453 913 1494 adscensionesqtie
926 1453 1030 1488 firmae,
1041 1465 1135 1485 νεικ-

174 1505 233 1536 que
254 1498 429 1537 gignuntur.
461 1498 538 1525 Cum
563 1505 663 1524 autem
678 1506 708 1524 in
723 1496 785 1524 illis
802 1496 889 1524 rebus
904 1497 1025 1525 vertitur
1039 1517 1047 1528 ,
1071 1506 1136 1537 quae

176 1547 333 1567 manentes
356 1538 472 1576 [emper
491 1536 604 1566 eaedem
626 1556 633 1569 ,
655 1546 719 1566 non
737 1537 821 1566 sensu
835 1555 843 1568 ‚
867 1535 914 1565 sed
936 1539 1135 1577 intelligentia

174 1580 372 1609 continentur
386 1590 396 1613 3
418 1588 484 1609 tum
495 1580 695 1619 intelligentia
704 1578 885 1618 scientiaque
896 1576 1058 1607 necessario
1069 1578 1135 1608 effi·

175 1621 262 1651 citur.

541 1661 654 1700 Desunt
663 1660 767 1690 multa.

135 1713 159 1746 9
176 1704 307 1734 Ratione
318 1705 408 1744 igitur
419 1703 451 1734 &
462 1712 564 1733 mente
575 1704 678 1732 divina
688 1723 696 1736 ,
715 1701 893 1742 adoriginem
904 1702 1027 1743 temporis
1036 1721 1045 1736 ,
1067 1714 1133 1734 cur-

176 1747 309 1777 ricuium
328 1755 489 1775 inventum
511 1743 552 1774 est
569 1744 639 1774 solis
653 1744 685 1774 &
699 1745 778 1774 lunae
790 1763 798 1777 ,
822 1742 839 1757 *²
850 1742 865 1756 ³⁸
877 1743 892 1757 ⁷⁵
904 1742 920 1757 *Κ
943 1747 1073 1784 Corpora
1082 1755 1129 1775 au·

176 1796 238 1818 tem
250 1797 357 1817 eorum
369 1787 552 1828 singulorum
562 1786 633 1816 cum
646 1784 787 1816 effecisset
796 1785 867 1815 deus
880 1805 889 1819 ,
910 1795 941 1814 ea
954 1785 989 1815 ad
1003 1796 1049 1816 eas
1060 1797 1134 1816 con-

174 1830 326 1859 versiones
334 1830 506 1862 collocavit,
517 1838 588 1869 quas
597 1828 719 1858 alterius
726 1828 866 1858 circuitus
876 1825 1134 1868 conficiebat‚quae

175 1871 245 1902 sunt
265 1871 375 1911 septem
389 1891 397 1905 ‚
421 1871 494 1901 ut&
507 1872 557 1900 illa
569 1870 696 1910 septem:
721 1872 759 1899 ita
770 1871 834 1898 vim
850 1869 929 1899 suam
946 1878 1048 1900 natura
1059 1880 1133 1899 con-

173 1916 282 1947 vertit,
304 1923 334 1942 ut
346 1922 450 1943 terram
464 1913 541 1942 lunae
551 1912 650 1942 cursus
660 1911 802 1951 proxime
812 1910 942 1941 ambiret
953 1931 962 1944 ‚
984 1913 1071 1952 eique
1084 1912 1132 1941 su—

171 1965 224 1996 pra
233 1965 339 1985 terram
351 1965 491 1994 proxima
500 1954 571 1984 solis
581 1952 796 1984 circumvestio
808 1951 888 1982 ess'et.
912 1952 1035 1982 Lucifer
1045 1953 1130 1983 dein—

173 1997 211 2027 de
223 2018 232 2030 ,
253 1997 286 2027 &
297 1996 395 2027 saneta
407 1998 548 2027 Mercurii
560 1995 641 2025 stella
651 1996 769 2026 cursum
783 1995 892 2024 habent
906 1994 975 2024 solis
986 1996 1128 2025 celeritati

170 2048 272 2080 parem
285 2059 293 2071 ,
308 2039 355 2069 sed
366 2041 429 2068 vim
442 2038 589 2079 quandam
602 2038 781 2068 contrariam
794 2047 799 2065 2
820 2046 910 2077 eaque
922 2035 1126 2070 conversione,

171 2090 263 2122 quam
279 2083 356 2110 inter
370 2081 398 2110 se
414 2079 655 2110 babentLucifer
667 2099 675 2113 ,
694 2080 862 2109 Mercurius
874 2098 883 2111 ‚
905 2078 954 2108 Sol
966 2098 974 2111 ‚
995 2079 1130 2109 aliialios

171 2124 318 2156 vincunt,
331 2121 516 2163 viciffimque
526 2124 696 2151 vincuntur.
711 2121 912 2160 Reliquorum
926 2118 1053 2150 siderum
1064 2131 1130 2161 quae

170 2164 433 2195 causacollocandi
451 2163 541 2194 fuerit
553 2183 561 2197 ,
580 2174 704 2204 quaeque
722 2173 826 2192 eorum
845 2160 879 2192 sit
894 2162 1055 2192 collocatio
1067 2182 1076 2195 ‚
1098 2165 1129 2192 in

171 2207 344 2236 sermonem
363 2206 458 2236 alium
473 2204 675 2236 differendum
691 2204 733 2235 est
744 2225 752 2238 ‚
774 2215 812 2234 ne
823 2214 854 2233 in
867 2214 904 2234 eo
916 2223 925 2237 2
944 2204 1026 2244 quod
1040 2206 1129 2234 attin-

170 2248 304 2290 gendum
316 2248 386 2281 fuit,
398 2251 486 2289 quam
498 2251 530 2277 in
542 2258 589 2280 eo,
600 2249 686 2285 cujus
696 2257 746 2277 cau
753 2247 780 2276 sa
792 2246 819 2276 id
830 2247 996 2286 attigimus,
1010 2247 1130 2286 longior

169 2299 300 2331 ponatur
316 2293 422 2320 oratio.
446 2290 576 2332 Qando
586 2292 677 2330 igitur
688 2288 927 2329 unumquodque
938 2297 1042 2317 eorum
1054 2287 1129 2318 side-

171 2342 239 2362 rum
261 2332 382 2362 cursum
403 2332 546 2362 decorum
568 2332 610 2361 est
626 2332 784 2370 adeptum,
806 2332 821 2360 e
835 2331 944 2370 quibus
962 2339 1022 2360 erat
1038 2338 1128 2359 motus

172 2382 301 2415 tempora
316 2372 536 2415 confignandus
555 2384 560 2402 ;
582 2373 787 2413 colligatisque
805 2371 980 2411 corporibus
998 2374 1128 2402 vinculis

168 2415 352 2446 animalibus
364 2436 372 2449 ‚
394 2426 457 2445 tum
468 2418 632 2446 animantia
643 2424 705 2444 orta
719 2415 802 2444 sunt:
824 2423 915 2454 eaque
934 2415 1064 2453 imperio
1078 2424 1128 2453 pa—

169 2457 233 2488 rere
246 2457 432 2488 didicerunt:
452 2467 522 2487 tunc
534 2467 570 2487 ex
582 2458 701 2487 alterius
712 2465 819 2486 naturae
831 2458 969 2485 motione
981 2456 1125 2485 transver—

167 2500 196 2530 sa
207 2519 215 2533 ,
238 2502 270 2529 in
279 2500 414 2538 ejusdcm
425 2509 536 2529 naturae
548 2508 668 2529 motum
680 2501 861 2528 incurrentia
874 2517 882 2530 ‚
901 2499 934 2527 in
952 2507 1049 2538 eoque
1068 2499 1124 2528 hae-

167 2543 262 2571 rentia
273 2561 282 2574 ‚
303 2550 388 2581 atque
400 2542 542 2580 impedita
554 2561 562 2574 ‚
582 2542 652 2570 cum
671 2541 727 2570 alia
745 2541 892 2575 maiorem
908 2538 1063 2569 lustrarent
1077 2550 1125 2569 or-

167 2582 259 2615 bem,
283 2583 339 2612 alia
358 2592 510 2612 minorem
528 2602 535 2615 ,
557 2582 722 2622 tardiusque
743 2583 888 2615 maiorem
909 2601 918 2614 ,
945 2582 1127 2622 celeriusque

167 2633 322 2653 minorem
335 2643 343 2657 ,
355 2633 442 2654 motu
454 2624 526 2653 verb
539 2627 627 2654 unius
639 2643 648 2657 ,
660 2623 852 2664 ejusdemque
862 2633 971 2653 naturae
985 2633 1062 2664 :quae
1076 2633 1124 2653 ve-

165 2664 312 2695 lociffime
324 2666 525 2696 movebantur
535 2685 542 2698 ‚
559 2676 590 2695 ea
600 2667 748 2695 celeritate
760 2674 839 2694 vinci
851 2667 866 2695 a
877 2665 1057 2695 tardioribus
1068 2685 1076 2699 ‚
1095 2666 1127 2695 ὃς

163 2706 236 2738 cum
257 2708 445 2747 superabant,
472 2708 600 2747 superari
619 2707 803 2737 videbantur.
828 2717 932 2737 omnis
951 2709 1033 2737 enim
1046 2707 1127 2737 orbis

164 2759 272 2780 eorum
295 2747 372 2790 quasi
390 2749 540 2779 facilitatis
561 2748 728 2779 inflexione
746 2749 928 2779 vertebatur:
949 2759 1038 2790 quam
1051 2749 1142 2786 bita-I

165 2793 243 2822 riam
261 2801 407 2821 contrarie
427 2790 514 2821 simul
537 2791 728 2830 procedentia
742 2790 908 2825 efficiebat,
929 2801 960 2821 ut
981 2792 1061 2831 quod
1083 2792 1127 2821 es-

163 2833 207 2864 set
227 2832 424 2864 tardiffimum
437 2853 445 2867 ‚
470 2834 499 2863 id
511 2835 687 2873 proximum
700 2831 781 2863 fieret
801 2834 967 2862 celerrimo.
991 2837 1029 2863 At
1043 2833 1124 2863 utes-
1145 2868 1147 2876 .

162 2875 206 2906 set
225 2876 364 2906 mensura
383 2875 518 2916 quaedam
539 2875 662 2905 evidens
678 2895 686 2908 ,
707 2885 771 2916 quae
787 2877 817 2904 in
833 2874 896 2904 istis
909 2874 980 2904 0620
995 2873 1126 2905 cursibus
1144 2880 1147 2898 ²

160 2917 326 2948 celeritates
339 2937 347 2951 ,
366 2917 570 2957 tarditatesque
581 2917 723 2947 declaret:
746 2919 829 2946 Deus
843 2916 901 2956 ipse
912 2917 1007 2946 solem
1021 2936 1028 2950 ‚
1045 2915 1123 2957 quasi

157 2958 266 2989 lumen
277 2979 286 2994 ,
305 2960 440 2990 accendit
454 2959 487 2988 ad
501 2959 666 2988 secundum
679 2959 761 2998 supra
779 2968 886 2988 terram
899 2959 1047 2988 ambitum
1060 2978 1068 2991 ‚
1095 2969 1123 2989 ut

157 3010 248 3041 quam
260 3004 396 3031 maxime
407 3011 514 3031 caeium
526 3001 671 3030 omnibus
683 3001 841 3030 colluccret
854 3020 861 3033 ‚
883 3002 1123 3041 animantesque,

1191 200 1289 230 causas
1300 220 1308 233 ‚
1323 210 1418 230 unum
1428 202 1587 230 circuitum
1600 201 1682 230 orbis
1691 199 1783 231 efficit
1792 200 2054 242 sapientiffimum.
2062 211 2152 244 atque

1192 244 1366 282 optimum3
1389 241 1497 272 mensis
1511 252 1610 273 autem
1625 263 1633 276 ‚
1652 243 1774 284 quando
1786 243 1988 275 lunalustrato
2000 245 2054 275 suo
2063 245 2151 276 cursu

1192 284 1286 313 solem
1299 285 1456 314 consecuta
1467 284 1525 314 est:
1545 295 1640 315 annus
1652 305 1660 318 ,
1677 285 1728 315 ubi
1740 286 1783 316 sol
1795 285 1880 316 suurn
1893 295 1990 316 totum
2003 286 2149 321 confecit,

1192 325 1398 366 &peragravit
1410 327 1526 356 orbern.
1551 328 1727 357 Cetei-orum
1747 336 1846 357 autem
1866 326 1994 358 siderum
2017 328 2152 360 ambitus

1190 369 1361 408 ignorantes
1373 370 1513 398 homines
1524 388 1533 401 ‚
1553 377 1657 408 praeter
1665 368 1828 399 admodum
1842 379 1951 410 paucos
1962 390 1970 404 ‚
1985 380 2080 411 neque
2091 381 2152 401 no-

1190 419 1263 439 men
1273 410 1419 449 appellant
1429 431 1437 443 ,
1450 420 1546 450 neque
1558 420 1634 440 inter
1646 411 1673 440 se
1685 421 1812 440 numero
1820 414 2071 443 commetiuntur.
2095 413 2152 444 ita-

1187 461 1245 491 que
1259 453 1415 485 ntsciunt,
1436 454 1491 481 hos
1507 451 1632 482 siderum
1649 463 1761 482 errores
1773 472 1781 486 ,
1803 453 1832 484 id
1849 454 1947 493 ipsum
1967 453 2024 484 ess'e
2037 474 2045 488 ‚
2064 454 2151 496 quod

1186 494 1262 526 rite,
1282 494 1391 524 dicitur
1406 503 1522 533 tempus
1537 514 1546 527 ,
1562 494 1762 525 multitudine
1782 494 1900 525 infinita
1911 515 1919 529 ‚
1941 498 2079 527 varietate
2095 496 2151 527 ad-

1189 535 1319 565 mirabili
1331 536 1477 575 praeditos.
1503 539 1644 566 Attamen
1656 536 1729 566 illud
1741 537 1885 577 perspici,
1907 538 2080 580 &intelligi
2092 548 2149 578 po-

1187 576 1240 607 test
1253 597 1261 610 ,
1273 577 1410 607 absoluto
1421 597 1428 610 ,
1442 578 1634 619 perfeEloque
1646 588 1774 608 numero
1785 581 1928 619 temporis
1939 600 1948 613 ,
1961 580 2148 614 absolutum,

1185 618 1413 660 perfe&umque
1434 630 1547 649 annum
1564 640 1572 653 ,
1594 630 1665 650 tunc
1686 621 1834 660 compleri
1853 621 1983 662 denique
1997 642 2005 655 ‚
2026 621 2096 652 esim
2117 622 2148 653 se

1185 659 1255 690 0&o
1267 661 1396 691 ambitus
1408 682 1416 694 ‚
1436 660 1583 691 consectis
1596 663 1653 692 suis
1664 661 1794 692 cursibus
1807 683 1816 696 ‚
1829 663 1863 693 ad
1876 663 1956 693 idem
1969 672 2054 703 caput
2067 672 2149 693 retu-

1185 702 1284 732 lerunt
1294 722 1302 736 ‚
1323 713 1454 744 cumque
1465 713 1515 733 eos
1526 704 1700 743 permensus
1710 703 1752 734 est
1765 704 1846 734 idem
1859 725 1867 738 ,
1887 705 1921 735 δε
1931 705 2046 745 semper
2057 705 2098 734 sui
2111 703 2149 735 fi-

1188 745 1271 774 milis
1284 745 1375 774 orbis.
1399 748 1460 774 Has
1473 747 1561 786 igitur
1575 745 1615 775 ob
1628 746 1725 775 causas
1738 755 1802 776 nata
1820 756 1840 776 A
1851 757 1862 776 s
1872 757 1890 776 r
1901 757 1922 776 R
1932 756 1954 776 A
1967 747 2036 777 sunt
2047 766 2055 779 ‚
2077 757 2144 788 quae

1182 795 1233 825 per
1243 787 1350 816 caeium
1363 796 1546 826 penetrantia
1559 786 1706 817 solstitiali
1718 788 1756 821 se,
1770 788 1801 817 &
1812 789 1941 818 brumali
1952 791 2146 819 revocatione

1181 837 1408 858 conveiterent:
1426 838 1458 858 ut
1474 829 1530 858 hoc
1541 839 1634 858 omne
1647 830 1778 863 animal,
1800 831 1882 870 quod
1894 829 2051 863 videi-nus,
2072 829 2144 861 eslet

1182 870 1229 899 illi
1249 871 1393 904 animali,
1414 870 1495 911 quod
1518 871 1681 904 sentimus,
1700 872 1735 901 ad
1748 873 1919 902 aeternitatis
1939 874 2143 903 imitationem

1182 910 1387 942 simillimum.
1434 916 1470 942 Et
1483 922 1577 942 cetera
1590 913 1713 953 quidem
1732 913 1821 953 usque
1836 914 1871 943 ad
1887 916 2031 953 temporis
2041 923 2143 944 ortum

1184 952 1321 993 impressa
1339 954 1376 984 ab
1395 955 1476 987 illis,
1498 965 1562 995 quae
1583 955 1776 988 imitabatur,
1801 954 1956 985 effinxerat
1976 966 1981 984 z
2005 956 2053 986 sed
2072 957 2143 996 quia

1183 996 1321 1026 nondum
1337 1006 1430 1025 omne
1444 997 1556 1026 animal
1571 998 1600 1026 in
1623 997 1741 1026 mundo
1760 1007 1841 1027 intus
1865 997 2021 1027 incluserat
2032 1018 2040 1030 .
2061 1007 2101 1027 ex
2113 1007 2147 1028 ea

1182 1047 1261 1077 parte
1272 1036 1428 1068 deficiebat
1441 1038 1475 1067 ad
1488 1036 1672 1078 propositum
1685 1040 1838 1078 exemplar
1850 1042 1991 1080 imaginis
2004 1037 2148 1069 similitu-

1181 1080 1233 1110 do.
1256 1082 1338 1117 Quot
1348 1082 1438 1120 igitur
1452 1100 1460 1113 ,
1480 1080 1633 1120 &qualeis
1648 1081 1826 1110 animalium
1848 1080 1960 1110 formas
1980 1091 2088 1114 mens,
2110 1082 2144 1111 in

1181 1123 1309 1162 speciem
1322 1131 1420 1150 rerum
1433 1131 1569 1155 intuens,
1582 1131 1695 1161 poterat
1703 1132 1823 1152 cernere
1833 1142 1843 1156 ,
1856 1122 1985 1152 totidem
1998 1142 2005 1155 .
2018 1122 2050 1152 &
2060 1123 2146 1152 taleis

1180 1165 1212 1193 in
1225 1164 1282 1194 hoc
1294 1163 1412 1193 mundo
1423 1163 1520 1193 secum
1534 1173 1674 1204 cogitaVit
1684 1162 1834 1204 effingere.
1859 1167 2057 1194 Erantautem
2077 1164 2146 1192 ani-

1180 1206 1431 1245 mantiumgenera
1440 1213 1579 1246 quattuor
1588 1216 1599 1232 .·
1617 1215 1747 1246 quorum
1762 1215 1858 1235 unum
1869 1206 2010 1236 divinum
2023 1225 2032 1239 ,
2053 1215 2142 1246 atque

1181 1247 1300 1277 coeieste
1310 1260 1314 1276 ;
1326 1249 1452 1277 alterum
1465 1257 1674 1288 pennigerum,
1686 1247 1717 1277 &
1727 1249 1839 1277 aerium
1853 1259 1858 1276 z
1871 1250 1992 1277 tertium
2004 1247 2144 1288 aquatile:

1179 1288 1328 1322 terrestre,
1349 1299 1497 1330 quartum.
1522 1292 1643 1319 Divinae
1656 1291 1852 1319 animationis
1866 1291 2001 1319 maxime
2014 1291 2144 1329 speciem

1178 1330 1305 1361 faciebat
1322 1341 1360 1360 ex
1376 1341 1443 1371 igne
1455 1351 1462 1364 ‚
1485 1333 1525 1361 ita
1537 1342 1567 1362 ut
1580 1329 1831 1370 splendidiffimus
1842 1330 1913 1361 ess'et
1924 1351 1932 1364 ‚
1955 1331 1988 1361 δε
1997 1330 2140 1371 αάΓρεὲὶιι

1178 1374 1409 1412 pulcherrimus.
1432 1383 1564 1413 cumque
1582 1372 1711 1402 fimilem
1730 1371 1927 1404 universitatis
1946 1382 2058 1403 naturae
2072 1370 2144 1403 effi-

1178 1425 1243 1444 cere
1261 1415 1371 1448 vellet,
1390 1414 1425 1444 ad
1435 1415 1658 1444 volubilitatem
1670 1414 1864 1448 rotundavit,
1883 1416 2056 1455 comiteque
2070 1423 2146 1445 eum

1179 1457 1321 1496 sapientia
1332 1457 1423 1496 quarn
1437 1459 1563 1496 optimae
1582 1458 1694 1486 mentis
1708 1453 1824 1490 effecit,
1843 1458 2018 1495 circumque
2028 1456 2145 1486 coelum

1179 1499 1329 1538 aequaliter
1339 1497 1491 1528 distribuit
1501 1518 1510 1531 ‚
1532 1508 1563 1528 ut
1574 1499 1653 1528 hunc
1663 1499 1716 1528 hac
1726 1501 1863 1528 varietate
1874 1496 2051 1528 distinfitum
2063 1497 2143 1527 bene

1180 1541 1276 1569 Graeci
1287 1542 1376 1570 κόσμον
1389 1558 1397 1570 ,
1417 1549 1473 1569 nos
1483 1546 1617 1568 lucentem
1627 1539 1763 1568 mundum
1779 1541 2022 1569 nominaremus.
2047 1537 2146 1569 Dedit

1177 1591 1275 1610 aUtem
1287 1581 1402 1611 divinis
1411 1581 1472 1610 duo
1481 1591 1588 1621 genera
1599 1590 1697 1610 motus
1709 1590 1715 1609 t
1737 1589 1834 1610 unum
1847 1599 1855 1613 ‚
1878 1580 1960 1621 quod
1972 1581 2087 1620 semper
2097 1579 2144 1610 es-

1180 1622 1260 1651 setin
1272 1621 1380 1652 eodem
1391 1622 1473 1662 aeque
1487 1641 1494 1655 ,
1509 1623 1540 1652 ὃς
1552 1623 1635 1651 idern
1648 1623 1679 1651 in
1691 1621 1838 1652 omnibus
1847 1641 1855 1655 ‚
1871 1631 1958 1662 atque
1969 1632 2031 1652 uno
2042 1621 2139 1652 modo

1178 1664 1329 1693 celeraret:
1351 1664 1477 1693 alterum
1490 1683 1498 1697 ‚
1521 1663 1601 1704 quod
1612 1666 1643 1693 in
1655 1666 1782 1693 anticam
1791 1673 1904 1703 partem
1916 1665 1932 1693 a
1941 1661 2138 1694 conversione

1177 1705 1312 1742 ejusdem
1328 1724 1336 1738 ,
1358 1705 1391 1735 &
1411 1703 1517 1734 fimilis
1534 1706 1702 1744 pelleretur.
1735 1707 1877 1745 Qinque
1895 1715 1996 1735 autem
2017 1706 2142 1746 reliquis

1178 1745 1313 1776 motibus
1324 1747 1429 1775 orbem
1441 1756 1511 1776 eum
1524 1745 1581 1775 effe
1593 1747 1853 1785 voluitexpertem
1864 1767 1872 1780 ,
1887 1747 2094 1781 immobilem,
2106 1746 2145 1777 &c

1179 1786 1316 1817 stantem.
1341 1791 1388 1818 Ex
1403 1797 1465 1828 quo
1483 1797 1591 1829 genere
1609 1797 1641 1817 ea
1662 1788 1728 1817 sunt
1748 1787 1857 1821 sidera,
1877 1787 2047 1829 quaeinfixa
2057 1788 2138 1820 coelo

1177 1838 1240 1858 non
1261 1838 1424 1859 moventur
1442 1830 1528 1859 loco:
1549 1839 1615 1870 quae
1633 1830 1701 1859 sunt
1719 1831 1899 1860 animantia:
1920 1840 2010 1871 eaque
2023 1830 2142 1864 divina,

1178 1871 1218 1900 ob
1228 1880 1354 1911 eamque
1363 1871 1477 1901 causam
1491 1871 1550 1902 suis
1561 1871 1679 1901 sedibus
1690 1873 1840 1901 inhaerent
1852 1891 1861 1906 ‚
1875 1872 1908 1902 &
1918 1871 2060 1912 perpetuo
2072 1883 2145 1903 ma-

1177 1922 1261 1942 nent.
1286 1916 1360 1952 Quae
1370 1922 1468 1943 autem
1481 1923 1552 1954 vaga
1563 1933 1573 1946 ‚
1594 1914 1626 1943 &
1641 1913 1780 1943 mutabili
1798 1915 1911 1944 ratione
1924 1914 2081 1950 labuntur,
2100 1917 2143 1946 ita

1174 1963 1309 1994 generata
1320 1956 1387 1985 sunt
1397 1974 1406 1989 ‚
1428 1964 1459 1984 ut
1470 1955 1552 1995 supra
1563 1955 1706 1985 diximus.
1727 1956 1796 1996 Jarn
1815 1954 1887 1985 verb
1900 1963 2030 1989 vterram,
2052 1956 2142 1986 altri-

1175 2006 1232 2025 cem
1241 1995 1359 2032 nostram
1371 2017 1380 2030 ‚
1397 2006 1462 2038 quae
1474 1996 1596 2035 trajecto
1605 2007 1661 2028 axe
1672 1996 1829 2027 sustinetur
1843 2017 1851 2031 ‚
1877 1997 1956 2031 diei,
1979 1997 2140 2039 noaisque

1175 2036 1355 2068 effe&ricem
1369 2058 1377 2072 ,
1399 2039 1598 2079 eamdemque
1616 2038 1772 2068 custodem
1787 2058 1794 2072 ‚
1818 2036 2049 2080 antiquiffimam
2062 2039 2139 2071 deo-

1176 2090 1241 2109 rum
1255 2081 1351 2111 voluit
1361 2079 1417 2111 effe
1428 2090 1532 2111 eorum
1547 2101 1554 2114 ,
1567 2084 1618 2121 qui
1628 2083 1704 2111 intra
1714 2081 1826 2110 coelum
1837 2083 2045 2122 gignerentur.
2069 2083 2139 2113 Fle-

1174 2124 1283 2151 xiones
1299 2131 1399 2152 autem
1419 2121 1544 2152 deorum
1557 2143 1566 2156 ‚
1591 2123 1713 2152 &inter
1728 2123 1805 2162 ipsos
1824 2123 1896 2152 deos
1911 2122 2136 2160 concursiones,

1173 2173 1298 2204 quaeque
1311 2166 1342 2194 in
1354 2164 1478 2194 orbibus
1497 2175 1602 2194 eorum
1614 2164 1822 2194 conversiones
1833 2184 1842 2198 ,
1864 2163 2135 2206 anteceffionesque

1172 2215 1332 2240 eveniant,
1344 2216 1475 2246 cumque
1485 2207 1563 2236 inter
1575 2207 1601 2236 se
1614 2206 1696 2245 paetie
1707 2215 1904 2246 contingant,
1922 2216 1973 2236 eos
1983 2226 1992 2239 ‚
2006 2209 2057 2247 qui
2068 2217 2140 2247 pro-

1174 2248 1211 2286 pe
1231 2249 1408 2287 copulentur
1422 2251 1567 2278 contraria
1587 2249 1730 2288 regione,
1751 2248 1782 2278 δε
1802 2258 1882 2287 pone
1901 2258 1994 2288 quos,
2012 2258 2060 2278 aut
2069 2258 2140 2280 ante

1173 2289 1305 2319 labantur
1316 2310 1324 2323 ,
1345 2290 1511 2331 quibusque
1525 2290 1711 2331 temporibus
1725 2291 1741 2319 a
1759 2289 1862 2320 nostro
1875 2289 2013 2329 adspe&u
2025 2290 2136 2320 oblite-

1175 2330 1253 2360 scant
1263 2351 1271 2364 ,
1287 2332 1442 2372 rursusque
1453 2331 1557 2361 emerfi
1567 2342 1696 2362 errorem
1709 2334 1856 2361 incutiant
1867 2335 1990 2361 rationis
2002 2334 2136 2372 experti-

1175 2373 1229 2403 bus
1241 2393 1250 2406 ,
1271 2371 1291 2402 si
1310 2373 1407 2403 verbis
1422 2374 1571 2414 explicare
1585 2384 1732 2404 conemur
1743 2394 1753 2407 ‚
1773 2374 1860 2403 nullo
1868 2371 1964 2413 pofito
1974 2373 2028 2403 sub
2038 2374 2138 2404 oculis

1174 2412 1330 2445 simulacro
1342 2435 1350 2448 ,
1371 2425 1471 2445 earum
1483 2426 1581 2445 rerum
1593 2415 1697 2445 frustra
1709 2416 1879 2455 suscipiatur
1892 2414 1983 2445 labor.
2006 2415 2063 2445 Sed
2073 2417 2136 2446 haec

1174 2456 1240 2486 satis
1250 2455 1304 2486 sint
1314 2456 1394 2487 dieta
1403 2458 1505 2487 nobis.
1529 2467 1594 2498 quae
1607 2458 1642 2487 de
1653 2458 1779 2487 deorum
1791 2477 1798 2490 ‚
1811 2467 1864 2497 qui
1875 2466 2037 2487 cernuntur
2047 2477 2056 2490 ‚
2068 2459 2137 2498 qui-

1172 2508 1228 2538 que
1240 2501 1297 2529 orti
1308 2499 1378 2529 sunt
1389 2518 1397 2532 ‚
1423 2509 1524 2529 natura
1536 2499 1646 2539 praefati
1658 2499 1761 2529 sumus
1772 2519 1779 2532 ,
1803 2499 1926 2528 habeant
1940 2500 2019 2528 hunc
2030 2501 2138 2529 termi-

1174 2550 1259 2570 num.
1303 2542 1506 2581 Reliquorum
1519 2551 1616 2571 autem
1631 2561 1638 2574 ,
1659 2551 1734 2580 quos
1747 2542 1844 2570 Graeci
1855 2541 1963 2571 διιμενκς
1975 2541 2133 2580 appellant,

1172 2581 1264 2612 nostri
1278 2584 1411 2622 (opinor)
1422 2585 1507 2612 Lares
1522 2603 1530 2616 ,
1547 2581 1565 2612 si
1578 2582 1671 2612 modi)
1684 2584 1741 2612 hoc
1754 2582 1833 2612 reste
1845 2582 2026 2612 conversum
2038 2583 2136 2613 videri

1172 2623 1286 2663 potest,
1308 2625 1339 2654 &
1359 2623 1441 2654 nofl'e
1456 2645 1464 2658 ,
1488 2625 1519 2654 &
1537 2627 1674 2654 nuntiare
1694 2633 1792 2654 ortum
1814 2634 1917 2654 eorum
1932 2644 1939 2657 ,
1964 2625 2060 2661 maJ'us
2080 2624 2134 2659 est,

1171 2676 1260 2706 quam
1281 2676 1313 2696 ut
1331 2665 1463 2705 profiteri
1478 2666 1602 2697 scribere
1615 2677 1668 2696 nos
1683 2666 1856 2696 audeamus.
1882 2665 2072 2696 exedendum
2085 2668 2135 2698 ni·-

1173 2710 1285 2737 mirum
1299 2708 1341 2738 est
1352 2709 1500 2738 veteribus
1513 2709 1544 2738 &
1555 2709 1657 2748 priscis
1669 2728 1677 2742 ,
1697 2717 1729 2738 ut
1738 2708 1820 2747 ajunt
1833 2710 1905 2737 viris
1916 2727 1924 2741 ,
1945 2707 2134 2749 quiftprogc-

1172 2751 1246 2779 niem
1263 2749 1374 2779 deorum
1393 2749 1441 2787 effe
1459 2748 1598 2779 dicebant.
1631 2759 1730 2790 itaque
1749 2759 1853 2779 eorum
1875 2751 2023 2779 vocabulo
2042 2752 2132 2780 nobis

1171 2792 1377 2831 prodiderunt.
1402 2792 1484 2822 nosse
1504 2802 1603 2822 antem
1624 2801 1810 2831 generatores
1827 2791 1892 2821 suos
1912 2793 2029 2830 optime
2046 2801 2135 2832 pote-

1172 2843 1256 2863 rant:
1276 2843 1308 2863 ac
1325 2834 1437 2873 difficile
1451 2832 1537 2873 fastu
1557 2833 1619 2867 eff,
1641 2837 1658 2862 'a
1676 2833 1726 2862 dtu
1746 2841 1807 2862 ortu
1821 2853 1828 2866 ‚
1847 2831 1935 2871 fidem
1953 2844 2003 2861 mm
2026 2833 2133 2868 habena

1170 2885 1351 2916 quamquam
1376 2885 1428 2905 nec
1453 2885 1634 2917 argumentis
1646 2896 1654 2909 ‚
1678 2885 1730 2905 nec
1751 2878 1916 2904 rationibus
1926 2877 2015 2905 certis
2025 2886 2131 2906 corum

1169 2920 1267 2947 oratio
1277 2917 1492 2948 confirmatur:
1516 2917 1563 2948 sed
1583 2928 1651 2959 quia
1671 2918 1706 2947 de
1727 2920 1783 2946 suis
1795 2918 1882 2946 rebus
1895 2918 1975 2946 notis
1991 2917 2134 2947 videntur

1169 2959 1272 2999 loqui,
1297 2969 1419 2989 vai-eni
1434 2969 1512 2989 Leni
1529 2979 1537 2993 ,
1558 2968 1914 2997 MoniQEPARENDUM
1929 2968 1983 2988 εετ
2019 2961 2135 2998 sicigi-

1169 3010 1214 3030 tur
1225 3021 1232 3033 ,
1247 3011 1278 3031 ut
1289 3002 1324 3031 ab
1336 3003 1381 3030 his
1393 3000 1436 3030 est
1447 3002 1586 3031 traditum
1600 3022 1608 3035 ,
1625 3002 1734 3031 horum
1748 3001 1873 3030 deorum
1887 3010 1968 3030 ortus
1981 3001 2140 3034 habeatur,v

156 3042 403 3115 fflbusjuseflet
413 3045 532 3074 doceri,
553 3043 589 3072 ab
601 3043 735 3081 ejusdem
748 3052 833 3072 motu
848 3062 855 3075 ‚
869 3042 901 3071 &
912 3043 948 3072 ab
958 3052 995 3072 eo
1009 3062 1017 3075 ‚
1042 3043 1124 3083 quod
1165 3052 1251 3083 atque
1262 3044 1383 3076 dicatur,
1398 3052 1429 3072 ut
1441 3045 1592 3073 Oceanum
1610 3063 1618 3076 ,
1630 3046 1830 3083 Salaciamque
1843 3044 1913 3072 Caeli
1928 3043 1984 3072 situ
1998 3062 2005 3075 ,
2018 3045 2135 3072 Τριτε-

215 3084 254 3115 'ile
264 3083 352 3124 esset,
371 3094 573 3116 numerorum
585 3094 720 3117 naturam
732 3104 742 3120 ‚
759 3094 882 3125 vimque
893 3085 1122 3126 cognoscerent.
1165 3094 1222 3126 que
1240 3095 1386 3126 conceptu
1403 3094 1580 3126 generato&
1601 3085 1758 3126 editosque
1777 3094 2004 3115 memoremus:

166 3146 170 3153 i

2027 3093 2063 3112 ex
2087 3084 2134 3112 his

2032 3127 2135 3156 Prior-⁷

2168 920 2210 945 ¹0

2158 2551 2195 2577 11
