2379 3400
253 136 369 195 ,253
722 121 789 168 M.
828 117 893 164 T.
943 117 996 163 c.
1078 116 1119 160 c
1158 131 1186 160 A

1225 130 1329 162 'ro
1403 115 1714 175 MAJoR

249 224 318 245 mus
338 210 432 242 fastus
451 206 536 239 effit,
557 203 665 244 viginti
686 200 803 231 &duos
812 207 906 229 annos
917 195 1117 227 eisacerdotio
1126 204 1202 235 prae·
1242 197 1301 236 jam
1322 193 1488 226 constantis
1506 195 1599 225 aetatis
1619 205 1629 228 3
1656 194 1689 224 &
1705 192 1864 226 senefilmtis
1883 197 2034 229 maturitas
2061 195 2191 228 nami-213

248 255 325 293 fuit)
350 255 388 282 ita
407 251 494 280 bonis
514 244 570 276 esse
590 244 705 275 viribus
725 250 861 288 exnemo
881 248 1019 278 ternpore
1038 239 1127 284 aetaris
1140 256 1153 284 ‚-
1170 245 1200 266 ut
1242 237 1386 279 quiddam
1407 236 1530 270 habeat,
1547 236 1629 277 quod
1647 236 1699 266 suo
1708 244 1841 276 tempore
1850 240 1960 279 percipi
1969 239 2083 270 debeat.
2105 239 2193 269 Arbi-

249 293 476 326 adolescentiam
498 297 562 318 non
582 287 754 326 requireret.
781 282 868 312 Nihil
885 279 999 311 necesse
1016 278 1058 309 est
1079 279 1156 308 mlbl
1165 277 1201 307 de
1246 290 1307 310 σος
1326 288 1354 309 te
1375 278 1476 309 audire
1490 298 1499 311 ,
1516 279 1637 318 Scipio,
1658 277 1763 317 hospes
1786 281 1958 309 tuusavitus
1972 279 2119 311 Mafiniss'a
2129 289 2195 321 (με

252 335 375 374 meipso
389 333 503 362 dicere:
516 336 697 370 quamquam
709 335 762 355 εετ
778 334 812 355 11³
821 323 945 364 quidem
955 322 1057 354 senile,
1066 322 1203 360 aetatique

195 391 235 414 xc
254 376 359 408 nostrae
367 372 548 405 conceditur.
573 368 727 400 Videtisne
739 387 746 401 ,
766 375 798 396 ut
812 365 888 405 apud
904 366 1075 394 Homerum
1087 359 1204 401 saepiffi-

253 419 302 449 me
326 421 336 437 ¹
357 414 467 446 Nestor
489 413 525 443 de
536 410 695 442 virtutibus
709 409 767 439 suis
776 407 940 448 praedicet?
961 408 975 424 ²
990 406 1106 435 tertiam
1119 404 1204 433 enim

250 461 312 501 jam
324 466 439 488 aetatem
450 455 614 485 hominum
626 451 744 482 vivebat
756 461 761 479 :
783 459 838 479 nec
849 458 908 478 erat
918 449 946 477 ei
958 446 1122 477 verendum
1134 464 1142 478 ‚
1165 454 1203 474 ne

251 510 320 533 vera
329 500 364 530 de
374 499 402 529 se
413 497 573 538 praedicans
585 514 593 527 ,
614 495 706 523 nimis
719 492 868 522 videretur
880 498 928 519 aut
939 488 1071 519 insolens
1082 508 1091 521 ,
1102 495 1151 517 aut
1161 486 1204 515 lo-

253 551 340 583 quax.
365 541 478 570 etenim
500 541 509 576 (
522 546 552 566 ut
561 539 600 566 ait
612 538 766 565 Homerus
779 533 830 573 )cx
840 533 897 570 ejus
908 531 1007 571 lingua
1017 531 1092 559 melle
1100 528 1207 557 dulcior

252 582 364 622 fluebat
381 589 488 610 omno:
511 588 601 619 quam
624 577 659 608 ad
671 577 846 606 suavitatem
859 573 951 603 nullis
962 571 1063 613 egebat
1073 570 1205 610 corporis

255 625 370 655 viribus
383 635 388 652 ;
409 623 441 652 &
459 631 559 652 tamen
579 620 641 649 dux
661 618 711 647 ille
732 617 852 655 Graeciae
870 618 883 642 3
896 614 1040 654 nusquam
1052 620 1153 652 optat,
1176 619 1207 640 ut

256 669 355 706 Ajacis
365 664 487 694 fimileis
498 662 599 692 habeat
609 661 714 690 decern
726 679 734 692 ,
755 667 782 688 at
793 667 823 687 ut
834 655 970 687 Nestoris
984 666 988 684 :
1008 656 1088 696 quod
1101 652 1120 683 fi
1130 654 1207 684 acci-

257 710 333 739 derit
353 727 361 741 ‚
390 715 453 736 non
473 704 606 735 dubitat,
631 702 706 742 quin
725 701 808 730 brevi
827 699 921 737 Troja
939 696 972 727 fit
1009 698 1127 726 eritura.
1151 693 1208 725 Sed

258 749 348 781 redeo
367 748 400 777 ad
414 757 472 776 me.
494 745 633 786 q'uartum
644 752 758 774 annum
769 751 823 781 ago
834 741 865 769 ὃς
875 739 981 780 οᾶοςε
995 747 1092 768 rmum
1105 748 1109 766 :
1123 737 1209 776 equi-

256 792 325 821 dem
344 787 427 830 posse
444 788 554 818 vellem
575 786 655 815 idem
675 784 812 825 gloriari,
838 781 918 822 quod
930 784 1023 820 Cyrus
1034 790 1039 809 z
1051 778 1099 810 sed
1107 786 1208 808 tamen

258 835 316 862 hoc
335 841 413 871 queo
423 830 521 860 dicere
533 848 542 862 ,
563 837 626 857 non
636 837 686 857 me
695 825 818 866 quidem
831 825 867 853 iis
878 821 934 852 effe
944 821 1056 852 viribus
1067 841 1075 855 ,
1100 819 1208 861 quibus

257 883 306 904 aut
317 873 404 903 miles
413 872 495 901 bello
505 870 618 901 Punico
630 889 637 902 2
649 878 695 898 aut
705 866 831 907 quaestor
844 864 951 894 eodem
963 864 1059 896 bello,
1072 871 1121 893 aut
1134 870 1207 892 con-

257 916 301 946 sul
313 917 344 945 in
355 914 497 953 Hispania
507 911 631 944 fuerim,
642 920 690 939 aut
701 909 900 949 quadriennio
914 905 992 946 post,
1002 903 1101 935 ‘ir-cum
1113 903 1209 933 tribu-

259 967 317 987 nus
345 957 484 986 mllitaris
506 954 675 992 depugnavi
697 950 773 990 apud
788 948 1009 987 Thermopylas
1022 966 1030 980 ,
1054 948 1098 975 M.
1110 945 1209 974 Acilio

259 997 425 1029 Glabrione
436 995 573 1026 consule:
592 994 641 1024 sed
653 1001 752 1022 tamen
773 990 783 1029 (
798 999 892 1020 utvos
904 990 1031 1026 videtis)
1049 997 1111 1017 non
1121 985 1209 1026 plane

257 1049 308 1070 me
322 1039 492 1070 enervavit,
508 1046 564 1066 nec
574 1034 682 1065 afflixit
694 1032 844 1063 senedhns:
865 1041 926 1061 non
938 1033 1016 1061 curia
1027 1031 1117 1060 vireis
1131 1036 1212 1058 meas

261 1080 402 1112 defidcrat
412 1099 421 1113 2
441 1089 504 1108 non
524 1077 629 1107 Rostra
641 1097 648 1109 ‚
672 1085 736 1105 non
756 1073 845 1104 amici
860 1093 868 1106 ‚
893 1082 956 1102 non
978 1072 1102 1102 clientes
1115 1090 1123 1104 ‚
1144 1077 1212 1099 non

257 1123 399 1162 hospites.
420 1131 474 1150 nec
485 1122 568 1150 enim
583 1127 725 1159 umquam
741 1116 805 1146 sum
818 1113 946 1145 assensus
956 1115 1049 1143 veteri
1060 1112 1105 1142 illi
1120 1131 1129 1146 ,
1150 1112 1212 1141 lau-

261 1164 389 1205 datoque
400 1162 561 1202 proverbio
574 1181 582 1194 ,
593 1160 673 1200 quod
683 1166 787 1189 monet
802 1177 810 1190 ,
827 1154 1108 1194 rnaturkfierifenem
1116 1152 1215 1193 ‚fidia

261 1206 332 1236 velis
342 1204 485 1245 fffenex.
500 1201 645 1244 Egovero
656 1211 705 1230 me
717 1199 819 1229 minus
830 1199 881 1230 diu
893 1198 994 1228 senem
1006 1195 1063 1226 effe
1073 1196 1211 1227 mallem,

258 1248 351 1291 quam
367 1245 426 1277 effe
449 1246 552 1276 senem
563 1244 631 1274 ante
647 1262 655 1277 ,
676 1242 766 1283 quam
778 1239 881 1270 essem.
899 1241 1003 1279 1taque
1014 1247 1108 1268 nemo
1119 1236 1214 1266 adbuc

262 1290 429 1320 convenire
451 1291 470 1314 5*
485 1297 534 1316 me
545 1286 641 1316 voluit
655 1304 667 1317 ,
687 1285 737 1313 cui
750 1282 860 1312 fuerim
871 1288 1040 1320 occupatus.
1060 1276 1215 1309 Aemines

261 1331 356 1361 habeo
384 1331 496 1360 virium
513 1348 521 1362 ,
540 1327 630 1368 quem
653 1323 787 1356 vestrum
806 1324 927 1353 utervis.
952 1325 1018 1352 Nec
1028 1331 1080 1351 vos
1089 1319 1214 1362 quidem

259 1375 301 1404 T.
320 1373 421 1402 Pontii
438 1370 635 1400 Centurionis
655 1367 746 1398 vneis
757 1365 880 1396 habetis.
903 1374 978 1394 num
991 1362 1103 1394 idcirco
1112 1360 1216 1392 estille

259 1412 464 1455 praestantior?
484 1419 685 1441 MODERArro
703 1407 801 1438 modo
808 1408 919 1438 virium
931 1404 1001 1436 adfit
1011 1425 1020 1439 ‚
1041 1405 1073 1435 &
1084 1411 1215 1436 tantum,

283 1463 406 1486 uantum
422 1452 518 1494 potest
525 1452 650 1494 quisque
660 1472 669 1485 ,
682 1451 793 1481 nitatur
805 1460 811 1479 2
822 1447 837 1469 ⁶
849 1458 893 1479 nae
904 1448 955 1477 ille
966 1457 1030 1477 non
1046 1455 1155 1487 magno
1165 1444 1217 1475 de·-

286 1496 369 1527 derio
388 1495 538 1526 tenebitur
556 1495 678 1524 virium.
702 1493 852 1532 Olympiae
869 1499 921 1530 per
934 1489 1061 1521 stadium
1072 1485 1218 1528 ingress'us

262 1536 322 1569 effe
330 1538 409 1567 Milo
421 1537 530 1567 dicitur
542 1555 551 1570 ,
560 1540 576 1564 7
585 1534 655 1565 cum
667 1535 802 1565 humeris
811 1532 967 1562 sustineret
975 1531 1086 1561 bovem
1098 1532 1217 1558 vivum.

262 1588 365 1610 utrum
386 1580 475 1619 igitur
495 1578 545 1606 has
561 1577 696 1615 corporis
706 1595 714 1609 ,
734 1584 771 1604 an
783 1574 954 1613 Pythagorae
963 1572 1020 1602 tibi
1030 1572 1117 1600 malis
1129 1570 1220 1599 vireis

264 1621 381 1661 ingenii
395 1620 478 1649 dari?
495 1613 511 1637 8
523 1617 653 1658 denique
666 1625 736 1646 xsro
747 1615 832 1645 bono
842 1623 921 1644 utare
931 1633 940 1647 ,
960 1612 1033 1642 dum
1044 1610 1115 1642 adfit
1133 1619 1217 1640 :cum

264 1661 337 1693 abfit
352 1681 363 1694 ‚
373 1671 410 1690 ne
422 1661 560 1700 requiras.
584 1656 637 1688 nifi
646 1657 726 1688 forte
738 1656 937 1688 adolescentes
948 1655 1104 1694 pueritiam
1116 1672 1124 1685 ‚
1135 1651 1220 1691 paul-

265 1704 330 1734 lum
350 1710 430 1732 aetate
444 1699 582 1741 progreffi
591 1699 820 1730 adolescentiam
830 1697 957 1727 debeant
970 1696 1126 1736 requirere.
1143 1695 1220 1723 Cur·-

268 1745 316 1774 sus
335 1743 377 1774 est
392 1752 490 1773 certus
511 1743 622 1774 aetatis,
647 1741 680 1770 &c
692 1750 751 1770 una
762 1741 810 1768 via
821 1747 932 1768 naturae
942 1757 951 1771 ,
972 1743 1062 1776 eaque
1072 1734 1198 1774 fimplex
1213 1743 1219 1761 t

266 1787 395 1825 S'suaque
411 1786 519 1824 cuique
526 1785 599 1822 parti
608 1783 700 1812 aetatis
711 1801 719 1814 ,
733 1778 933 1821 tempestivitas
942 1777 983 1808 est
994 1777 1059 1807 data
1071 1788 1080 1809 3
1104 1779 1134 1796 ¹0
1146 1784 1177 1805 ut
1191 1775 1224 1804 &

268 1826 433 1858 infirmitas
453 1833 617 1866 puerorum
630 1843 638 1857 ,
660 1823 693 1853 &
710 1822 848 1853 ferocitas
867 1821 1018 1861 juvenum
1030 1837 1039 1853 ,
1058 1817 1227 1857 &gravitas

1246 321 1331 351 faciat
1348 320 1439 350 hodie
1452 339 1461 354 ‚
1481 322 1645 360 nonaginta
1660 327 1755 349 annos
1774 326 1877 349 natus:
1895 319 1967 350 cum
1984 321 2125 362 ingrefl'us
2139 325 2195 352 iter

1246 362 1372 403 pedibus
1382 360 1425 396 fit,
1438 363 1470 391 in
1481 369 1593 402 equum
1604 362 1736 390 omnino
1746 370 1810 390 non
1819 360 2009 392 adscendere:
2021 373 2089 393 cum
2102 373 2194 404 equo,

1249 414 1287 435 ex
1301 414 1378 445 equo
1388 413 1451 433 non
1462 402 1639 433 descendere
1651 412 1657 431 :
1669 402 1755 432 nullo
1766 402 1862 432 imbre
1872 422 1880 436 ‚
1892 403 1977 433 nullo
1988 403 2094 445 frigore
2104 406 2197 435 addu-

1246 448 1273 477 ci
1287 466 1295 480 ‚
1312 456 1343 476 ut
1356 447 1450 485 capite
1460 453 1564 485 operto
1576 442 1626 474 sit:
1646 444 1840 473 summamin
1849 453 1886 474 eo
1902 443 1961 474 effe
1972 448 2105 485 corporis
2118 445 2199 477 ficei-

1224 507 1228 550 l
1247 496 1338 518 tatem
1353 489 1466 528 :itaque
1476 486 1599 526 exsequi
1610 487 1716 515 omnia
1725 487 1800 526 regis
1809 483 1906 516 officia
1916 506 1926 520 ,
1947 486 1980 516 δε
1990 496 2122 518 munera.
2142 491 2201 518 Po-

1249 539 1327 559 τεετ
1349 531 1438 570 igitur
1447 529 1621 558 exercitatio
1634 545 1642 560 ,
1663 527 1901 567 &temperantia
1910 529 1999 557 etiam
2011 530 2043 557 in
2055 528 2200 560 senee‘tute

1247 571 1418 601 conservare
1431 570 1544 610 aliquid
1555 568 1670 609 pristini
1684 568 1811 598 roboris.
1824 572 1849 588 ¹¹
1864 571 1928 598 Non
1936 569 2004 608 sunt
2015 570 2043 597 in
2059 569 2199 609 senestute
2223 578 2233 602 1
2249 577 2259 601 t

1248 613 1343 642 vires?
1367 622 1405 641 ne
1424 611 1609 652 postulantur
1625 610 1750 651 quidem
1769 611 1847 640 vires
1864 611 1880 641 a
1898 610 2059 641 senetifflte.
2079 620 2150 652 ergo
2168 612 2200 642 δε

1246 655 1363 696 legibus
1382 653 1415 682 δε
1435 652 1579 683 institutis
1590 660 1670 682 vacat
1679 661 1744 682 aetas
1755 651 1853 682 nostra
1866 652 2040 682 muneribus
2055 653 2112 686 iis,
2136 661 2200 693 quae

1249 705 1313 725 non
1325 693 1446 735 possunt
1456 692 1515 724 fine
1527 694 1639 723 viribus
1647 692 1792 724 sustineri.
1815 695 1913 733 itaque
1927 703 1993 723 NON
2005 693 2110 728 modi),
2121 693 2203 735 quod

1250 747 1313 767 non
1325 735 1481 777 poss'umus
1491 755 1499 768 ,
1522 735 1570 766 sed
1583 745 1620 765 ne
1633 744 1777 776 quantum
1793 734 1948 774 possumus
1958 735 2080 776 quidem
2093 755 2102 769 ,
2123 737 2207 776 cogi-

1256 788 1334 809 mur.
1359 780 1413 806 tAt
1422 779 1465 807 ita
1479 777 1640 816 multtsunt
1652 775 1870 816 imbeciHisenes,
1883 784 1916 806 ut
1925 778 2033 806 nultum
2047 777 2139 816 officii,
2150 784 2204 806 aut

1250 821 1359 850 omnino
1383 820 1450 849 vita
1470 828 1570 848 munus
1588 819 1701 860 exsequi
1705 818 1814 860 poffint.
1839 822 1877 848 At
1887 818 1917 848 id
1927 818 2050 859 quidem
2061 829 2123 849 non
2134 828 2205 859 pro—

1251 866 1350 902 prium
1362 860 1522 892 senefikutis
1541 860 1584 891 est
1596 863 1703 890 vitium
1717 879 1725 894 ‚
1745 863 1772 879 ¹2
1782 859 1830 890 sed
1841 870 2008 890 commune
2016 861 2201 891 valitudinis·

1253 907 1350 945 Qam
1361 902 1419 933 fuit
1429 903 1599 933 imbecillus
1610 905 1641 932 P.
1656 901 1787 932 Africani
1796 899 1876 931 filius
1888 904 1922 935 is,
1934 904 1987 943 qui
1999 911 2026 932 te
2033 902 2183 942 adoptavit
2195 904 2208 931 ?

1253 948 1343 986 quam
1354 945 1505 978 tenui,aut
1513 944 1596 974 nulla
1605 944 1706 983 potitis
1715 942 1879 973 valitudine
1890 946 1899 971 ?
1909 943 1991 985 quod
2002 946 2033 974 ni
2046 946 2085 974 ita
2094 942 2206 977 fuiss'er,

1254 989 1379 1017 alterurn
1401 987 1450 1015 ille
1473 984 1627 1016 exstitisset
1639 986 1743 1014 lumen
1757 985 1896 1014 civitatis.
1919 985 1954 1016 ad
1963 995 2112 1025 paternam
2125 987 2214 1015 enim>

1255 1028 1495 1069 magnitudinem
1523 1029 1617 1057 animi
1645 1025 1772 1056 doetrina
1796 1026 1916 1056 uberior
1933 1026 2095 1057 accesserat.
2127 1026 2210 1067 Qid

1254 1073 1367 1100 mirum
1387 1071 1478 1110 igitur
1502 1070 1534 1098 in
1561 1068 1683 1098 senibus
1704 1088 1712 1101 ,
1749 1067 1769 1097 fi
1799 1066 1916 1097 infirmi
1935 1069 2211 1108 suntraliquando,

1253 1112 1325 1142 cum
1345 1121 1383 1140 ne
1407 1111 1438 1140 id
1456 1110 1579 1151 quidem
1600 1109 1799 1140 adolescentes
1823 1108 1951 1151 effugere
1961 1108 2087 1149 poffint?
2109 1112 2213 1140 Ri-:sx-

1255 1163 1432 1186 stennon,
1454 1152 1529 1184 Laeli
1543 1172 1551 1185 ‚
1571 1152 1604 1182 δε
1623 1153 1742 1191 Scipio,
1762 1150 1907 1181 sene&uti
1926 1150 1987 1185 est,
2008 1151 2128 1192 eiusque
2139 1153 2218 1182 vitia

1261 1198 1288 1222 ¹3
1302 1194 1456 1235 diligentia
1473 1193 1692 1234 compensanda
1712 1193 1789 1223 sunt.
1823 1192 2021 1234 Bugnandum
2036 1201 2213 1234 „tamquam

1257 1246 1359 1267 contra
1379 1236 1522 1266 morbum
1536 1256 1544 1269 ‚
1569 1233 1606 1265 fic
1623 1243 1727 1265 contra
1744 1234 1941 1264 senefihitem.
1975 1234 2120 1265 Habenda
2137 1235 2213 1264 ratio

1257 1278 1434 1309 valitudinis
1455 1288 1461 1306 :
1481 1277 1628 1307 utendum
1648 1276 1915 1306 exercitationibus
1934 1276 2072 1307 modicis.
2095 1284 2217 1306 tantum-

1259 1320 1318 1351 cibi
1331 1340 1341 1353 ,
1361 1320 1394 1350 &
1413 1320 1548 1359 potionis
1558 1318 1762 1349 adhibendum
1774 1337 1782 1352 ‚
1807 1327 1839 1348 ut
1850 1317 2017 1348 reficiantur
2030 1320 2108 1348 vires
2122 1338 2130 1352 ,
2149 1326 2215 1347 non

1258 1364 1473 1402 opprimantur.
1499 1362 1565 1390 Nec
1581 1359 1654 1390 vero
1675 1369 1820 1389 CORPORI
1842 1359 1898 1390 soli
1907 1358 2147 1390 subveniendum
2160 1357 2218 1393 est,v

1258 1404 1308 1434 sed
1325 1404 1442 1436 menti,
1462 1411 1551 1443 atque
1567 1403 1671 1432 animo
1681 1401 1781 1432 multo
1793 1403 1896 1442 magis.
1919 1411 1990 1431 nam
2007 1402 2069 1432 haec
2081 1410 2216 1442 quoque,

1263 1443 1318 1476 nifi
1339 1454 1492 1485 tamquam
1509 1444 1621 1473 lumini
1640 1444 1743 1472 oleum
1763 1442 1909 1476 instilles,
1930 1442 2160 1484 exstinguuntur
2169 1441 2217 1472 se-

1265 1486 1399 1517 mitute.
1408 1487 1441 1516 δε
1458 1494 1609 1515 CORPORA
1626 1484 1749 1524 quidem
1761 1487 1792 1510 ¹4
1804 1482 2024 1525 defatigatione,
2034 1485 2066 1515 &
2076 1485 2220 1514 exercita-

1261 1530 1346 1559 tione
1363 1527 1570 1568 ingravescunt
1590 1536 1596 1554 ;
1623 1526 1720 1555 animi
1738 1533 1838 1555 autem
1859 1525 2051 1555 exercitando
2069 1526 2214 1555 levantur..

1262 1579 1332 1600 nam
1345 1578 1423 1609 quos
1436 1570 1476 1597 ait
1485 1567 1623 1597 Caecilius
1644 1582 1705 1589 ----
1728 1567 1842 1595 comicos
1847 1565 1949 1602 stultos
1951 1566 2028 1606 senes
2038 1579 2050 1595 .-
2060 1567 2114 1596 hos
2125 1564 2216 1607 figni-

1259 1609 1326 1640 ficat
1335 1609 1471 1639 credulos
1483 1629 1497 1642 ‚.
1507 1607 1674 1638 obliviosos
1685 1627 1694 1641 2
1715 1606 1890 1638 dis-solutos:
1911 1619 1976 1648 quae
1988 1610 2058 1638 vitia
2069 1608 2137 1638 sunt
2146 1616 2211 1637 non

1264 1650 1424 1682 seneEkutis
1435 1670 1444 1682 ‚
1460 1650 1507 1679 sed
1520 1651 1626 1679 inertis
1640 1669 1648 1683 ‚
1662 1651 1775 1689 ignavae
1787 1669 1795 1683 ‚
1818 1650 2028 1679 somniculosae
2038 1647 2197 1679 seneautis
2211 1658 2217 1676 :

1265 1702 1298 1723 ut
1317 1699 1541 1722 PETULANTIA
1562 1710 1571 1723 ,
1593 1699 1626 1720 ut
1642 1689 1738 1719 libido
1758 1709 1767 1723 ,
1788 1692 1884 1730 magis
1902 1689 1944 1721 est
1965 1690 2216 1724 adolescentium,

1265 1733 1354 1775 quam
1368 1733 1471 1762 senum
1488 1741 1560 1761 :nec
1570 1740 1670 1761 tamen
1683 1733 1826 1761 omnium
1838 1731 2083 1764 adolescentium,
2095 1731 2142 1761 sed
2155 1740 2221 1761 non

1265 1775 1430 1815 proborum
1445 1784 1450 1802 :
1470 1771 1507 1802 sic
1526 1772 1579 1803 ista
1590 1773 1692 1802 senilis
1702 1771 1824 1803 stultitia
1843 1772 1928 1813 (qux
1943 1773 2073 1804 deliratio
2082 1772 2220 1813 appellari

1267 1817 1352 1857 solet)
1364 1816 1469 1846 senum
1480 1815 1594 1846 levium
1605 1813 1659 1848 est,
1673 1823 1735 1844 non
1749 1816 1902 1845 omnium.
1925 1817 2073 1856 Quattuor
2082 1813 2222 1845 robustos

2128 1854 2220 1889 filios,

307 1940 317 1957 1
325 1950 331 1957 .
351 1933 430 1963 Nestor
439 1931 465 1955 de
474 1931 609 1955 virtutibm
621 1928 699 1962 fiat]
718 1926 818 1954 Allufit
828 1926 860 1952 ad
870 1926 1029 1953 Orationem
1040 1924 1152 1950 Catonis
1165 1942 1173 1955 ,
1184 1923 1228 1950 in-

268 1966 400 2002 scriptam,
410 1969 444 1992 Dc
454 1966 587 1991 Virtutibus·
596 1965 659 1998 fitis,
670 1967 695 1989 in
705 1965 838 1989 Thermum.
859 1965 872 1989 ὲ
885 1971 936 1998 qua
946 1961 1032 1988 multa
1042 1961 1092 1987 huc
1102 1959 1227 1986 transsata

269 2004 283 2028 ’ὲ
294 2004 436 2034 Cicerone,
447 2010 481 2027 ex
492 2000 624 2036 reliquiis,
635 2009 697 2036 quas
708 1999 897 2026 conservarunt
908 1995 1226 2030 Grammatic‘i,colligere

270 2038 316 2065 est.
328 2036 603 2071 Catonisjatstantiam
616 2036 643 2062 &
659 2035 819 2062 Plutarchus
831 2041 908 2061 notat
919 2053 927 2066 ,
942 2034 968 2059 &
981 2033 1087 2064 Cicero,
1098 2031 1160 2058 dum
1172 2043 1231 2066 πρε-

270 2077 338 2102 πὸιιτι
357 2073 472 2110 peri'onae
483 2072 566 2099 servit·
577 2091 585 2104 ‚
604 2072 729 2098 ostentat.
749 2071 852 2097 sed-hoc
864 2070 922 2096 loco
933 2068 1127 2095 dissimulanter
1137 2076 1229 2094 exem-

270 2111 315 2146 plo
326 2110 401 2136 simili
413 2109 534 2135 Nestoris
545 2107 662 2135 excusat.
682 2107 747 2133 Non
759 2105 858 2133 insulto
869 2108 987 2132 Cantero
997 2124 1004 2137 ,
1026 2104 1179 2138 conjicienti
1188 2106 1231 2129 vi-

269 2148 347 2172 ribus.
368 2145 528 2172 Lambinum
539 2143 614 2170 rideo
625 2164 634 2176 ,
654 2142 792 2178 magnifice
807 2142 831 2169 se
841 2141 988 2176 jaRantem
1007 2141 1033 2167 in
1052 2149 1080 2166 re
1091 2139 1229 2170 levissima

273 2186 388 2209 virtutem
398 2191 446 2217 pro
455 2182 552 2207 viribus
562 2180 679 2215 corporis
691 2180 791 2206 usitari.
814 2178 885 2214 quod
902 2176 1055 2204 mehercule
1067 2176 1142 2213 pueri
1155 2175 1171 2202 fi
1182 2184 1229 2202 ne-

276 2218 357 2244 {iciant
369 2237 376 2248 ,
387 2217 486 2244 meritc>
497 2216 580 2252 virgis
593 2216 737 2242 varientur.
757 2217 905 2241 Gulielmius.

281 2254 285 2260 '
305 2262 334 2279 2..
351 2254 454 2279 ‘Tertiam
464 2254 581 2287 mimjam
590 2257 679 2278 aetaiem
689 2253 805 2277 hominum
814 2249 939 2283 videbun]
959 2248 1048 2284 Vulgo
1057 2251 1158 2274 vixerat
1169 2266 1177 2279 ,
1188 2245 1231 2273 sed

274 2296 365 2316 contra
374 2289 431 2316 Pal.
442 2288 584 2324 omnesque
604 2287 680 2313 codd.
694 2287 751 2313 ruff.
763 2296 828 2322 quos
848 2285 958 2312 excuffit
969 2287 1148 2311 Contarenus.
1169 2281 1232 2319 quid

273 2326 344 2359 quod
363 2325 397 2352 sic
414 2333 519 2360 quoque
539 2324 604 2350 editi
616 2325 630 2349 ἐι
643 2324 723 2349 Petro
734 2322 856 2349 Vicini-io
869 2341 877 2353 ,
897 2323 912 2348 εὶ
923 2321 1078 2347 Camerario
1090 2339 1099 2353 ,
1117 2319 1150 2346 ab
1161 2318 1234 2345 Aldo

272 2361 390 2397 Nepote.
412 2361 478 2387 adeo
489 2367 518 2386 ut
529 2360 626 2386 mirum
639 2359 669 2386 sit
689 2358 807 2385 homines
819 2357 944 2394 quosdam
963 2357 1080 2385 inventis
1099 2354 1234 2391 frugibus,

274 2396 360 2424 redire
370 2396 401 2423 ad
412 2396 548 2432 glandem.

312 2441 325 2468 3
333 2453 339 2459 .
359 2434 480 2467 Nusquam
489 2431 581 2465 φατι]
600 2429 681 2466 Apud
692 2430 844 2456 Homerum
855 2429 964 2455 scilicet.
975 2428 1002 2455 δε
1012 2427 1048 2455 ἧς
1059 2426 1115 2455 mss.
1127 2426 1235 2454 Guliel-

275 2468 392 2496 miani&
404 2468 461 2495 Pal.
471 2467 521 2494 sec.
534 2475 597 2494 tert.
610 2466 690 2502 vulgo
704 2485 711 2498 ‚
721 2475 851 2500 numquam
861 2485 869 2497 ‚
881 2465 960 2491 male.

307 2513 334 2537 4.
354 2507 473 2531 Tribunm
482 2501 620 2536 milhmin]
633 2501 768 2528 Revocavi
780 2501 921 2528 lee‘iionem
933 2500 1066 2527 exoletam
1079 2518 1087 2531 ,
1097 2507 1155 2535 quae
1167 2500 1193 2525 ὃ(
1205 2498 1231 2525 in

292 2541 364 2567 rimis
385 2540 445 2567 edd.
457 2541 483 2566 8<
502 2540 529 2567 in
541 2538 705 2566 Viftoriana.
725 2538 884 2564 recentiores
895 2537 966 2564 enim
977 2538 1091 2562 rrIbunm·
1100 2537 1149 2563 mil.
1163 2533 1235 2571 quod

285 2577 330 2603 'ere
342 2579 442 2603 militum
461 2576 555 2611 signat.
566 2575 673 2610 antique
688 2574 802 2601 alterum
816 2583 825 2604 3
845 2572 980 2609 quomodo
990 2575 1017 2599 &
1027 2571 1096 2608 apud
1107 2572 1233 2598 Plautum

271 2614 383 2641 *ubuum
392 2614 530 2645 vapulans.
548 2612 575 2637 &
587 2611 648 2637 hinc
657 2612 749 2636 tribuni
758 2610 889 2643 confidas-es
900 2629 908 2642 ‚
919 2609 1006 2645 inquit
1016 2608 1191 2635 Gulielmius.

313 2658 339 2681 ς.
360 2653 402 2675 Me
410 2649 487 2674 voluit
502 2667 509 2679 ,
527 2650 564 2674 cm*
577 2648 666 2680 fuerim
675 2646 829 2680 occzapatm]
851 2647 891 2672 Ita
902 2645 1031 2681 Langiani
1043 2663 1051 2676 ,
1062 2646 1089 2671 sc
1100 2643 1158 2670 Pal.
1169 2650 1234 2670 tert.

276 2692 335 2710 nam
345 2683 394 2710 sec.
405 2693 438 2710 me
451 2686 527 2709 voluit
544 2686 585 2718 qui
597 2684 697 2715 fuerim.
719 2681 833 2718 respexit
843 2681 874 2708 ad
885 2681 952 2708 illud
964 2681 1051 2707 Plauti
1063 2682 1214 2707 Mercatore
1226 2690 1232 2706 :

280 2723 328 2744 Non
340 2721 393 2751 Jicm
410 2727 537 2752 occupatur
555 2728 660 2753 unquam
673 2721 746 2744 amico
759 2726 851 2751 operam
860 2718 927 2744 dare.
949 2717 1056 2752 vulgata.
1068 2736 1076 2748 ‚
1088 2726 1130 2745 „me
1138 2718 1234 2745 valuit,

276 2758 333 2787 quin
346 2774 352 2785 ,
372 2765 386 2781 a
397 2754 468 2781 sensu
480 2755 591 2782 Catonis
602 2754 689 2781 aliena
700 2773 708 2786 ,
723 2755 750 2779 ὃ(
761 2757 833 2780 certe
846 2752 908 2780 falsa
918 2753 953 2779 est
964 2762 973 2783 5
993 2754 1055 2780 cum
1068 2761 1130 2778 mox
1143 2750 1235 2777 remis-

279 2789 360 2816 siones
380 2791 436 2817 suas
454 2798 710 2818 commemoreturus
721 2789 762 2816 sit.
783 2789 825 2815 sed
837 2799 885 2816 nec
903 2788 977 2816 reste
988 2788 1075 2815 Aldus
1086 2788 1113 2814 ὃ(
1125 2786 1236 2814 Lambi-

278 2834 326 2851 nus
340 2845 347 2857 ,
357 2835 390 2850 me
399 2829 474 2853 voluit
483 2830 541 2861 quin
553 2846 561 2858 ‚
571 2827 624 2857 &tu

312 2862 340 2886 6.
361 2865 401 2887 Nx
418 2864 453 2887 ille
470 2872 514 2888 non
528 2872 608 2896 magno
617 2863 723 2896 desiderio
732 2862 851 2887 tenebitur
861 2860 979 2894 virium]
1001 2860 1044 2887 Sic
1054 2859 1114 2887 edd.
1146 2858 1234 2885 uidem

275 2896 442 2936 posteriores·>
454 2900 545 2924 verum
557 2899 656 2934 priores
667 2906 795 2924 annorum
808 2905 926 2927 centum,
937 2906 977 2923 nec
988 2898 1023 2923 ille
1033 2906 1112 2930 magno
1126 2869 1177 2922 Fine
1188 2905 1235 2922 ne-

276 2938 378 2993 ᾂῆῑινῦὶ
392 2941 447 2967 quae
457 2933 483 2957 8<
494 2934 562 2960 abest
574 2934 631 2960 Pal.
641 2933 755 2965 duobus,
768 2942 880 2968 quorum
892 2933 991 2969 primus
1002 2942 1029 2958 ne
1039 2934 1074 2959 ille
1084 2942 1176 2965 magno,
1185 2933 1236 2963 dyc.

287 2976 326 2994 ee.
336 2976 364 2992 ne
373 2969 407 2992 iu<
416 2968 506 3001 quidem
519 2978 604 3001 magno.
619 2969 695 2997 restat
706 2977 795 2996 tamen
808 2976 912 3004 recepta
924 2969 949 2994 in
962 2968 1055 2995 tertio.

311 3011 338 3037 7.
357 3006 416 3028 Cum
427 3004 526 3042 rapieris
539 3006 660 3036 fitstineret
674 3007 751 3030 bovem
762 3008 857 3030 vivum.
879 3005 989 3039 Utrum]
1010 3005 1040 3030 ln
1054 3002 1232 3039 posseffionem

275 3038 345 3065 suam
365 3038 465 3078 reposui
486 3038 627 3078 lestionem
648 3040 755 3075 priscam
777 3059 785 3072 ‚
815 3040 1005 3067 confirmatam.
1028 3038 1158 3075 plerisque
1179 3038 1236 3065 mss‘.

273 3074 469 3110 exemplaribus
481 3093 488 3105 ,
510 3082 589 3100 etiam
602 3075 658 3101 l’al.
669 3076 716 3102 sec.
730 3076 788 3101 aliae
800 3075 860 3102 edd.
873 3075 1019 3103 omiserunt
1034 3084 1126 3103 voce-m
1136 3077 1233 3102 vivum.

273 3110 352 3136 izabel:
362 3119 417 3136 eam
430 3117 520 3136 tamen
532 3109 678 3136 Vifiiorius.

307 3146 336 3174 8.
355 3149 457 3182 Denique
465 3148 506 3182 isto
517 3146 570 3173 bono
579 3152 648 3174 mare
659 3146 713 3173 dnm
723 3147 780 3181 ca'fit
796 3166 804 3180 ‚
814 3147 885 3182 dm]
897 3147 953 3175 Pal.
966 3155 1009 3184 pr.
1019 3146 1070 3176 sec.
1082 3154 1159 3174 utere.
1180 3147 1240 3175 Gu-

1267 1923 1382 1949 lielmius
1394 1931 1423 1948 ea
1434 1922 1493 1949 toti.
1505 1930 1567 1948 voce
1577 1920 1700 1956 neglecta
1711 1939 1720 1952 ‚
1739 1919 1893 1948 restituebat
1906 1939 1915 1952 ,
1932 1920 2030 1955 denique
2047 1921 2086 1952 isto
2103 1920 2157 1944 bono
2168 1920 2224 1944 dum

1269 1959 1328 1993 adsit
1340 1959 1484 1992 ,gaudeas5
1495 1967 1528 1984 ex
1540 1957 1726 1992 Hittorpiauo.
1746 1957 1851 1984 venuste
1862 1955 1969 1993 quidem
1982 1967 1987 1982 :
2009 1955 2050 1981 sed
2064 1955 2140 1981 unius
2150 1953 2223 1981 testi-

1271 1995 1360 2021 monio
1371 1994 1430 2029 quei
1442 1994 1572 2020 stabitur?
1590 1992 1712 2028 suspicari
1730 1993 1818 2028 potius
1837 1992 1923 2028 capior
1936 1994 1963 2018 &
1977 1991 2082 2025 gaudeas
2091 1992 2165 2026 aeque
2175 1987 2226 2016 eise

1269 2030 1386 2092 {puliium
1398 2031 1478 2066 quitm
1489 2037 1558 2056 utare
1569 2048 1577 2062 ,
1587 2038 1617 2056 ac
1626 2038 1673 2065 per
1682 2028 1799 2065 elleipsin
1811 2027 1939 2065 usurpass'e
1950 2027 2106 2054 seutentiam
2117 2033 2227 2062 prover-

1287 2076 1312 2094 η
1325 2076 1378 2093 em.

1307 2111 1324 2138 9
1331 2122 1337 2128 .
1355 2108 1452 2136 suaque
1460 2103 1544 2135 cuique
1548 2102 1704 2134 pastinatis
1716 2120 1724 2133 ,
1734 2102 1904 2134 tempestivitas
1917 2119 1925 2132 ‚
1935 2099 2004 2141 ἀρ]
2024 2099 2086 2125 Vox
2095 2099 2170 2125 teatie
2179 2105 2228 2124 ex·
2268 2112 2269 2115 =

1271 2137 1444 2174 stat-quidem
1459 2137 1485 2163 in
1497 2136 1651 2164 Victoriana
1663 2157 1671 2169 ,
1688 2137 1730 2163 sed
1742 2147 1793 2164 non
1805 2137 1884 2163 etiam
1895 2137 1921 2163 in
1933 2135 2092 2172 primoribus
2103 2133 2231 2160 editioni«-

1271 2174 1318 2201 bus
1329 2182 1458 2202 annorum
1469 2180 1575 2200 centum
1588 2192 1596 2205 ,
1616 2183 1700 2209 neque
1710 2174 1746 2200 est
1761 2174 1787 2200 in
1800 2172 1856 2199 Pal.
1865 2182 1907 2208 pr.
1918 2179 1982 2200 tert.
1994 2172 2049 2198 imo
2070 2179 2102 2198 ne
2140 2169 2229 2196 uidem

1272 2212 1298 2238 in
1311 2210 1361 2237 sec.
1372 2210 1418 2247 qui
1429 2218 1516 2236 tamen
1529 2209 1616 2242 habet,
1625 2212 1722 2243 partita
1731 2216 1800 2242 temp.
1811 2209 1880 2243 quod
1893 2208 1999 2244 probem
2011 2207 2113 2241 sublato
2141 2204 2236 2236 cinde,.

1273 2250 1307 2273 εἶτ’
1317 2248 1378 2273 data
1389 2266 1397 2279 ‚
1416 2244 1488 2281 quod
1499 2255 1561 2272 mox
1574 2245 1700 2282 sequitur.
1720 2244 1882 2272 Gulielmius
1895 2253 1929 2271 ex
1940 2245 1974 2271 V.
1983 2244 2012 2270 ὃς
2024 2243 2105 2271 Suffr.
2115 2241 2173 2269 mss.
2184 2240 2228 2269 ubi

1273 2290 1330 2310 erat
1336 2282 1482 2316 perticitaris
1493 2301 1501 2314 ‚
1512 2281 1614 2308 divinat
1624 2301 1632 2314 ‚
1639 2281 1805 2314 pernicitatis.

1313 2327 1355 2345 ιο.
1376 2321 1404 2344 Ui
1414 2318 1443 2349 &¹
1452 2318 1608 2352 infirmitas]
1629 2315 1716 2343 Nolui
1730 2316 1801 2343 abire
1812 2317 1828 2343 ὲ.
1837 2316 1980 2352 Langianis
1994 2335 2003 2348 ,
2021 2314 2092 2351 quod
2103 2313 2159 2340 mss.
2170 2313 2229 2340 Gu-

1273 2354 1400 2381 lielmiani
1413 2373 1421 2386 ‚
1440 2362 1486 2380 aut
1497 2353 1554 2381 Pal.
1564 2353 1697 2380 variarent
1709 2372 1718 2385 ,
1737 2354 1764 2379 &
1776 2352 1831 2380 fere
1843 2351 2038 2389 propenderent
2048 2351 2074 2378 in
2086 2349 2229 2377 leffionem

1274 2400 1351 2425 quam
1363 2389 1495 2426 proposui.
1517 2390 1617 2426 vulgati
1627 2390 1699 2424 prius
1711 2400 1717 2416 :
1740 2392 1768 2415 Ut
1786 2392 1845 2414 enim
1859 2391 1988 2423 infirmitas
1997 2396 2121 2420 puerorum
2131 2388 2166 2412 eff
2177 2404 2185 2418 ‚
2202 2385 2234 2415 ὀ*

1268 2428 1514 2461 ftrocitmjiavenum,
1523 2426 1552 2456 ἐγ
1557 2427 1729 2459 gravitas-jam
1738 2425 1862 2460 constantis
1871 2425 1947 2451 aetatie
1957 2443 1964 2455 ‚
1973 2425 2008 2457 fic
2013 2423 2150 2457 fimeHutifi
2161 2430 2230 2456 quo-

1275 2461 1356 2489 modo
1375 2470 1462 2489 tamen
1477 2462 1527 2488 esse
1539 2462 1564 2489 in
1577 2462 1660 2489 tribus
1673 2462 1722 2487 suis
1734 2460 1893 2488 membranis
1905 2460 2012 2488 testatus
2022 2459 2058 2486 est
2068 2459 2145 2486 Vinc.
2157 2459 2232 2484 Con-

1275 2506 1394 2526 tarenus.

1314 2544 1323 2562 1
1332 2544 1341 2560 ι
1349 2555 1355 2560 .
1373 2534 1499 2569 Qnfimt
1507 2533 1657 2567 infineffute
1665 2535 1733 2559 vires
1745 2533 1778 2567 ἓ]
1800 2534 1843 2559 Ita
1854 2531 1912 2559 Pal.
1923 2530 1964 2558 sed
1975 2530 2070 2566 absque
2081 2530 2231 2564 interroga-

1275 2571 1359 2598 tione.
1369 2579 1394 2597 ’.ιι
1405 2570 1545 2596 Gulielmii
1556 2568 1635 2595 codd.
1646 2570 1711 2596 nulli
1724 2569 1756 2596 sic
1767 2569 1870 2605 legunt.
1891 2568 1996 2595 Metelli
2008 2568 2130 2601 ,Qfinn
2150 2563 2230 2592 ceteri

1274 2607 1345 2635 duo:
1367 2611 1403 2634 Ne
1412 2608 1493 2640 dafint.
1513 2604 1584 2640 quod
1597 2613 1672 2642 putat
1682 2604 1844 2632 Gulielmius
1853 2612 1914 2640 apte
1924 2605 2055 2630 cohaerere
2066 2611 2123 2628 cum
2133 2609 2232 2636 praece·

1275 2643 1411 2671 dentibus.
1433 2642 1524 2669 mallet
1536 2650 1621 2668 tamen
1635 2652 1641 2668 :
1654 2643 1699 2668 Sed
1707 2642 1789 2675 msmr
1799 2643 1824 2667 in
1830 2641 1949 2674 sem-Hiete
1958 2643 2025 2666 vires
2036 2651 2043 2665 .·
2053 2638 2233 2671 nepostulamur

1275 2681 1378 2714 quidem.
1397 2682 1456 2712 Ergo
1469 2698 1476 2710 ,
1494 2678 1544 2708 (γε.
1564 2676 1673 2713 abjestis
1689 2677 1705 2703 iz
1719 2678 1838 2712 senebYute
1856 2679 1924 2703 vires
1936 2695 1944 2709 ,
1963 2684 2020 2713 quae
2039 2674 2096 2701 sane
2114 2672 2131 2699 fi
2149 2669 2232 2697 abfint

1277 2724 1357 2742 nemo
1369 2715 1497 2750 requirat.
1986 2712 1988 2714 ’

1317 2760 1357 2778 12.
1377 2752 1423 2776 Sed
1431 2759 1545 2776 commune
1554 2749 1726 2783 valitudinis]
1739 2748 1780 2774 Sic
1792 2757 1884 2775 omnes
1895 2747 1962 2774 Gul.
1972 2748 1998 2773 ὅτ
2008 2744 2066 2772 Pal.
2077 2742 2155 2778 idque
2166 2750 2233 2777 pra*-

1276 2787 1326 2814 stat
1345 2795 1422 2823 quarn
1442 2785 1611 2812 invalitudinis
1623 2786 1790 2820 Langianum
1803 2804 1811 2816 ,
1830 2785 1879 2810 hoc
1890 2782 1998 2818 quidem
2012 2781 2080 2806 loco.
2099 2779 2151 2804 haec
2161 2778 2232 2804 enim

1277 2831 1419 2859 numquam
1432 2831 1483 2849 non
1497 2821 1588 2847 vitioia
1600 2840 1607 2853 ‚
1619 2828 1650 2847 ut
1661 2821 1785 2848 morbus:
1798 2819 1845 2846 illa
1856 2820 1916 2846 cum
1928 2816 2061 2844 imbecilla
2072 2822 2187 2840 tuntum.

1316 2867 1357 2894 13.
1377 2860 1506 2892 Diligenti-2
1523 2857 1689 2890 compensanda
1702 2856 1788 2891 sima]
1811 2857 1852 2882 Ita
1862 2863 1953 2880 omnes
1964 2850 2104 2878 Gulieluiii
2117 2849 2233 2877 codices,

1278 2895 1318 2921 cui
1339 2894 1406 2921 miri:
1425 2893 1511 2930 placet
1525 2892 1596 2929 quod
1609 2893 1695 2920 edidit
1706 2892 1823 2927 Longius
1835 2909 1844 2922 ‚
1863 2889 2016 2922 compql‘eendae
2022 2888 2078 2920 funt
2090 2905 2097 2918 ,
2117 2886 2160 2921 qui
2174 2885 2241 2910 licet-

1279 2941 1331 2959 non
1351 2930 1451 2958 indicet
1463 2939 1495 2956 an
1509 2932 1523 2955 ὲ
1539 2928 1613 2956 libris
1626 2928 1761 2964 sumpserit
1772 2946 1781 2959 ,
1801 2926 1834 2952 fic
1845 2932 1930 2952 tamen
1943 2923 1995 2959 legi
2007 2924 2032 2949 in
2045 2922 2101 2948 Pal.
2112 2922 2200 2957 primo
2209 2921 2237 2947 δε

1279 2974 1344 2995 tert.
1357 2967 1437 2993 testor
1449 2985 1457 2998 ‚
1468 2965 1553 3000 deque
1563 2965 1625 2991 οὲἶο
1636 2964 1685 2990 suis
1697 2963 1765 2990 idem
1796 2959 1895 2987 redidit
1906 2960 2040 2986 Manutius
2052 2959 2154 2993 Nepos.

1319 3010 1362 3036 14.
1380 3004 1555 3036 Defatigatione
1563 3002 1593 3031 ὠ·
1601 3002 1774 3026 exercitatione.
1816 2996 1873 3022 Pal.
1885 2995 1934 3022 sec.
1946 2996 2110 3021 exercitatione
2119 2994 2242 3026 defatiga-

1278 3042 1338 3065 tione
1348 3039 1420 3071 ‚fine
1430 3047 1460 3064 co
1481 3037 1534 3069 ula,
1546 3043 1575 3062 ut
1585 3034 1697 3070 suspicer
1707 3034 1774 3060 illud
1785 3034 1813 3064 (ly
1823 3034 2000 3063 exercitatione,
2012 3029 2082 3066 quod
2094 3039 2144 3055 non
2156 3037 2240 3064 agno-

1280 3074 1327 3101 stit
1339 3074 1395 3101 Pal.
1407 3081 1501 3100 tertius
1514 3091 1523 3104 ,
1537 3071 1587 3098 esse
1598 3071 1864 3106 interpretamentum
1877 3068 1971 3104 prioris
1985 3086 1993 3099 ,
2008 3065 2076 3093 unde
2088 3074 2149 3092 nata
2160 3063 2240 3103 leEkiq

1281 3110 1365 3179 :gig-era
1383 3106 1577 3136 exercitatt‘onu'm
1595 3105 1762 3143 defatigaiiane
1772 3124 1784 3140 ,
1800 3113 1857 3141 quae
1877 3104 1904 3131 δε
1923 3104 1951 3132 'm
1970 3102 2026 3130 Pal.
2036 3110 2078 3139 pr.
2089 3102 2117 3128 &
2126 3098 2240 3130 victorii

1319 3154 1415 3175 itione.

2187 3169 2245 3199 nsi

2366 2443 2369 2502 l

2342 2549 2369 2622 *l

2364 2682 2367 2694 .
