2297 3389
64 2190 84 2215 f,

494 148 749 197 Oxarte
787 158 853 194 ru
890 139 1682 193 L.CAT1L1NAM2TERT1A.

440 288 1021 353 NL'TULLII

1968 154 2060 205 ως

1117 287 1731 350 CicERoNrs

98 390 2044 603 L.CAT¹1NL1NAM

767 627 1054 684 TER

1110 623 1407 685 TIA,

548 723 721 783 An
867 717 1603 802 QUIRITES.

367 857 780 906 ORATIO
883 851 1796 904 VICESIMAPRIMA.

322 981 335 998 κ-
373 969 608 997 EMPtmchM
619 985 628 999 ‚
660 966 792 1006 Quirites
808 984 817 998 ‚
846 965 1000 1006 vitamque
1032 974 1067 995 o·

323 1006 334 1017 ‘¹'
373 1010 495 1038 mnium
512 1005 644 1038 vestrum
657 1027 664 1041 ,
679 1007 759 1037 bona
769 1026 776 1040 ,
789 1005 925 1037 fortunas
936 1027 944 1041 ‚
957 1006 1066 1046 conju-

372 1060 434 1092 ges,
445 1050 614 1090 liberosque
629 1048 755 1082 vestros,
767 1057 854 1090 atque
864 1049 922 1078 hoc
932 1049 1065 1078 domici-

324 1092 337 1135 s
374 1095 452 1122 lium
466 1090 616 1122 clariffimi
629 1092 769 1132 imperii,
784 1088 1061 1124 fortunatiffimam,

304 1144 310 1151 ·
340 1167 344 1171 ,
374 1134 667 1174 pulcherrimamque
686 1133 792 1163 urbem
805 1153 814 1166 ‚
834 1132 984 1163 hodierno
995 1132 1064 1166 die,

328 1183 337 1188 ”
376 1176 504 1206 deorum
525 1176 751 1205 immortalium
774 1176 897 1206 summo
924 1184 990 1215 erga
1007 1184 1063 1205 vos

373 1228 478 1248 amore
487 1237 496 1252 ‚
513 1214 681 1252 laboribus,
692 1215 825 1247 consiliis
837 1237 846 1251 ,
865 1216 1062 1257 periculisque

101 1263 179 1292 meis
191 1282 199 1296 ,
219 1271 258 1292 ex
268 1260 407 1294 flamma,
431 1269 516 1301 atque
527 1258 606 1289 ferro
619 1279 628 1292 ‚
650 1269 684 1290 ac
694 1258 779 1299 paene
793 1269 831 1289 ex
842 1257 979 1298 faucibm
995 1259 1059 1298 fati

98 1312 230 1343 ereptam
243 1323 252 1337 ‚
270 1303 303 1333 &
313 1302 402 1333 vobis
410 1302 612 1333 conservatam
624 1321 633 1334 ,
645 1311 677 1331 ac
688 1300 854 1331 restitutam
865 1300 984 1331 videtis.
1007 1303 1057 1334 Et,

100 1343 122 1375 'si
133 1355 198 1375 non
211 1343 316 1375 minus
327 1344 416 1374 nobis
424 1343 553 1385 Jucundi
564 1363 572 1377 ‚
593 1352 680 1383 atque
703 1341 833 1373 illustres
850 1343 917 1373 sunt
939 1344 961 1372 ii
976 1341 1039 1372 dies
1050 1361 1059 1376 ‚

100 1386 212 1428 quibus
229 1387 437 1426 conservamur,
465 1385 557 1427 quam
574 1385 639 1417 illi,
670 1384 780 1427 quibus
797 1385 958 1424 nascimur3
977 1383 1061 1426 quod

102 1429 204 1459 salutis
213 1438 289 1460 certa
298 1427 451 1458 laetitiaest
461 1447 470 1460 ‚
490 1426 629 1457 nascendi
641 1429 754 1457 incerta
764 1427 901 1457 conditio
915 1437 920 1455 :
936 1425 1060 1468 &quod

102 1469 164 1500 fine
174 1470 259 1501 sensu
269 1470 438 1503 nascimur,
457 1479 527 1500 cum
539 1469 692 1509 voluptate
712 1469 941 1499 conservamur:
959 1467 1060 1509 profe-

101 1511 172 1546 ab,
193 1513 340 1554 quoniam
359 1512 449 1542 illum
461 1531 470 1545 ,
499 1514 508 1529 ¹
521 1513 573 1552 qui
592 1511 668 1542 hanc
686 1510 792 1541 urbem
811 1510 970 1544 condidit.
993 1513 1060 1541 Ro-

104 1554 226 1585 mulum
238 1574 248 1588 ,
266 1553 301 1584 ad
311 1553 383 1584 deos
393 1554 595 1584 immortaleis
605 1553 812 1583 benivolentia
822 1573 831 1587 ‚
852 1551 990 1594 famaque
1000 1552 1061 1583 sus—

100 1596 228 1626 tulimus
240 1606 246 1625 :
265 1593 324 1627 effe
332 1595 409 1636 apud
418 1605 473 1626 vos
483 1616 492 1630 ‚
510 1593 701 1636 posterosque
712 1594 827 1625 vestros
839 1596 872 1624 in
882 1595 999 1625 honore
1009 1593 1062 1625 de-

102 1637 187 1668 bebit
196 1640 221 1668 is
232 1658 241 1673 ,
260 1639 314 1679 qui
331 1637 457 1668 eandem
480 1639 557 1668 hanc
574 1636 681 1667 urbem
697 1637 852 1668 conditam
863 1657 872 1671 ‚
894 1635 1061 1677 amplifica-

99 1687 222 1721 tamque
233 1680 377 1719 servavit.
399 1690 470 1711 nam
482 1681 574 1710 totius
583 1679 666 1709 urbis
677 1679 797 1719 templis
808 1699 817 1712 ‚
828 1678 961 1710 delubris
972 1699 980 1713 ‚
993 1682 1007 1698 ²
1018 1687 1062 1709 te-

100 1720 160 1751 &is
170 1732 202 1752 ac
216 1721 370 1752 moenibus
383 1721 532 1760 subjectos
541 1721 633 1762 prope
641 1723 705 1761 jam
715 1723 811 1763 igneis
825 1741 834 1755 ‚
847 1721 1060 1752 circumdatos-

97 1773 161 1804 que
170 1762 382 1794 restinximus:
407 1763 562 1804 iidemque
584 1767 596 1791 3
607 1763 724 1805 gladios
743 1765 776 1793 in
796 1763 935 1804 rempub,
955 1762 1062 1794 destri-

102 1806 169 1835 ctos
187 1805 354 1837 retudimus
372 1825 382 1840 ‚
412 1805 630 1847 mucronesque
659 1815 765 1836 eorum
795 1804 811 1838 a
827 1805 941 1846 jugulis
958 1804 1062 1836 vestris

101 1848 273 1887 rejecimus.
314 1849 389 1888 Qae
406 1849 552 1889 quoniam
567 1849 599 1878 in
616 1848 717 1878 senatu
727 1846 886 1882 illustrata,
898 1846 1060 1888 patefacta,

100 1898 315 1931 compertaque
324 1890 392 1920 sunt
400 1899 451 1930 per
460 1900 510 1920 me
524 1909 533 1924 ‚
554 1889 643 1920 vobis
661 1891 724 1929 Jam
737 1899 889 1929 exponam
910 1890 1057 1924 breviter,

98 1933 236 1972 Qrites
248 1942 253 1960 :
276 1941 309 1962 ut
319 1931 352 1961 &
360 1940 484 1972 quanta,
499 1932 532 1962 &
542 1930 633 1972 quam
647 1931 805 1962 manifesta
815 1951 824 1966 ,
836 1932 868 1962 δε
877 1942 935 1972 qua
945 1933 1060 1962 ratione

102 1973 294 2015 investigata,
317 1971 656 2013 &comprehensafint‚
676 1983 750 2007 vos,
771 1975 825 2014 qui
843 1975 1005 2015 ignoratn,
1028 1973 1061 2004 &

100 2015 296 2056 exspeEtatis‚
322 2015 394 2045 scire
412 2012 536 2055 poffitis.
573 2014 743 2054 Principio,
762 2024 795 2045 ut
814 2015 941 2045 Catilina
958 2016 1060 2055 paucis

99 2066 169 2087 ante
184 2057 289 2087 diebus
300 2058 396 2096 erupit
415 2066 454 2086 ex
475 2055 566 2090 urbe,
586 2054 658 2086 cum
672 2056 789 2086 sceleris
802 2056 848 2086 sui
865 2056 960 2086 socios
973 2076 981 2089 ‚
1002 2057 1060 2086 hu-

100 2099 182 2139 jusce
193 2098 299 2129 nefarii
308 2098 380 2128 belli
390 2099 550 2129 acerrimos
560 2097 650 2128 duces
660 2101 752 2127 Roma
760 2097 913 2139 reliquiffet
921 2108 932 2125 :
943 2098 1060 2138 semper

99 2141 245 2182 vigilavi,
267 2140 450 2180 &providi‚
470 2141 623 2179 Qirites.
665 2139 905 2170 uemadmodum
915 2141 949 2169 in
959 2141 1059 2174 tanti&

102 2182 205 2213 &tam
217 2179 531 2213 obsconditisinfidiis
541 2182 614 2211 salvi
626 2150 683 2211 eg‘e
691 2180 853 2222 possemus.
879 2184 962 2212 Nam
981 2190 1058 2215 tum,

97 2223 174 2255 cum
189 2233 229 2254 ex
249 2223 321 2253 urbe
340 2223 500 2253 Catilinam
514 2223 672 2262 ejiciebam
691 2225 863 2262 (nonenim
881 2223 944 2264 jam
954 2233 1060 2254 vereor

101 2266 193 2306 hujus
203 2266 286 2296 verbi
300 2264 448 2296 invidiam
459 2284 468 2299 2
486 2262 557 2295 cum
575 2264 627 2295 illa
640 2267 734 2306 magis
745 2264 780 2296 fit
797 2265 930 2296 timenda
942 2285 951 2299 ,
972 2263 1056 2306 quod

101 2309 191 2338 vivus
201 2307 321 2348 exierit)
344 2306 393 2337 sed
404 2315 469 2337 tum
480 2326 489 2341 ‚
506 2305 580 2336 cum
594 2306 685 2336 illum
696 2309 891 2338 exterminari
902 2307 1057 2341 volebam;

100 2359 151 2380 aut
160 2350 306 2391 reliquam
319 2349 545 2388 conjuratorum
564 2358 690 2378 manum
704 2347 793 2380 fimul
813 2350 962 2380 exituram
975 2369 984 2382 ‚
1008 2357 1058 2379 aut

100 2402 154 2422 eos
169 2396 187 2418 4
197 2394 248 2433 qui
263 2389 452 2425 restitissent,
475 2389 616 2421 infirmos
630 2389 692 2421 fine
707 2391 763 2421 illo
776 2411 784 2425 ‚
805 2400 838 2421 ac
856 2391 982 2421 debileis
992 2389 1057 2421 fore

100 2434 251 2473 putabam.
277 2435 291 2459 5
300 2441 327 2463 at
349 2442 385 2462 ue
395 2442 469 2474 ego,
490 2441 523 2462 ut
532 2432 596 2462 vidi
612 2453 621 2466 ,
641 2442 717 2473 quos
731 2435 870 2463 maximo
880 2431 980 2463 furore
994 2452 1002 2466 ‚
1024 2432 1058 2463 δε

101 2475 209 2507 scelere
223 2473 323 2504 cffein
348 2473 652 2508 ammatossciebam,
673 2484 725 2505 eos
747 2475 909 2505 nobiscum
927 2473 1003 2508 effe,
1024 2474 1058 2504 ὃ(

102 2520 212 2548 Romae
226 2514 413 2546 remansiss'e:
437 2518 471 2546 in
488 2526 525 2546 eo
543 2517 664 2546 omneis
683 2516 765 2551 dies,
786 2516 962 2557 no&eisque
980 2525 1058 2547 con·

103 2557 211 2594 sumfi,
231 2566 281 2593 ut,
303 2557 376 2600 quid
390 2566 504 2599 agerem
516 2577 525 2593 ‚
549 2557 622 2600 quid
637 2558 821 2593 molirentur,
843 2559 984 2589 sentirem
997 2578 1007 2593 ‚
1026 2568 1058 2589 ac

103 2695 127 2714 1.
235 2687 263 2710 Ui
271 2686 333 2710 hanc
341 2685 422 2709 urbem
430 2683 531 2709 condidit
538 2683 684 2717 Romulum]
705 2683 737 2709 Ρ.
748 2681 886 2709 Manutius
905 2681 993 2709 omisit
1012 2686 1058 2709 Rv-

235 2723 332 2753 mulum‚·
342 2719 412 2755 quod
423 2719 559 2746 indicasset
569 2721 692 2746 Muretus
703 2717 813 2746 abfuiss'e
824 2717 857 2744 ab
867 2727 919 2744 uno
930 2717 987 2745 mss.
998 2718 1058 2745 suo-

236 2766 306 2783 rum.
326 2757 354 2782 &
375 2765 438 2782 vero
455 2766 506 2783 non
520 2763 655 2793 comparet
665 2756 692 2782 in
704 2755 780 2783 liitt.
790 2753 833 2781 sed
845 2762 933 2781 tamen
944 2764 1003 2781 cum
1015 2764 1058 2782 re-

101 2794 187 2822 stetin
199 2801 239 2820 tot
250 2794 307 2819 aliis
319 2792 414 2819 nostris
426 2811 435 2823 ,
453 2802 505 2819 non
517 2792 670 2819 exturbavi.

138 2839 167 2856 2.
186 2831 257 2855 ‘I'eflis
267 2839 296 2855 ac
305 2829 562 2863 moenibuefithjm‘los]
581 2829 622 2855 Ita
633 2828 687 2855 Pal.
699 2827 748 2854 sce.
759 2827 814 2854 Ah.
825 2826 900 2853 Hitt.
913 2827 941 2853 &
953 2826 1058 2854 Uverd.

103 2876 136 2893 ne
158 2876 188 2893 uc
199 2866 269 2892 fiacus
280 2864 364 2892 editio
374 2863 561 2900 antiquiffima.
571 2865 739 2901 posteriores,
750 2864 816 2890 tetris
825 2863 1060 2897 omnibmsuly'eHos.

106 2902 140 2928 Al
165 2922 171 2928 .
183 2902 318 2929 Manutius
331 2910 409 2937 nepos
419 2900 565 2937 publicavit
575 2921 584 2935 ‚
595 2902 658 2928 tanis
668 2902 773 2927 omnibus
781 2909 810 2926 ac
819 2900 1061 2934 moenibmsulgjeHas,

104 2938 192 2964 minus
205 2937 288 2964 reete.

144 2982 170 3008 3.
189 2975 282 3000 Gladios
299 2976 326 2999 in
339 2981 410 3006 remp.
421 2973 536 3006 dastriffis
547 2972 703 3008 retudimus]
719 2974 750 2999 Iu
762 2971 862 2998 Colon.
871 2978 929 2998 erat
940 2991 949 3003 ‚
968 2972 1060 3006 retrosi-

104 3019 168 3041 mus,
179 3011 248 3036 uude
258 3009 349 3036 lubens
361 3009 455 3036 fecerit
464 3009 626 3036 Gulielmius
639 3029 647 3042 ,
667 3011 812 3043 rttorst'mm:
834 3017 954 3044 quamvis
974 3007 1061 3035 fuerat

106 3046 152 3082 qui
163 3053 302 3072 annotarat
311 3046 336 3072 in
348 3046 396 3072 illo
407 3046 475 3072 libro
485 3047 630 3079 retruſsmus.
875 3056 878 3058 ’

143 3090 171 3114 4,
190 3083 238 3114 Qi
247 3082 400 3116 restitisti-nr]
421 3083 462 3108 lta
471 3082 556 3118 prima
567 3091 671 3117 quoque
681 3080 764 3108 editio
776 3098 784 3112 ‚
803 3080 840 3107 ita
849 3079 989 3107 Vi&0rin:1
1001 3099 1009 3112 ,
1028 3089 1061 3106 ne

106 3117 155 3144 hoc
167 3117 236 3143 forte
247 3117 291 3143 fibi
302 3118 474 3145 Lambiniana
483 3125 601 3153 arroget.
622 3117 715 3144 mediae
724 3117 807 3143 aetatis
820 3136 828 3149 ‚
840 3117 1008 3150 remanJ{s]1'nt.

145 3162 170 3187 5.
190 3157 279 3187 alisque
289 3161 357 3187 egoni
368 3155 422 3179 ‘vidi
433 3173 442 3185 ‚
459 3163 514 3187 quos
524 3154 579 3188 ὡκ]
600 3154 697 3180 Lectio
708 3152 844 3189 impedita.
864 3153 979 3188 pendent
990 3152 1060 3178 enim

103 3189 191 3218 isthmo:
209 3189 294 3217 adhuc
311 3190 326 3217 a
338 3188 524 3225 superioribus.
542 3190 633 3226 itaque
645 3190 690 3217 vix
700 3189 736 3217 est
748 3196 840 3216 utnon
850 3188 946 3216 debeat
956 3187 1061 3215 rescribi

1108 962 1243 993 viderem
1256 972 1261 991 :
1281 969 1314 992 ut
1322 982 1331 995 .
1345 961 1492 1003 quoniam
1502 958 1622 990 auribus
1631 957 1737 990 vestris
1746 978 1755 992 ‚

1110 1005 1173 1036 lem
1184 1003 1428 1046 magnitudinem
1441 1002 1558 1033 sceleris
1570 1021 1577 1033 ‚
1599 1003 1756 1031 minorem

1108 1049 1153 1078 tio
1163 1056 1232 1076 mea
1249 1066 1258 1079 .
1278 1055 1343 1075 rem
1354 1046 1395 1075 ita
1402 1043 1691 1084 comprehenderem
1702 1063 1711 1076 ,
1722 1041 1739 1063 ⁶
1749 1050 1781 1073 ut
1792 1052 1857 1073 tum
1866 1041 1993 1072 demum
2003 1045 2070 1073 ani-

1108 1090 1168 1119 mis
1187 1088 1271 1119 saluti
1293 1086 1396 1118 vesttae
1424 1085 1622 1126 provideretis
1640 1105 1648 1119 ‚
1677 1084 1750 1116 cum
1774 1085 1857 1114 oculis
1881 1082 2068 1115 maleficium

1106 1131 1206 1171 ipsum
1216 1129 1369 1160 videretis.
1392 1131 1493 1169 Itaque
1508 1135 1541 1157 ut
1550 1128 1685 1167 comperi
1697 1147 1705 1161 ‚
1725 1127 1837 1169 legatos
1852 1126 2067 1168 Allobrogum,

1105 1172 1178 1203 belli
1188 1172 1382 1211 Transalpini
1395 1190 1403 1203 ‚
1427 1169 1619 1200 &tumultus
1630 1169 1739 1199 Gallici
1757 1167 1910 1199 excitandi
1928 1168 2011 1198 causa
2022 1188 2031 1202 ,
2053 1168 2070 1199 Ta

1105 1217 1138 1246 Ρ.
1151 1213 1285 1245 Lentulo
1295 1211 1355 1244 effe
1364 1212 1542 1244 sollicitatos
1553 1231 1562 1245 ,
1581 1210 1689 1252 eosque
1699 1213 1731 1241 in
1743 1211 1875 1241 Galliam
1888 1210 1923 1241 ad
1938 1209 2007 1240 suos
2024 1211 2069 1240 ci-

1103 1258 1170 1287 veis
1181 1276 1189 1291 ,
1210 1255 1320 1286 eodem
1334 1257 1440 1285 itinere
1450 1274 1459 1288 ‚
1470 1263 1542 1284 cum
1552 1254 1657 1283 litteris
1667 1272 1676 1287 ,
1695 1253 1903 1294 mandatisque
1913 1271 1922 1285 ,
1943 1251 1979 1282 ad
1988 1253 2068 1282 Cati-

1104 1298 1199 1329 linam
1209 1296 1267 1328 esse
1277 1294 1393 1331 miffos,
1402 1298 1610 1336 comitemque
1627 1296 1663 1324 iis
1671 1293 1849 1335 adJunEfflm
1864 1294 2069 1328 Vulturcium.

1103 1350 1191 1381 atque
1201 1341 1273 1370 huic
1284 1339 1363 1370 datas
1374 1337 1431 1369 esse
1442 1337 1477 1368 ad
1490 1338 1650 1368 Catilinam
1663 1337 1773 1368 litteras
1785 1347 1791 1365 z
1810 1335 1979 1366 facultatem
1991 1337 2070 1365 mihi

1105 1382 1237 1412 oblatam
1257 1383 1359 1423 putavi
1372 1402 1381 1414 ,
1402 1389 1454 1414 ut,
1475 1379 1557 1421 quod
1576 1387 1637 1409 erat
1653 1377 1876 1409 difficillimum
1896 1398 1906 1411 ,
1929 1377 2071 1418 quodque

1105 1434 1161 1466 ego
1173 1425 1289 1465 semper
1302 1423 1441 1463 optabam
1453 1422 1468 1453 a
1484 1422 1545 1452 diis
1555 1420 1778 1451 immortalibus
1788 1440 1797 1454 ‚
1818 1428 1880 1450 tota
1889 1428 1934 1449 res
1946 1428 2010 1449 non
2021 1419 2071 1448 so-

1101 1466 1166 1496 lum
1176 1466 1191 1496 a
1202 1476 1252 1496 me
1262 1486 1270 1500 ‚
1285 1466 1333 1496 sed
1343 1467 1433 1495 etiam
1444 1464 1459 1494 a
1470 1464 1570 1494 senatu
1581 1484 1590 1496 ,
1603 1463 1636 1493 δε
1646 1462 1661 1494 a
1671 1462 1759 1493 vobis
1775 1459 1919 1500 manifesti»
1927 1460 2072 1501 deprehen-

1103 1508 1221 1537 deretur.
1252 1510 1352 1549 Itaque
1362 1505 1500 1537 hesterno
1511 1505 1559 1536 die
1573 1507 1606 1535 L.
1618 1506 1757 1535 Flaccum
1771 1524 1780 1538 ,
1793 1504 1825 1534 &
1844 1506 1877 1534 C.
1890 1504 2071 1534 Pomtinum

1099 1559 1239 1590 praetores
1249 1548 1528 1589 fortiffimos,atque
1537 1544 1759 1578 amantissimos
1768 1545 1895 1586 reipubl.
1906 1546 1999 1578 viros,
2011 1548 2025 1573 7
2034 1543 2070 1575 ad

1102 1602 1152 1623 me
1161 1594 1344 1623 vocavitrem
1355 1600 1485 1621 omnem
1497 1589 1629 1630 exposui:
1642 1589 1716 1630 quid
1728 1587 1791 1618 fieri
1800 1585 2069 1628 placeret‚ostendi.

1100 1635 1150 1665 Illi
1160 1636 1328 1676 autem,qui
1338 1634 1444 1664 omnia
1454 1632 1490 1662 de
1499 1630 1616 1672 republ,
1627 1631 1772 1671 praeclara,
1784 1639 1870 1670 atque
1879 1631 1994 1670 egregia
2004 1628 2072 1658 sen-

1102 1678 1193 1707 tirent
1204 1697 1213 1711 ‚
1236 1675 1297 1707 fine
1306 1676 1490 1707 recusatione
1502 1694 1510 1707 ‚
1524 1684 1556 1704 ac
1564 1672 1625 1703 fine
1632 1673 1693 1703 ulla
1702 1681 1787 1702 mora
1799 1674 1958 1711 negotium
1970 1670 2067 1700 susce-

1101 1728 1211 1759 perunt
1220 1739 1229 1753 ,
1252 1719 1286 1749 &
1295 1718 1368 1749 cum
1385 1715 1634 1757 advesperasceret
1643 1734 1652 1749 ‚
1673 1713 1790 1745 occulte
1802 1713 1837 1744 ad
1848 1721 1975 1754 pontem
1986 1712 2071 1742 Mul-

1102 1763 1189 1791 vium
1199 1768 1402 1802 pervenerunt
1413 1770 1418 1789 :
1430 1767 1516 1800 atque
1527 1757 1571 1788 ibi
1581 1759 1615 1787 in
1625 1757 1778 1797 proximis
1796 1756 1879 1785 villis
1888 1756 1928 1785 ita
1938 1754 2071 1794 bipartiti

1100 1802 1272 1837 fuerunt,ut
1282 1802 1402 1834 Tiberis
1416 1803 1494 1831 inter
1503 1799 1606 1833 eoa&
1614 1808 1692 1839 pons
1702 1796 1864 1829 interesset.
1887 1796 2006 1827 Eodem
2016 1806 2070 1826 au-

1102 1853 1165 1876 tem
1176 1845 1208 1876 &
1219 1844 1272 1886 ipfi
1280 1843 1340 1875 fine
1355 1843 1532 1884 cujusquam
1551 1841 1719 1881 suspicione
1732 1840 1847 1870 multos
1865 1838 1969 1869 forteis
1987 1839 2071 1869 viros

1101 1888 1272 1918 eduxerunt
1280 1907 1289 1921 ,
1310 1887 1343 1918 &
1352 1896 1408 1928 ego
1420 1895 1459 1915 ex
1470 1882 1641 1925 praescitur-a
1650 1884 1778 1914 Reatina
1791 1881 1975 1922 complureis
1984 1880 2068 1910 dele-

1100 1928 1165 1960 &os
1174 1929 1399 1962 adolescenteis,
1410 1923 1425 1946 8
1433 1935 1565 1967 quorum
1576 1935 1665 1965 opera
1671 1933 1740 1955 utor
1748 1922 1861 1955 assidue
1872 1925 1906 1953 in
1916 1924 2067 1963 reip.prae-

1101 1970 1176 2002 sidio
1187 1992 1195 2005 ,
1215 1981 1286 2002 cum
1297 1970 1403 2012 gladiis
1416 1968 1565 1999 miseram.
1588 1968 1717 1997 Interim
1728 1967 1812 1995 tertia
1823 1964 1886 1995 fere
1899 1965 2004 2005 vigilia
2014 1973 2070 1993 ex·

1101 2012 1175 2047 aeta,
1184 2012 1256 2043 cum
1263 2014 1273 2052 j
1278 2022 1325 2042 arn
1330 2018 1444 2053 pontem
1455 2009 1611 2039 Mulvium
1621 2017 1691 2038 cum
1701 2016 1814 2048 magno
1823 2007 1969 2036 comitatu
1979 2005 2068 2046 legati

1101 2054 1305 2095 Allobrogum
1316 2052 1431 2093 ingredi
1442 2052 1609 2090 inciperent
1621 2069 1629 2083 ,
1643 2058 1759 2089 unaque
1770 2049 1962 2078 Vulturcius:
1986 2046 2020 2077 fit
2035 2049 2071 2077 in

1102 2105 1155 2127 eos
1165 2097 1296 2136 impetus
1308 2105 1314 2124 :
1337 2094 1507 2125 educuntur
1519 2092 1553 2122 &
1566 2091 1602 2121 ab
1616 2091 1677 2120 illis
1687 2090 1796 2132 gladii,
1809 2089 1842 2120 &t
1851 2089 1866 2119 a
1876 2088 1998 2119 nostris.
2020 2098 2070 2118 res

1100 2147 1160 2169 erat
1169 2136 1346 2178 praetoribus
1360 2144 1432 2166 nota
1445 2134 1535 2165 solis:
1558 2132 1748 2174 ignorabatur
1757 2132 1773 2162 a
1783 2132 1899 2162 ceteris.
1922 2133 2008 2162 Tum
2022 2131 2067 2159 in-

1099 2186 1231 2210 terventu
1249 2179 1386 2210 Pomtini
1398 2197 1406 2211 ,
1437 2185 1524 2217 atque
1541 2176 1637 2205 Flacci
1653 2194 1661 2208 ‚
1680 2183 1779 2216 pugna
1790 2193 1798 2207 ,
1818 2183 1884 2214 quae
1905 2181 1964 2203 erat
1979 2182 2069 2203 com-

1098 2220 1183 2252 missii
1193 2241 1202 2255 ,
1222 2220 1343 2252 sedatur.
1379 2219 1476 2248 littera
1487 2238 1495 2252 ‚
1509 2226 1707 2259 quaecumque
1717 2224 1800 2246 erant
1810 2217 1844 2245 in
1856 2225 1893 2245 eo
1903 2216 2063 2248 comitatu,

1098 2265 1221 2304 integris
1233 2261 1322 2305 signis
1332 2281 1341 2296 ,
1367 2259 1544 2301 praetoribus
1566 2258 1737 2290 traduntur:
1760 2256 1815 2298 ipfi
1835 2254 2044 2297 comprehensi
2054 2276 2064 2291 ,

1097 2305 1133 2336 ad
1142 2315 1192 2336 me
1203 2324 1212 2339 ,
1225 2304 1298 2336 curn
1306 2305 1371 2344 jam
1382 2302 1574 2333 dilucesceret
1584 2320 1592 2334 ‚
1610 2300 1812 2331 deducuntur.
1839 2301 1938 2340 Atque
1952 2300 2064 2329 horum

1097 2349 1242 2377 omnium
1261 2347 1407 2378 scelerum
1429 2341 1686 2384 improbissimum
1715 2342 1956 2372 machinatorem
1980 2342 2066 2371 Cim-

1098 2390 1189 2420 brum
1201 2388 1370 2419 Gabinium
1381 2407 1390 2421 ‚
1411 2385 1511 2417 statim
1529 2384 1565 2415 ad
1576 2394 1627 2415 me
1639 2404 1648 2418 ,
1668 2383 1826 2415 nihildum
1845 2383 2042 2423 suspicantem
2052 2401 2062 2416 .

1098 2432 1216 2462 vocavi.
1239 2429 1361 2461 Deinde
1374 2428 1456 2459 idem
1470 2424 1621 2459 arcessitur
1630 2429 1659 2457 P.
1670 2426 1803 2457 Statilius
1818 2445 1826 2459 ,
1851 2425 1884 2455 &
1905 2423 1973 2465 post
1993 2434 2064 2454 eum

1100 2476 1132 2504 C.
1159 2473 1315 2514 Cethegus.
1346 2468 1511 2502 tardiffime
1535 2478 1635 2499 autem
1653 2468 1803 2498 Lentulus
1824 2467 1909 2498 venit
1919 2486 1927 2499 ‚
1947 2469 1962 2492 9
1976 2466 2066 2496 credo

1102 2513 1186 2556 quod
1195 2515 1302 2546 litteris
1312 2512 1419 2544 dandis
1430 2532 1438 2546 ‚
1457 2518 1551 2552 prater
1569 2509 1794 2550 consuetudinem
1803 2528 1811 2542 ‚
1823 2509 1963 2548 proxima
1972 2506 2065 2537 nocte

1099 2557 1244 2599 vigilarat.
1267 2554 1347 2588 cum
1359 2553 1433 2587 vero
1443 2554 1571 2585 summis
1582 2571 1591 2586 ‚
1613 2562 1646 2583 ac
1654 2549 1825 2584 clarissimis
1838 2550 1889 2591 huj
1895 2559 1928 2580 us
1935 2551 2067 2580 civitatis

1979 2602 2067 2625 viris.

1771 966 1897 1030 ¹propter
1907 958 2070 990 incredibi⁶

1794 1000 1864 1031 dem
1882 999 1990 1031 faceret
2005 1011 2070 1032 ora-

1097 2691 1158 2711 cum
1170 2683 1227 2710 Pal.
1238 2682 1289 2710 sec.
1298 2691 1378 2718 atque
1390 2683 1464 2709 Hitt.
1477 2688 1545 2715 atque
1556 2689 1591 2713 ega
1600 2678 1665 2709 vidi,
1675 2677 1727 2708 dee.
1748 2676 1786 2703 ita
1796 2675 1906 2702 Plautus
1918 2684 1927 2715 z·
1945 2677 2007 2699 Dum
2017 2676 2067 2713 cis·-

1099 2721 1223 2753 cumspeflo
1235 2738 1242 2750 ,
1254 2727 1325 2753 atque
1334 2729 1368 2753 ego
1378 2726 1427 2744 tum
1437 2720 1533 2743 lembum
1547 2716 1662 2750 conspicor
1673 2732 1681 2745 ,
1699 2713 1752 2745 &a
1772 2716 1830 2740 tota
1840 2712 1911 2738 enim
1921 2709 1969 2738 illa
1978 2716 2067 2736 oratio

1101 2755 1164 2782 huic
1174 2755 1308 2782 simillima
1318 2756 1366 2782 est.

1136 2792 1165 2818 6.
1185 2795 1214 2817 Ut
1224 2798 1273 2818 tum
1282 2792 1372 2817 demum
1382 2790 1548 2822 animifffiiluti
1556 2785 1661 2820 vestra]
1685 2785 1729 2812 Est
1740 2785 1755 2812 :l
1765 2783 1921 2810 Victoriana
1932 2801 1939 2814 ‚
1956 2782 1983 2808 Sc
1994 2781 2065 2808 anti-

1101 2827 1250 2864 quioribus.
1269 2828 1353 2864 prima
1371 2835 1458 2853 tamen
1479 2835 1530 2851 non
1550 2823 1627 2850 habet
1643 2821 1710 2848 illud
1722 2822 1825 2853 animir5
1845 2829 1929 2855 neque
1941 2818 2062 2845 exstatin

1101 2863 1159 2890 Pal.
1178 2863 1228 2890 sec.
1248 2864 1294 2890 nisi
1314 2865 1329 2890 ἐι
1349 2864 1426 2889 nfanu
1440 2861 1550 2887 recenti.
1568 2859 1610 2886 sed
1621 2860 1647 2885 δε
1660 2859 1686 2884 iu
1697 2867 1767 2884 nono
1778 2863 1834 2883 erat
1847 2875 1855 2888 ,
1875 2863 1901 2881 ut
1913 2862 1962 2880 tum
1975 2855 2065 2879 demum

1100 2901 1171 2927 omnis
1182 2900 1350 2933 nesti-efiiluti.
1363 2899 1429 2925 adeo
1439 2905 1469 2924 ut
1480 2896 1590 2932 l'uspicer
1601 2893 1668 2922 illud
1679 2894 1776 2925 animis,
1788 2892 1838 2919 esse
1849 2894 1865 2918 τὶ
1876 2900 1954 2918 mauu
1966 2891 2046 2916 mala.

1137 2945 1165 2971 7.
1184 2936 1280 2964 tAnime
1290 2935 1403 2968 vocavi]
1425 2933 1505 2959 Liber
1525 2932 1590 2959 (jul.
1606 2930 1696 2958 Ahalae
1709 2949 1717 2962 ,
1736 2939 1789 2965 quo
1809 2928 1867 2955 usus
1886 2926 2063 2959 Gulielmius,

1103 2980 1208 2999 tantum
1220 2972 1329 2998 habebat
1339 2981 1387 3007 pro
1397 2971 1435 2996 his
1449 2989 1457 3001 ,
1476 2970 1609 3000 advocaem‘5
1620 2966 1705 2994 forsan
1717 2965 1802 2992 reStc⁰

1139 3008 1167 3034 8.
1186 3010 1288 3042 Qornm
1304 3016 1373 3039 opera
1391 3014 1444 3031 mor
1460 3005 1556 3037 adlisus?
1573 3007 1599 3030 in
1613 3002 1803 3037 rtip.p›⁴aefidio.]
1828 2999 1995 3026 Adnotatum
2007 3004 2064 3024 erat

1104 3045 1129 3071 in
1140 3044 1235 3071 eodem
1246 3044 1337 3070 Ahalx
1348 3042 1417 3068 libro
1428 3062 1436 3074 ,
1448 3043 1463 3068 a
1476 3042 1533 3068 viro
1544 3039 1658 3077 quodam
1669 3038 1751 3065 docio
1764 3057 1772 3071 ‚
1783 3038 1876 3071 adsidui}
1886 3035 2064 3069 rcip.pr.tsidiu.

1106 3091 1122 3107 o
1143 3088 1219 3107 time.

1124 3090 1169 3151 p9.
1189 3116 1260 3142 Credo
1269 3115 1329 3148 quod
1335 3114 1419 3140 litteris
1434 3113 1518 3140 dandis
1532 3120 1617 3146 prater
1627 3131 1635 3143 ,
1654 3111 1721 3145 chuc]
1743 3109 1800 3135 Pal.
1812 3109 1861 3134 sec.
1873 3108 1927 3134 Ah.
1940 3107 2064 3141 Hittorp.

1106 3151 1210 3178 Urerd.
1221 3155 1246 3177 in
1255 3151 1349 3176 litteris.
1369 3149 1412 3177 sed
1423 3150 1514 3176 malim
1526 3148 1597 3186 quod
1608 3148 1643 3174 est
1654 3149 1680 3174 in
1693 3145 1750 3172 Pal.
1762 3145 1838 3172 sexto
1848 3153 1878 3172 ac
1892 3153 1962 3172 nono
1974 3152 1982 3173 3
2002 3142 2067 3167 credo

1105 3188 1199 3222 quadiu
1208 3186 1294 3215 [meri-i
1302 3187 1434 3220 dispater,
1445 3187 1497 3218 ένϊ.
1517 3185 1569 3213 sine
1582 3193 1645 3211 voce
1656 3183 1752 3209 dandis.
2017 3211 2070 3240 di

1554 3223 1603 3249 Ee
1619 3229 1633 3246 e
1652 3228 1669 3245 2-
1973 3222 1997 3240 ι.
2056 3226 2060 3236 ι

2090 2143 2103 2175 3
