2295 3400
146 1138 183 1164 11

194 129 289 195 398
602 126 672 174 M.
753 123 1113 172 Tvntir

1194 122 1734 178 thzapours

197 209 407 252 proficiscens,
428 207 560 239 solebas?
577 207 591 237 ᾗ
604 207 688 246 :ujus
697 205 836 237 altaribus
852 205 925 246 (xpe
939 203 1025 235 istam
1044 203 1149 234 dexte·
1169 208 1176 244 ᾗ
1192 203 1218 234 se
1229 212 1291 233 non
1302 203 1532 233 contaminarunt
1542 223 1550 238 ‚
1569 204 1618 236 sed
1629 206 1719 235 etiam
1732 200 1909 240 honestarunt
1919 212 1930 232 :
1951 203 2030 235 certe
2044 213 2154 243 vereng-

145 253 188 278 ΙΟ
201 262 262 282 ram
276 253 399 293 impiam
410 250 444 280 ad
455 259 559 279 necem
568 250 685 279 civium
699 246 871 279 transtulisti
884 251 893 276 ἒ
909 247 972 279 Ibis
989 245 1111 276 tandem
1121 254 1152 276 a·
1173 250 1176 291 1
1195 243 1268 274 dum
1281 245 1357 274 milii
1368 255 1433 276 non
1442 253 1501 276 erat
1513 265 1521 280 ‚
1547 255 1585 276 ne
1593 246 1665 287 quid
1678 266 1686 280 ‚
1709 247 1767 277 hoc
1777 245 1918 286 parricida
1929 247 2045 277 civium
2063 249 2158 279 inter-

199 294 345 336 liquando
357 312 364 325 ‚
376 291 438 332 quo
450 290 664 330 tejampridem
675 299 724 320 tua
733 288 786 319 ista
795 288 939 328 cupiditas
950 286 1089 317 effrenata
1099 306 1106 320 ‚
1119 296 1152 318 ac

199 334 311 365 furiosa
324 344 352 363 ra
375 333 461 362 lebat.
485 334 593 373 Neque
612 333 696 362 enim
709 331 766 361 tibi
782 332 843 363 haec
854 340 898 361 res
908 328 990 360 affert
1000 329 1153 359 dolorem.

201 376 249 407 sed
260 343 409 417 quandiiu
429 374 638 404 incredibilem
659 373 856 413 voluptatem.
879 371 914 402 ad
928 373 1004 402 hanc
1014 380 1042 402 te
1052 379 1156 401 amen-

203 420 276 448 tiam
291 425 396 446 natura
412 417 543 456 peperit,
569 415 702 444 voluntas
719 416 871 447 exercuit,
886 414 1006 453 fortuna
1017 413 1154 446 servavit,

203 467 412 499 numquamtu
429 456 524 488 modo
543 458 643 487 otium
655 476 664 490 ‚
687 457 734 487 sed
755 456 919 486 nobellum
936 455 1082 498 quidem,
1101 452 1156 484 nisi

202 500 352 531 nefarium
362 499 541 539 concupisti.
565 498 671 529 mistus
682 509 712 528 es
720 508 758 529 ex
769 497 892 538 perditis
907 518 915 530 ‚
931 507 1016 538 atque
1024 496 1060 527 ab
1070 497 1157 526 omni

203 552 268 572 non
278 541 374 572 modo
387 540 506 572 fortuna
516 561 525 575 ,
539 551 647 571 verum
658 542 748 571 etiam
759 541 806 580 spe
818 538 968 570 derelictis
977 559 986 573 ,
997 537 1156 569 conflatam

203 584 416 624 improborum
440 593 576 614 manum.
609 581 670 613 Hic
682 592 713 612 tu
722 581 780 623 qua
792 582 890 612 laetitia
906 580 1076 621 perfruere?
1091 582 1157 620 qui-

204 626 258 656 bus
277 625 392 666 gaudiis
414 625 598 655 exsultabis?
617 634 728 665 quanta
747 626 778 654 in
795 624 947 663 voluptate
967 621 1141 653 bacchabere
1151 642 1158 655 ‚

204 666 277 698 cum
290 669 322 697 in
340 676 422 697 tanto
442 677 572 696 numero
588 676 710 697 tuorum
728 676 825 707 neque
844 666 938 694 audies
951 666 1047 694 virum
1059 663 1160 693 bonum

203 719 377 751 quemquam
388 729 397 742 ‚
416 719 502 750 neque
512 707 614 738 videbis
625 712 636 738 ἓ
648 708 694 738 Ad
705 709 793 747 hujus
802 709 871 738 vitae
883 706 1016 737 studium
1026 705 1162 736 meditati

206 752 252 780 illi
263 752 332 781 sunt
343 771 351 784 ‚
370 752 424 791 qui
434 753 572 780 seruntur
583 770 592 784 ‚
612 750 727 780 labores
737 752 781 779 tui
794 760 798 778 z
814 751 909 790 jacere
920 750 1006 779 humi
1017 758 1080 778 non
1091 758 1160 777 mo-

206 791 247 823 do
258 792 293 823 ad
304 791 502 823 obsidendum
521 791 655 833 stuprum
671 812 679 825 ,
699 791 804 822 verum
824 793 915 821 etiam
926 790 961 820 ad
973 789 1087 821 facinus
1104 789 1161 819 ob-

207 834 363 865 eundum:
384 835 507 877 vigilare
526 837 535 854 ¹
548 844 614 864 non
623 833 724 864 solum
746 831 937 863 insidiantem
951 833 1060 862 somno
1071 833 1162 861 mari-

208 885 311 907 torum
323 896 331 910 ,
350 876 458 906 verum
471 877 561 906 etiam
571 875 660 906 bonis
670 876 849 905 occisorum.
878 874 977 904 Habes
995 873 1046 903 ubi
1060 871 1161 902 osten·

205 926 249 948 tes
259 918 341 948 illam
351 918 521 958 praeclaram
531 927 612 947 tuam
628 918 803 958 patientiam
813 916 901 946 famis
913 935 922 948 ‚
948 914 1066 956 frigoris
1078 934 1086 947 ‚
1112 917 1161 944 in-

205 961 282 1001 opiae
300 970 399 991 rerum
413 971 418 989 z
443 960 552 1001 quibus
562 968 589 989 te
598 959 682 989 brevi
693 968 827 998 tempore
837 956 1012 988 confestum
1025 954 1083 985 csse
1095 956 1161 986 sen·

206 1003 272 1032 ties.
302 1005 435 1033 Tantum
446 1000 558 1041 profeci
567 1009 633 1031 tum
645 1020 652 1035 ‚
665 1004 676 1028 ³
689 999 759 1030 cum
771 1009 798 1030 te
809 1000 824 1030 a
834 999 988 1030 consulatu
999 997 1113 1038 repuli,
1130 1005 1162 1027 ut

207 1044 291 1074 exsul
301 1043 402 1083 potius
414 1052 522 1074 tentare
534 1062 542 1076 ‚
553 1043 644 1083 quam
655 1042 761 1072 consul
770 1051 878 1072 vexare
887 1050 983 1080 remp.
995 1038 1090 1079 poss'cs
1103 1048 1158 1068 :at-

207 1094 266 1126 que
275 1095 308 1116 ut
317 1086 346 1116 id
358 1105 366 1119 ‚
386 1084 468 1125 quod
479 1083 550 1114 esset
559 1093 612 1114 ate
622 1084 757 1114 scelerati:
769 1084 935 1123 susceptum
949 1102 957 1115 ‚
967 1082 1159 1112 latrocinium

207 1126 309 1168 potius
320 1147 328 1161 ‚
340 1126 430 1168 quam
441 1126 556 1156 bellum
567 1127 784 1156 nominaretur.
808 1128 901 1155 Nunc
911 1144 920 1158 ,
940 1123 995 1154 uta
1008 1132 1058 1152 me
1069 1142 1077 1156 ‚
1091 1125 1158 1153 P.C.

207 1168 358 1210 quandam
369 1169 461 1208 prope
473 1166 584 1207 justam
602 1169 702 1208 patria:
720 1168 944 1208 querimoniam
964 1164 1109 1198 detester,
1129 1173 1161 1193 ac

206 1212 360 1250 deprecer:
383 1212 524 1251 percipite
535 1229 543 1243 ,
562 1210 662 1250 quaeso
674 1229 683 1242 ‚
710 1210 868 1249 diligenter
878 1227 886 1242 ‚
907 1217 971 1248 quae
991 1206 1087 1236 dicam
1100 1226 1108 1239 ‚
1128 1205 1160 1235 ὃς

206 1262 240 1282 ea
248 1254 367 1292 penitus
376 1253 486 1282 animis
497 1250 600 1281 vestris
612 1271 620 1284 ,
633 1251 844 1292 mentibusque
856 1249 1004 1279 mandate.
1023 1250 1159 1281 Etenim,

206 1292 358 1324 simecum
371 1294 461 1334 patria
474 1313 483 1327 ‚
503 1294 656 1335 quaemihi
672 1294 738 1321 vira
751 1302 818 1322 mea
836 1292 936 1321 multo
953 1289 995 1320 est
1013 1290 1123 1319 carior:
1143 1287 1162 1318 fi

204 1335 316 1367 cuneta
335 1337 418 1366 Italia
428 1355 437 1369 ,
469 1333 490 1366 fi
507 1336 611 1365 omnis
632 1334 795 1374 respublica
820 1334 971 1374 loquatur:
996 1334 1040 1362 M.
1062 1331 1159 1364 Tulli,

227 1377 280 1408 uid
290 1379 350 1419 agis
361 1381 370 1407 ?
380 1387 453 1407 tune
463 1387 533 1407 eum
543 1397 552 1411 ‚
566 1386 658 1418 quem
669 1374 725 1406 essc²
735 1375 852 1405 hostem
863 1373 1036 1415 comperisti
1050 1384 1055 1402 :
1069 1383 1161 1414 quem

204 1387 314 1449 ducem
326 1419 397 1450 belli
407 1418 543 1449 futurum
560 1418 644 1449 vides
656 1439 664 1451 .
676 1427 766 1458 quem
777 1416 939 1458 exspec'tari
950 1418 1162 1456 imperatorem

206 1461 240 1491 in
250 1460 350 1491 castris
372 1460 505 1491 hostium
525 1461 616 1491 sentis
626 1480 634 1494 ‚
655 1459 810 1490 auctorem
832 1460 948 1490 sceleris
960 1478 968 1492 ‚
993 1459 1160 1498 principem

206 1503 426 1542 conjurationis
436 1523 444 1536 ‚
463 1511 652 1533 evocatorem
664 1502 818 1532 servorum
829 1521 839 1535 ,
860 1501 1016 1531 &civium
1029 1500 1162 1539 perdito-

206 1554 297 1578 rum,
319 1546 401 1574 exire
410 1546 529 1584 patieris
541 1564 549 1578 ,
568 1544 660 1574 utabs
673 1552 699 1574 te
720 1553 784 1573 non
802 1541 924 1573 emiss'us
943 1551 980 1572 ex
1000 1541 1071 1571 urbe
1082 1557 1096 1575 ,·
1111 1541 1159 1571 sed

206 1585 361 1617 immissus
370 1588 403 1617 in
415 1585 520 1616 urbem
528 1584 585 1616 esse
595 1585 728 1616 videatur
739 1589 750 1615 3
775 1594 878 1615 nonne
891 1586 971 1614 hunc
992 1585 1026 1614 in
1042 1582 1163 1613 vincula

207 1628 298 1662 duci,
321 1638 385 1658 non
395 1627 430 1658 ad
441 1637 571 1657 mortem
582 1629 663 1667 rapi,
685 1637 750 1657 non
759 1627 880 1657 summo
895 1626 1039 1666 supplicio
1050 1623 1162 1655 masta-

205 1672 233 1701 ri
247 1669 429 1710 imperabis?
448 1669 530 1710 Qid
541 1669 660 1699 tandem
681 1669 811 1709 impedit
829 1672 879 1698 te?
898 1667 989 1707 mosne
1001 1668 1160 1706 majorum?

207 1721 236 1742 at
247 1713 374 1752 persaepe
384 1712 473 1742 etiam
483 1713 589 1751 privati
608 1712 641 1740 in
652 1711 706 1740 hac
717 1710 868 1750 republica
877 1709 1058 1750 perniciosos
1071 1710 1163 1738 civeis

209 1763 308 1785 morte
317 1754 494 1784 multarunt.
519 1757 567 1782 An
577 1752 663 1793 leges,
682 1762 749 1793 quae
758 1752 794 1782 de
812 1753 928 1782 civium
949 1753 1161 1781 Romanorum

207 1795 355 1836 supplicio
366 1803 471 1836 rogata:
481 1794 569 1825 sunt?
588 1804 616 1824 at
626 1804 794 1835 numquam
817 1795 848 1823 in
860 1795 912 1823 hac
923 1793 994 1823 urbe
1013 1794 1054 1825 ii,
1076 1794 1129 1832 qui
1147 1792 1163 1821 a

207 1837 357 1877 republica
366 1836 541 1866 defecerunt
550 1856 558 1869 ,
567 1838 682 1866 civium
692 1837 758 1876 jura
767 1844 933 1866 tenuerunt.
947 1838 995 1864 An
1005 1835 1161 1867 invidiam,

206 1878 387 1920 posteritatis
396 1879 506 1908 times?
527 1878 695 1917 pra-‚claram
716 1876 789 1907 vero
808 1877 922 1917 populo
932 1879 970 1906 R.
990 1875 1080 1906 refers
1099 1886 1162 1915 gra-

207 1922 282 1950 tiam
293 1940 302 1954 ,
325 1922 377 1960 qui
389 1928 432 1953 te,
448 1920 609 1949 hominem
621 1928 671 1958 per
682 1928 709 1949 te
719 1921 876 1959 cognitum
888 1939 896 1952 ,
908 1918 990 1948 nulla
1001 1927 1161 1948 commen-

206 1961 329 1993 datione
338 1962 489 2001 majorum
502 1981 511 1995 ,
528 1969 588 1991 tam
598 1960 714 1991 mature
723 1961 757 1990 ad
769 1961 926 1991 summum
936 1961 1101 1999 imperium
1112 1969 1163 1999 per

207 2006 332 2034 omneis
342 2004 496 2033 honorum
514 2002 618 2045 gradus
630 2003 757 2036 extulit,
769 2001 788 2031 fi
800 2011 919 2042 propter
929 2001 1077 2031 invidiam
1092 2021 1101 2034 ,
1112 2009 1162 2030 aut

204 2046 331 2086 alicujus
340 2045 467 2085 periculi
480 2054 598 2074 metum
611 2044 736 2075 salutem
745 2046 861 2074 civium
883 2052 1005 2074 tuorum
1023 2043 1157 2084 negligis.

205 2087 262 2118 Sed
273 2107 283 2120 ,
301 2086 321 2116 fi
331 2088 399 2127 quis
410 2085 453 2116 est
462 2086 586 2116 invidiae
598 2094 712 2120 metm,
735 2096 811 2116 num
824 2085 867 2116 est
884 2086 1097 2116 vehementius
1115 2085 1160 2114 se-

203 2130 352 2162 veritatis,
377 2138 417 2158 ac=
434 2127 624 2158 fortitudinis
639 2128 765 2161 inwdia,
798 2127 894 2168 quam-
906 2129 1018 2157 inertiae
1031 2147 1040 2160 ,
1057 2136 1090 2157 ac
1109 2136 1161 2155 ne-

201 2172 306 2212 quitiae
331 2169 586 2210 pertimescenda?
616 2172 665 2199 An
677 2189 686 2203 ,
711 2168 784 2200 cum
797 2170 878 2199 bello
897 2168 1059 2199 vastabitur
1067 2168 1160 2202 Italia,

204 2212 395 2242 vexabuntur
404 2211 509 2245 urbes,
531 2210 774 2241 teetaardebunt:
798 2219 864 2241 tum
884 2220 911 2240 te
921 2220 985 2240 non
1004 2209 1159 2240 existimas

146 2265 158 2289 1
170 2266 188 2289 2
207 2253 320 2283 invidia
330 2253 452 2290 incendio
462 2252 712 2294 conflagraturum
728 2255 738 2281 ?
753 2253 810 2282 His
828 2262 884 2292 ego
895 2251 1081 2282 sanstiffimis
1100 2253 1159 2280 rei-

205 2295 334 2337 publicae
343 2294 468 2325 vocibus
479 2315 487 2328 ‚
500 2295 532 2324 δε
542 2304 649 2324 eorum
660 2295 826 2324 hominum
840 2313 847 2326 ,
860 2294 911 2334 qui
920 2293 1002 2323 idem
1014 2294 1155 2325 sentiunt,

207 2337 374 2370 mentibus,
384 2346 475 2376 pauca
484 2335 678 2376 respondebo.
697 2339 711 2355 ²
722 2338 785 2376 Ego
797 2355 805 2368 ,
818 2333 837 2364 si
849 2336 905 2365 hoc
915 2336 1068 2374 optimum
1078 2333 1157 2363 fa&u

201 2378 368 2419 judicarem
380 2398 388 2412 ,
400 2381 430 2408 P.
441 2380 473 2407 C.
489 2378 648 2407 Catilinam
660 2386 758 2407 morte
776 2377 913 2406 multari:
933 2378 1023 2406 unius
1039 2376 1157 2405 usuram

206 2422 287 2450 hora:
295 2420 450 2460 gladiatori
461 2418 508 2449 isti
525 2419 561 2449 ad
570 2419 737 2448 vivendum
755 2428 819 2448 non
837 2416 991 2448 dedifl'em.
1015 2418 1134 2447 Etenim
1148 2436 1156 2450 ‚

1175 295 1176 300 ¹
1196 284 1295 320 scoto,
1315 286 1437 318 invidiae
1447 288 1525 317 mihi
1547 289 1580 317 in
1589 287 1794 328 posteritatem
1813 287 1999 318 redundaret.

2054 289 2113 320 uod
2135 287 2154 319 fi

1197 338 1230 358 ea
1241 329 1318 358 mihi
1342 328 1476 359 maxime
1497 329 1703 369 impenderet:
1725 338 1826 360 tamen
1846 331 1904 359 hoc
1921 290 2156 370 animoffimper

1197 369 1241 400 fui
1255 389 1263 403 .
1278 379 1308 400 ut
1321 379 1492 402 ruvinum
1504 372 1612 401 virtute
1622 380 1735 411 partam
1748 391 1756 404 ‚
1766 371 1893 413 gloriam
1904 391 1913 406 ,
1933 381 1997 401 non
2008 372 2156 404 invidiam

1176 445 1178 455 Ι
1198 421 1344 451 putarem.
1360 415 1555 459 ‘Qiamquam
1566 413 1709 443 nonnulli
1721 413 1832 443 suntin
1840 414 1899 443 hoc
1908 413 2014 443 ordine
2026 433 2034 447 ,
2045 416 2097 454 qui
2107 422 2158 445 aut

1199 464 1250 487 ea,
1273 464 1338 494 quae
1358 456 1540 488 imminent,
1561 464 1626 484 non
1648 454 1785 485 videant:
1804 463 1855 484 aut
1873 464 1922 488 ea,
1943 465 2010 496 quae
2027 455 2153 490 vident,

1200 493 1404 525 dissimulent:
1426 498 1478 536 qui
1490 496 1572 535 spem
1584 497 1719 526 Catilinae
1729 495 1876 526 mollibus
1899 496 2054 527 sententiis
2074 497 2158 528 alue-

1177 541 1179 546 '
1200 546 1270 567 runt
1282 557 1289 570 ,
1308 538 1610 578 conjurationemque
1628 538 1782 576 nascentem
1802 557 1810 571 ,
1841 547 1905 567 non
1924 538 2074 569 credendo
2090 549 2159 570 cor-

1202 579 1428 610 roboraverunt.
1450 589 1581 620 quorum
1591 578 1801 609 au&oritatem
1812 579 1902 610 secuti
1914 580 2023 614 multi,
2034 590 2098 611 non
2110 581 2157 611 so-

1178 630 1180 646 :
1203 619 1269 650 lum
1283 621 1433 661 improbi,
1452 619 1662 651 verumetiam
1683 622 1833 661 imperiti,
1855 620 1876 650 sl
1889 623 1920 651 in
1932 622 2158 653 huncanimad-

1203 661 1352 692 vertiss'em
1364 683 1373 696 ,
1385 662 1541 693 crudeliter
1553 682 1562 696 ‚
1578 663 1610 692 &
1620 663 1699 704 regie:
1709 661 1825 693 fafitum
1834 661 1891 692 effe
1902 662 2042 694 dicerent.
2066 666 2159 696 Nunc

1202 704 1340 745 intelligo
1354 724 1362 738 ‚
1385 703 1486 738 siiste,
1506 703 1567 746 quo
1589 704 1741 738 intendit,
1762 705 1794 734 in
1813 705 1967 736 Manliana
1983 705 2072 737 castra
2091 716 2160 746 per-

1202 755 1317 776 venerit
1333 767 1342 780 ,
1365 748 1523 776 neminem
1535 755 1593 776 tam
1605 745 1731 788 stultum
1745 745 1809 776 fore
1821 766 1829 780 ‚
1841 748 1893 787 qui
1902 757 1966 777 non
1975 747 2074 778 videat
2083 758 2159 778 con-

1199 789 1384 827 jurationem
1405 787 1461 818 effe
1483 787 1608 818 faetam:
1632 790 1789 818 neminem
1811 796 1871 819 tam
1890 789 2083 829 improbum,
2105 793 2158 831 qui

1203 839 1267 859 non
1286 828 1419 860 fateatur.
1452 832 1521 860 Hoc
1531 839 1631 860 autem
1646 840 1708 860 uno
1726 829 1886 860 interfeElm
1897 850 1906 864 ,
1927 831 2066 872 intelligo
2082 832 2158 863 hanc

1201 871 1316 910 reipub.
1326 871 1439 911 pestem
1449 872 1608 912 paullisper
1618 873 1752 912 reprimi,
1763 881 1828 901 non
1841 873 1874 902 in
1884 881 2060 913 perpetuum
2070 883 2158 905 com-

1201 914 1292 951 primi
1303 912 1396 952 posse.
1420 912 1510 953 Qod
1530 912 1589 943 sise
1603 914 1741 953 ejecerit,
1759 914 1919 954 secumque
1929 915 1997 945 suos
2008 914 2156 950 eduxerit,

1204 954 1353 985 &eodem
1360 964 1474 986 ceteros
1485 954 1618 996 undique
1636 954 1756 985 nouenos
1775 953 1924 996 naufragos
1942 958 2157 998 aggregaverit:

1200 994 1423 1037 exstinguetur,
1444 1006 1530 1038 atque
1549 996 1698 1027 delebitur
1713 1007 1777 1028 non
1793 997 1887 1027 modo
1901 998 1965 1028 haec
1984 1007 2045 1029 tam
2058 998 2159 1030 adulta

1201 1037 1372 1078 reippcstis
1385 1058 1392 1071 ‚
1411 1048 1517 1069 verum
1538 1041 1627 1069 etiam
1646 1038 1753 1079 stirps,
1780 1049 1813 1069 ac
1831 1039 1933 1070 semen
1950 1040 2102 1071 malorum
2122 1051 2158 1071 o-

1202 1082 1333 1109 mnium.
1370 1083 1492 1110 Etenim
1500 1080 1630 1120 jamdiu,
1645 1083 1713 1111 P.C.
1724 1083 1756 1111 in
1766 1082 1813 1111 his
1823 1082 1963 1121 periculis
1973 1083 2158 1122 conjuratio-

1203 1122 1250 1150 nis
1262 1140 1270 1154 ,
1290 1120 1463 1163 insidiisque
1473 1123 1639 1152 versamur:
1659 1122 1708 1153 sed
1726 1123 1898 1163 nescioquo
1916 1122 2004 1163 paGto
2013 1126 2158 1155 omnium

1202 1163 1346 1192 scelerum
1357 1182 1365 1197 ‚
1386 1173 1418 1194 ac
1429 1166 1535 1194 veteris
1544 1163 1653 1194 furoris
1664 1183 1673 1197 ‚
1694 1163 1726 1194 ὃ(
1735 1163 1863 1194 audaciae
1875 1167 2028 1195 maturitas
2052 1167 2083 1196 in
2101 1176 2160 1198 no·-

1203 1203 1253 1234 stri
1271 1205 1442 1235 consulatus
1464 1214 1584 1245 tempus
1601 1207 1707 1245 erupit.
1727 1205 1816 1244 Quod
1827 1204 1847 1235 fi
1857 1215 1895 1235 ex
1907 1212 1990 1237 tanto
1999 1206 2160 1238 latrocinio

1203 1245 1257 1276 iste
1267 1256 1344 1276 unus
1355 1246 1494 1276 tolletur:
1521 1246 1695 1276 videbimur
1711 1245 1829 1277 fortass'e
1846 1247 1882 1276 ad
1901 1247 1990 1278 breve
2004 1248 2158 1289 quoddam

1204 1296 1322 1327 tempus
1331 1298 1399 1318 cura
1409 1308 1417 1322 ,
1440 1288 1472 1318 &
1482 1298 1565 1318 metu
1579 1287 1636 1318 effe
1646 1289 1768 1319 relevati
1780 1299 1785 1318 :
1807 1289 1978 1328 periculum
1997 1299 2097 1322 autem
2113 1301 2160 1322 re-

1203 1328 1307 1360 sidebit
1318 1349 1325 1364 ‚
1339 1329 1371 1360 &
1381 1332 1438 1360 erit
1446 1330 1598 1361 inclusum
1610 1331 1728 1370 penitus
1747 1331 1776 1360 in
1786 1331 1861 1360 venis
1871 1350 1879 1364 ,
1899 1339 1986 1372 atque
1994 1333 2028 1362 in
2037 1325 2160 1364 viscerf-

1204 1371 1257 1402 bus
1266 1373 1337 1411 reip.
1361 1374 1404 1402 Ut
1412 1372 1487 1412 saepe
1505 1381 1657 1402 ΗοΜιΝεε
1671 1374 1742 1414 aegri
1753 1373 1863 1403 morbo
1873 1375 1972 1413 gravi,
1991 1383 2063 1404 cum
2074 1373 2158 1410 aestu,

1200 1412 1335 1454 febrique
1342 1413 1491 1453 ja&antur
1499 1433 1508 1448 ‚
1529 1412 1550 1444 fi
1559 1424 1665 1455 aquam
1674 1413 1804 1455 gelidam
1830 1414 1962 1445 biberint
1973 1435 1982 1449 ‚
2001 1415 2103 1455 primo
2112 1426 2161 1447 re-

1202 1456 1293 1485 levari
1307 1455 1464 1486 videntur:
1484 1455 1595 1486 deinde
1615 1458 1715 1487 multo
1732 1458 1868 1496 graviuS‚
1890 1454 2160 1499 vehementiusque

1201 1496 1397 1528 afflietantur:
1421 1496 1458 1527 sic
1473 1499 1522 1528 hic
1542 1497 1686 1532 morbus,
1708 1500 1760 1539 qui
1779 1497 1822 1528 est
1839 1500 1871 1528 iti
1890 1499 1994 1538 repub.
2012 1500 2159 1530 relevatus

1201 1538 1286 1569 istius
1296 1549 1391 1579 paena,
1401 1539 1614 1570 vehementius
1625 1541 1705 1570 vivis
1720 1539 1843 1581 reliquis
1862 1541 2053 1581 ingravescet.
2077 1544 2160 1582 Qa-

1201 1591 1232 1612 re
1245 1601 1254 1614 ,
1276 1584 1307 1612 P.
1320 1583 1352 1612 C.
1362 1581 1659 1621 secedantimprobi‚
1681 1581 1832 1612 secernant
1846 1581 1874 1611 se
1891 1582 1908 1611 a
1927 1581 2035 1616 bonis,
2058 1589 2175 1614 unum'

1202 1625 1235 1653 in
1246 1623 1349 1653 locum
1358 1633 1589 1665 congregentur:
1607 1633 1696 1653 muro
1707 1623 1836 1664 denique
1848 1642 1857 1657 ‚
1874 1623 1905 1653 id
1915 1624 1997 1664 quod
2008 1624 2082 1664 saepe
2092 1625 2157 1665 jam

1202 1664 1287 1699 dixi,
1298 1665 1484 1695 secernantur
1493 1664 1508 1695 ὲ
1519 1665 1608 1695 nobis
1619 1675 1625 1694 ε
1638 1663 1772 1695 desinant
1780 1663 1911 1694 infidiari
1919 1666 2006 1696 domi
2016 1665 2073 1696 suae
2083 1676 2159 1697 con-

1203 1706 1279 1740 suli,
1296 1706 1486 1737 circumstare
1497 1706 1774 1746 tribunalpraetotis
1787 1705 1913 1740 urbani,
1934 1705 2066 1737 obsidere
2083 1718 2157 1739 cum

1201 1748 1306 1789 gladiis
1319 1750 1430 1779 curiam
1444 1752 1478 1782 ,4
1487 1748 1647 1779 malleolos
1657 1748 1690 1778 &
1700 1747 1788 1778 faceis
1798 1747 1833 1778 ad
1847 1746 2096 1779 inflammandam
2107 1759 2159 1780 ur-

1203 1791 1271 1820 bem
1284 1800 1463 1830 comparare.
1488 1789 1522 1820 sit
1535 1790 1664 1831 denique
1678 1790 1844 1831 inscriptum
1863 1790 1892 1818 in
1908 1789 1996 1826 fronte
2016 1791 2158 1822 uniuscu-

1201 1833 1306 1872 jusque
1318 1834 1409 1866 civis,
1431 1831 1504 1874 quid
1521 1831 1558 1862 de
1568 1842 1631 1872 rep.
1651 1832 1765 1862 sentiat.
1797 1831 1948 1862 Polliceor
1966 1833 2025 1863 hoc
2042 1833 2130 1864 vobis
2144 1853 2155 1867 .

1201 1876 1231 1904 P.
1245 1877 1280 1903 C.
1291 1883 1402 1904 tantam
1413 1875 1444 1904 in
1455 1873 1546 1904 nobis
1566 1876 1650 1904 Coss.
1667 1872 1733 1903 fore
1750 1871 1940 1913 diligentiam
1951 1893 1960 1908 ,
1991 1883 2103 1905 tantam
2124 1876 2157 1907 in

1199 1916 1287 1946 vobis
1298 1915 1504 1946 auGtoritatem
1518 1936 1526 1949 ‚
1545 1924 1657 1946 tantam
1669 1917 1701 1945 in
1714 1916 1866 1955 equitibus
1884 1917 1978 1946 Rom.
2000 1917 2156 1951 virtutem,

1201 1965 1314 1987 tantam
1324 1959 1357 1987 in
1367 1957 1511 1987 omnibus
1519 1958 1606 1987 bonis
1615 1956 1808 1997 consensionem
1822 1977 1832 1990 ,
1860 1965 1893 1987 ut
1910 1957 2045 1989 Catilinae
2057 1958 2160 1998 profe-

1203 1998 1306 2029 &ione
1315 2001 1419 2029 omnia
1429 1997 1570 2039 patefaE‘ta
1580 2018 1589 2033 ‚
1599 1998 1742 2029 illustrata
1751 2019 1760 2032 ,
1771 1997 1906 2038 oppreffa
1916 2019 1924 2032 ‚
1936 1999 2086 2031 vindicata
2097 1999 2156 2031 effe

1201 2040 1335 2071 videatis.
1359 2041 1448 2071 Hisce
1459 2041 1635 2075 ominibus,
1652 2040 1779 2071 Catilina
1794 2061 1802 2074 ,
1823 2051 1894 2071 cum
1912 2041 2154 2082 summareipub.

1202 2084 1292 2113 salute
1303 2103 1312 2117 ‚
1333 2082 1366 2113 &
1374 2092 1445 2113 cum
1456 2092 1503 2113 tua
1510 2082 1590 2123 peste
1601 2103 1610 2116 ‚
1629 2093 1662 2113 ac
1670 2083 1804 2123 pernicie
1814 2102 1823 2115 2
1834 2092 1964 2124 Cumque
1973 2093 2080 2113 eorum
2090 2085 2156 2114 exi-

1201 2127 1244 2155 tio
1257 2145 1265 2158 ‚
1285 2126 1337 2165 qui
1350 2125 1377 2154 se
1389 2133 1487 2155 tecum
1498 2126 1586 2154 omni
1596 2124 1718 2157 scelere,
1741 2123 1959 2165 parricidioque
1965 2125 2135 2165 junxerunt
2144 2145 2155 2161 ‚

1200 2165 1385 2206 proficiscere
1402 2166 1437 2197 ad
1456 2168 1586 2206 impium
1606 2166 1722 2197 bellum
1734 2186 1743 2200 ,
1763 2176 1795 2196 ac
1815 2164 1975 2196 nefarium.
1998 2169 2082 2197 Tum
2102 2177 2133 2197 tu
2145 2187 2155 2201 ,

1197 2210 1329 2250 Jupiter,
1345 2209 1398 2248 qui
1408 2208 1516 2238 iisdem
1527 2228 1535 2242 ‚
1553 2208 1663 2248 quibus
1675 2209 1736 2238 haec
1744 2207 1813 2237 urbs
1823 2227 1832 2241 ,
1851 2208 1989 2247 auspiciis
1999 2208 2015 2238 a
2033 2210 2156 2239 Romu-

1202 2252 1232 2280 lo
1243 2260 1273 2280 es
1283 2249 1481 2279 constitutus:
1499 2259 1590 2289 quem
1602 2249 1744 2278 Statorem
1761 2249 1850 2288 hujus
1866 2249 1967 2283 urbis,
1988 2258 2075 2290 atque
2093 2252 2156 2280 im-

1201 2290 1353 2331 periivere
1363 2292 1577 2321 nominamus:
1598 2291 1680 2321 hunc
1694 2310 1703 2323 ,
1723 2289 1755 2319 &
1766 2290 1856 2329 hujus
1875 2290 1972 2320 socios
1983 2290 1999 2321 a
2009 2293 2067 2321 tuis
2083 2294 2152 2326 aris,

1201 2333 1362 2373 ceterisque
1379 2332 1518 2371 templis,
1530 2330 1655 2361 acteffis
1674 2331 1776 2363 urbis,
1794 2340 1828 2361 ac
1846 2331 2000 2361 moenibus
2014 2353 2022 2365 ,
2038 2331 2053 2362 a
2071 2335 2153 2368 vita,

1199 2373 1386 2413 fortunisque
1397 2375 1513 2403 civium
1529 2375 1673 2402 omnium
1685 2372 1814 2402 arcebis:
1834 2372 1868 2403 &
1879 2375 1999 2403 omneis
2009 2375 2155 2406 inimicos

1201 2415 1352 2445 bonorum
1364 2435 1373 2448 ,
1394 2413 1503 2444 hosteis
1512 2416 1611 2454 patriae
1624 2434 1633 2447 ,
1657 2414 1784 2444 latrones
1795 2415 1886 2445 Italiae
1896 2435 1904 2448 ,
1922 2415 2155 2455 fielerumfoede..

207 2461 229 2491 si
240 2462 348 2492 summi
358 2462 464 2495 viri‚&
478 2459 627 2490 clariffimi
636 2460 932 2493 cives.Saturnini,&
941 2460 1155 2490 Gracchorum,
1198 2467 1224 2485 re
1234 2458 1304 2486 inter
1311 2456 1341 2496 J}
1351 2476 1359 2490 ‚
1381 2466 1413 2486 ac
1424 2455 1536 2486 nefaria
1546 2456 1681 2486 societate
1690 2457 1758 2496 conj
1765 2455 1892 2492 un&os;
1912 2459 2031 2488 aetcmis
2040 2458 2154 2500 suppli-

209 2505 358 2538 &Flaccb
370 2503 600 2544 &superiorum
616 2504 820 2543 complurium
830 2502 971 2542 sanguine
989 2510 1054 2531 non
1064 2498 1159 2530 modo
1194 2501 1248 2529 ciis
1260 2500 1364 2532 vivos,
1386 2498 1579 2539 mortuosque
1596 2497 1752 2528 maetabis.

1878 2559 1950 2605 M.
1985 2558 2154 2605 TUL-

253 2678 275 2694 i.
306 2672 356 2694 Non
369 2669 442 2702 filu-m
458 2671 604 2703 infidiantem
615 2671 694 2704 stmmo
711 2673 850 2697 maritorum
869 2689 878 2702 ‚
904 2668 989 2695 verton
1007 2670 1077 2693 enam
1095 2667 1160 2693 bonis
1179 2673 1182 2706 Ι
1197 2666 1292 2692 Latine
1303 2666 1471 2702 loquentium
1481 2664 1709 2693 consuetudinem.
1719 2667 1823 2698 repellere
1834 2663 1942 2691 verbum
1953 2664 1989 2692 est
1999 2664 2132 2692 comitiale
2143 2674 2155 2697 ;

203 2706 333 2737 nri-ifin‘um'.
346 2706 359 2738 ]
371 2706 414 2730 §ic
426 2704 482 2731 Pal.
493 2716 575 2732 nonus
589 2725 597 2738 ,
609 2707 673 2736 item
685 2706 795 2733 Geinbl.
812 2707 840 2732 δε
860 2704 964 2732 Uverd.
983 2704 1026 2730 ine
1046 2711 1072 2729 te
1081 2710 1157 2729 antea
1179 2709 1181 2738 l
1198 2702 1266 2728 unde
1279 2704 1378 2736 repuffli.

204 2739 387 2777 publicabatur
408 2760 415 2771 ‚
442 2751 486 2766 mm
497 2743 572 2775 solum
589 2744 623 2768 ad
637 2743 794 2776 infidiandum
806 2744 883 2776 somno
901 2743 984 2766 mar-it.
1013 2713 1083 2766 idem
1104 2746 1157 2765 tres

204 2775 262 2802 inss-
281 2776 345 2802 item
356 2776 413 2803 Pal.
423 2777 472 2802 icc.
483 2776 586 2805 servant
593 2780 721 2813 oticfirum.
741 2778 810 2814 quod
823 2776 1012 2805 examinabunt
1021 2775 1158 2802 otiosiores

205 2820 258 2839 iiie.

241 2856 256 2874 ι
263 2867 269 2874 .
306 2847 344 2873 iim
354 2854 375 2873 te
385 2846 400 2874 ri
410 2849 528 2884 confidam
538 2850 638 2885 repeti]
658 2849 805 2878 Lambinus
816 2850 892 2883 depuli
903 2867 911 2881 ,
922 2854 1015 2875 contra
1025 2845 1119 2879 libros,
1129 2847 1158 2873 ὅ(
1176 2854 1180 2874 ι’

1179 2744 1182 2794 l
1200 2775 1235 2800 p.

1257 2742 1327 2799 .sEgo
1339 2740 1362 2772 fi
1377 2740 1418 2764 hoe
1434 2740 1542 2771 optimum
1557 2737 1653 2772 fac'lu.]
1675 2736 1777 2772 Cujacii
1797 2736 1875 2764 codd.
1883 2738 1988 2771 faHmn.
2005 2736 2075 2772 quod
2086 2737 2114 2763 ὅτ
2125 2736 2152 2764 in

1233 2794 1261 2842 4..
1275 2782 1391 2835 ξῗκιῑίῖεοὼῑ
1402 2810 1505 2842 &faces
1517 2810 1549 2834 ad
1557 2809 1751 2842 &fiam-mendam
1762 2808 1867 2842 urbem]
1881 2808 1924 2834 Est
1936 2808 1951 2835 ἶι
1962 2807 2055 2836 nostris
2065 2807 2154 2835 omni-

1199 2846 1257 2873 bus.
1280 2846 1358 2882 vulgo
1372 2864 1380 2878 ,
1389 2847 1500 2872 malleolos
1510 2846 1543 2871 ad
1551 2845 1717 2871 mocmtcndnm
1726 2844 1937 2879 urbm-«factisque.

2032 3038 2044 3058 ι
2054 3048 2059 3056 .
2078 3031 2156 3057 Anne

2181 1091 2219 1125 ¹3
