2297 3389
553 135 825 180 'ORATIO
881 147 999 180 PRO
1055 134 1110 182 L.
1146 134 1491 194 MAN1L1A‚
1529 141 1612 187 &c.

107 217 180 250 deor
190 239 202 254 ,
226 221 240 239 ¹
251 226 339 260 quare
357 217 417 248 hoc
424 215 542 248 bellurn
550 214 621 247 esset
632 236 641 250 ,
664 226 772 258 genere
782 215 847 256 ipso
857 215 1064 250 necessarium.

110 262 319 302 magnitudine
334 259 545 300 periculosum.
568 257 655 288 restat
665 278 674 292 ‚
696 268 729 288 ut
748 258 785 288 de
802 260 978 298 imperatore
988 259 1065 288 adid

108 303 225 333 bellum
235 301 410 342 deligendo,
433 310 466 330 ac
477 301 564 329 tantis
573 300 661 329 rebus
671 299 862 339 praeficiendo
873 319 882 331 ‚
901 299 1065 328 dicendum

106 344 166 375 effe
176 344 319 375 videatur.
352 342 479 372 Utinam
492 361 501 374 ,
513 343 645 382 Qirites
655 361 663 375 ‚
674 342 812 371 virorum
823 339 948 370 fortium
962 359 970 373 ‚
979 349 1066 380 atque

107 385 296 416 innocentium
305 385 423 423 copiam
434 391 544 413 tantam
556 383 701 413 haberetis
712 403 721 415 ‚
737 391 770 413 ut
780 383 842 412 haec
852 381 942 411 vobis
953 381 1067 411 delibe-

106 429 182 458 ratio
192 425 324 457 difficilis
336 424 422 458 esset,
436 434 599 466 quemnam
610 422 795 465 potiffimum
809 425 896 454 tantis
906 423 992 452 rebus
1004 442 1013 455 ,
1034 432 1066 452 ac

106 477 189 499 tanto
199 467 279 498 bello
288 466 512 506 praeficiendum
523 468 771 506 putaretis-Nunc
780 464 853 495 vero
863 464 935 496 cum
945 463 978 494 sit
987 473 1065 493 unus

107 513 166 540 Cn.
177 510 348 548 Pompejm,
364 510 415 549 qui
426 518 489 538 non
500 507 594 538 modo
604 518 708 538 eorum
720 509 886 538 hominum
896 527 905 541 ‚
920 508 972 548 qui
983 515 1066 535 nunc

106 552 184 584 sunt,
197 551 336 592 gloriam,
348 550 396 580 sed
406 552 497 580 etiam
507 551 692 591 antiquitatis
703 551 884 580 memoriam
892 550 1002 579 virtute
1015 548 1064 578 su-

101 602 289 634 perarittquae
297 602 342 621 res
352 591 472 633 est,quae
481 592 657 633 cujusquam
666 593 806 622 animum
816 593 848 621 in
856 592 910 621 hac
918 590 999 620 causa
1008 589 1065 619 du-
1074 631 1075 634 Ἴ

105 636 192 665 bium
202 633 297 664 facere
305 632 412 673 poffit?
427 637 489 674 Ego
499 636 584 664 enim
594 633 632 664 fic
642 633 796 667 existimo,
815 643 853 662 m
870 641 990 662 sUMMO
1005 641 1065 660 IM-

106 685 285 707 PERATORE
297 684 436 716 quattuor
455 677 505 705 has
523 685 568 705 res
576 674 668 705 iness'c
678 684 813 715 oportere
824 694 833 708 ,
856 675 1011 704 scientiam
1021 675 1064 702 rei

104 718 259 750 militaris,
271 719 423 750 virtutem,
435 717 652 750 auitoritatem,
666 716 852 746 felicitatem.
885 716 961 756 Qis
974 716 1064 755 igitur

106 761 166 789 hoc
176 760 303 789 homine
314 759 456 789 scientior
463 768 606 799 umquam
615 757 793 791 autfuit‚aut
802 756 860 787 effe
868 756 983 786 debuit?
994 758 1062 796 2qui

100 800 120 830 ἑ
130 801 203 834 ludo,
213 810 298 841 atque
308 802 441 841 pueritiae
451 800 618 840 disciplina,
635 799 716 830 bello
726 802 875 831 maximo,
887 808 974 839 atque
984 807 1064 827 acer-

104 844 192 873 rimis
203 842 337 872 hostibus
347 862 356 876 ‚
367 842 401 872 ad
412 844 500 882 patris
510 844 687 874 exercitum,
706 850 792 882 atque
804 843 836 871 in
847 840 964 870 militiae
974 839 1063 869 disci-

104 885 222 925 plinam
249 883 400 924 profeEtus
421 883 483 913 est?
509 885 562 923 qui
579 892 713 913 extrema
728 884 855 922 pueritia
874 885 885 909 3
899 882 987 911 miles
1005 880 1064 911 fuit

107 926 222 957 summi
239 927 447 965 imperatoris?
475 926 599 954 ineunte
621 924 818 954 adolescentia
845 925 975 954 maximi
1001 922 1063 963 ipse

104 969 252 997 exercitus
271 968 452 1005 imperator?
469 967 522 1006 qui
534 965 638 1006 saepius
646 976 711 995 cum
720 965 789 1002 hoste
800 966 949 1003 cmiflixit,
969 969 1062 1006 quam

104 1009 260 1050 quisquam
270 1018 341 1037 cum
352 1009 480 1037 inimico
488 1010 681 1038 concertavit?
690 1008 775 1047 plura
785 1008 863 1037 beila
872 1005 1060 1047 geffit,quam

96 1052 194 1081 ceteri
203 1050 357 1090 legerunt?
373 1050 483 1089 plureis
494 1051 662 1089 provincias
673 1049 813 1083 confecit,
824 1054 915 1090 quam
926 1050 975 1078 alii
986 1054 1061 1078 con-

101 1093 303 1131 cupiverunt?
320 1092 405 1130 cujus
423 1090 619 1121 adolescentia
636 1091 671 1121 ad
690 1091 844 1121 scientiam
866 1092 908 1120 rei
922 1090 1060 1119 militaris

101 1143 168 1164 non
176 1133 282 1163 alienis
289 1133 453 1172 praeceptiS‚
465 1132 513 1162 sed
527 1133 584 1162 suis
594 1134 730 1172 imperiis
743 1143 747 1162 ;
768 1142 833 1162 non
844 1130 1060 1162 offensionibus

102 1174 188 1208 belli,
199 1174 248 1204 sed
258 1173 393 1204 vicloriis
407 1184 412 1203 :
434 1183 498 1204 non
510 1173 663 1214 stipendiis
674 1194 682 1208 ‚
699 1174 748 1205 sed
760 1179 777 1201 4
788 1175 934 1215 triumphis
942 1172 984 1203 est
994 1183 1060 1202 eru-

99 1216 163 1247 dita
175 1219 186 1246 ?
205 1215 296 1257 Qiod
307 1215 435 1256 denique
445 1225 537 1256 genus
548 1215 619 1246 belli
630 1215 688 1245 esse
706 1215 802 1255 potest
812 1236 819 1249 ‚
838 1218 871 1245 in
889 1225 950 1256 qno
970 1215 1058 1244 illum

102 1268 168 1288 non
178 1259 342 1288 exercuerit
350 1257 471 1287 fortuna
479 1259 554 1297 reip.
569 1260 579 1286 ?
595 1258 702 1291 Civile,
714 1257 891 1288 Africanum
901 1277 909 1291 ,
921 1256 1061 1287 Transal-

102 1302 224 1340 pinum,
237 1299 442 1338 Hispaniense,
455 1303 468 1325 5
477 1298 602 1328 mistum
612 1310 649 1329 ex
657 1299 837 1332 civitatibus,
849 1308 935 1339 atque
947 1308 985 1328 ex
995 1297 1061 1328 bel-

100 1339 280 1372 licofiffimis
290 1340 474 1374 nationibus,
486 1341 601 1374 servile,
611 1342 713 1371 navale
723 1341 839 1370 bellum
850 1361 857 1374 ‚
879 1342 958 1370 varia
967 1340 999 1369 &
1014 1339 1060 1369 di-

102 1383 184 1414 versa
192 1379 308 1423 genera,
320 1382 353 1411 δε
363 1382 524 1414 bellorum,
538 1382 570 1411 &
580 1382 713 1412 hosti-um
726 1403 735 1415 ‚
752 1392 817 1412 non
831 1381 929 1412 solum
935 1380 1013 1421 gesta
1023 1381 1059 1410 ab

102 1425 163 1455 hoc
173 1434 235 1454 uno
244 1443 253 1458 ‚
267 1423 316 1453 sed
326 1426 415 1453 etiam
426 1422 549 1462 consesta
558 1443 566 1457 ‚
580 1425 695 1454 nullam
706 1434 770 1453 rem
782 1423 838 1453 effe
848 1423 1013 1455 declarant,
1025 1425 1059 1452 in

103 1466 157 1496 usu
167 1466 290 1495 militari
301 1463 507 1505 pofitam,quae
519 1466 606 1504 hujus
615 1467 673 1495 viri
683 1466 837 1496 scientiam
847 1465 948 1506 fugere
957 1463 1056 1504 possit.

23 1515 27 1519 ’
43 1517 56 1543 1
70 1518 81 1543 1
97 1509 168 1550 Jam
186 1505 257 1537 vero
268 1508 372 1536 virtuti
383 1509 439 1536 Cn.
451 1508 606 1546 Pompeji,
627 1517 691 1548 quae
702 1507 854 1547 potestpar
864 1508 958 1537 oratio
970 1508 1057 1536 inve-

102 1551 184 1580 niri?
202 1548 275 1589 quid
284 1547 328 1578 est
336 1568 344 1581 ,
365 1548 447 1589 quod
458 1549 614 1589 quisquam
625 1559 674 1579 aut
683 1549 811 1590 dignum
821 1549 876 1578 illo
887 1568 896 1582 ‚
911 1557 961 1578 aut
970 1547 1058 1577 vobis

101 1600 230 1624 novum,
242 1591 437 1630 autcuiquam
447 1590 616 1620 inauditum
627 1589 716 1631 possit
726 1589 842 1620 afferre?
857 1593 964 1630 Neque
973 1591 1055 1619 enirn

98 1633 160 1664 illae
170 1633 238 1662 sunt
247 1632 316 1662 solae
326 1639 448 1660 virtutes
458 1632 647 1673 imperatoria,
657 1643 722 1674 quae
732 1631 825 1673 vulgo
835 1631 1056 1664 existimantur,

99 1674 183 1705 labor
193 1676 227 1704 in
237 1675 360 1715 negotio
370 1693 378 1706 ‚
398 1673 543 1704 fortitudo
554 1675 586 1703 in
600 1675 740 1713 periculis
749 1695 757 1708 ‚
771 1673 915 1704 industria
927 1675 960 1703 in
969 1682 1058 1714 agen-

101 1716 154 1749 do,
165 1716 295 1746 celeritas
304 1716 337 1744 in
344 1713 547 1749 conficiendo,
558 1714 721 1746 confilium
731 1717 763 1746 in
771 1715 962 1756 providendo
973 1725 978 1743 ⁴.
990 1724 1055 1755 quae

98 1766 179 1788 tanta
195 1757 305 1787 suntin
314 1758 371 1786 hoc
380 1767 442 1787 uno
452 1777 461 1790 ‚
480 1767 588 1798 quanta
598 1759 630 1787 in
640 1757 786 1788 omnibus
796 1758 919 1798 reliquis
930 1759 1057 1796 impera-

100 1799 216 1830 toribus
225 1819 233 1831 ,
256 1808 331 1839 quos
343 1807 392 1828 aut
401 1798 536 1829 vidimus
546 1820 555 1833 ,
575 1799 802 1830 autaudivimus
815 1820 823 1833 ‚
847 1806 912 1829 non
921 1797 1053 1828 fuerunt.

101 1840 202 1871 Testis
211 1839 254 1870 est
263 1840 355 1873 Italia,
366 1850 457 1880 quam
467 1841 519 1870 ille
528 1841 588 1881 ipse
596 1841 704 1876 vidior,
716 1843 752 1871 L.
763 1841 854 1874 Sulla,
869 1839 885 1860 ⁶
894 1841 984 1878 hujus
995 1841 1056 1869 vir·-

103 1891 164 1913 tute
175 1902 184 1916 ‚
205 1881 237 1911 &
257 1879 383 1912 subfidio
400 1881 550 1911 confess'us
560 1881 602 1912 est
614 1883 779 1913 liberatam.
803 1882 883 1912 testis
894 1881 936 1912 est
945 1882 1055 1915 Sicilia,

101 1933 193 1964 quam
204 1923 308 1952 multis
318 1922 450 1963 undique
460 1923 589 1953 cineram
599 1925 739 1963 periculis
749 1944 757 1957 ‚
778 1924 842 1954 non
852 1933 961 1954 terrore
972 1923 1055 1956 belli,

79 1963 84 1968 ’
102 1965 153 1996 sed
162 1965 308 1995 celeritate
318 1962 444 1998 consilii,
459 1965 626 2004 explicavit.
650 1965 730 1995 testis
741 1965 784 1995 est
793 1965 901 1999 Africa,
913 1974 979 2005 quae
990 1973 1056 1994 ma-

100 2009 171 2049 gnis
181 2004 313 2046 opprefl'a
322 2004 455 2035 hostiurn
466 2007 561 2045 copiis
572 2025 580 2039 ,
601 2016 706 2036 eorum
713 2007 846 2046 ipsorum
856 2007 998 2047 sanguine
1007 2016 1053 2035 re-

101 2047 259 2078 dundavit.
284 2046 362 2076 testis
373 2046 520 2077 estGallia
531 2067 539 2080 ‚
559 2057 613 2087 per
621 2058 711 2089 quam
722 2048 892 2090 legionibus
903 2046 1012 2077 nostris
1022 2049 1054 2076 in

102 2090 279 2129 Hispaniam
288 2090 359 2122 iter,
382 2088 542 2118 Gallorum
560 2094 575 2116 7
584 2091 786 2119 internicione
803 2088 984 2129 patefactum
998 2087 1050 2118 est.

100 2130 185 2161 testis
197 2129 240 2160 est
250 2130 393 2169 Hispania
401 2148 409 2162 ,
430 2139 495 2170 quae
505 2129 663 2169 saepissime
670 2132 820 2171 plurimos
828 2130 940 2161 hosteis
949 2130 985 2160 ab
996 2131 1053 2160 hoc

98 2173 260 2212 superatos,
270 2170 487 2211 prostratosque
497 2172 662 2210 conspexit.
685 2172 766 2202 testis
776 2171 817 2202 est
827 2174 948 2205 iterum,
960 2172 992 2202 &
1004 2172 1053 2201 sae-

99 2213 168 2255 pius
177 2213 260 2244 Italia
270 2233 280 2247 ,
290 2222 356 2253 quae
367 2212 437 2243 cum
442 2212 543 2253 servili
552 2211 616 2243 bello
629 2222 711 2244 taetro
720 2234 729 2249 ‚
750 2214 977 2255 periculosoque
987 2223 1054 2255 pre-

1973 156 2069 207 347

1111 227 1242 249 meretur
1252 240 1260 253 ‚
1272 220 1308 251 ab
1316 221 1375 251 hoc
1383 222 1534 252 auxilium
1544 222 1664 253 absente
1675 221 1820 264 expetivit
1831 233 1837 253 z
1860 223 1941 265 quod
1951 223 2067 256 bellum

1110 260 1306 299 affectatione
1322 264 1458 304 Pompeji
1475 273 1657 295 attenuatum
1670 284 1678 297 ‚
1698 274 1783 306 atque
1793 268 1995 297 imminutum
2007 267 2067 297 est:

1108 302 1235 331 adventu
1246 303 1393 334 sublatum
1406 326 1414 338 .
1434 315 1466 335 ac
1477 306 1638 346 sepultum.
1669 302 1684 326 ⁸
1695 307 1780 338 testes
1799 306 1872 338 vero
1882 309 1946 348 jam
1958 318 2067 338 omnes

1108 351 1166 372 01·ae
1178 362 1186 375 ‚
1204 352 1289 384 atque
1309 355 1418 376 omnes
1438 356 1543 377 exterae
1560 357 1662 389 gentes
1673 369 1681 382 ,
1704 359 1738 379 ac
1755 351 1892 380 nationes
1905 360 1909 379 :
1933 349 2065 390 denique

1108 385 1200 413 maria
1209 388 1313 416 omnia
1323 407 1331 420 ‚
1342 396 1408 417 tum
1420 390 1557 419 universa
1567 409 1575 423 ,
1587 399 1653 420 tum
1664 392 1695 420 in
1707 389 1827 431 singulis
1837 392 1897 421 oris
1908 401 2016 423 omnes
2028 390 2065 420 si-

1108 433 1165 453 nus
1175 445 1184 457 1
1202 434 1286 466 atque
1303 437 1416 466 portus.
1448 432 1524 471 Qis
1534 433 1618 461 enim
1629 442 1693 462 toto
1705 435 1780 462 mari
1790 433 1872 464 locus
1880 443 1934 473 per
1944 434 1999 463 hos
2011 443 2066 463 an*

1107 474 1176 499 nos,
1191 475 1241 496 aut
1251 476 1310 496 tam
1322 467 1445 500 firmum
1455 471 1559 502 habuit
1567 472 1734 512 praesidium
1747 495 1756 507 ,
1773 483 1806 504 ut
1820 483 1900 504 tutus
1910 473 2000 505 esset?
2017 483 2066 505 aut

1107 514 1167 536 tam
1177 506 1235 553 fuit
1246 508 1374 555 abditus,
1387 520 1418 540 ut
1428 512 1550 542 lateret?
1567 516 1642 553 Qis
1653 517 1821 556 navigavit,
1841 518 1892 557 qui
1903 527 1967 547 non
1978 517 2005 546 se
2015 525 2064 546 aut

1108 556 1212 582 mortu,
1224 551 1424 589 autsbrmtutu
1434 554 1567 592 periculo
1578 558 1790 591 committeret,
1801 556 1872 588 cum
1883 567 1932 588 aut
1941 559 2063 598 hyeme,

1106 599 1155 620 aut
1163 590 1272 621 referto
1282 592 1461 631 praedonum
1472 597 1545 624 mari
1554 599 1716 636 navigaret?
1727 601 1795 629 Hoc
1805 608 1922 630 tantum
1933 599 2061 634 bellum,

1107 640 1167 679 tam
1178 641 1261 672 turpe
1272 653 1280 667 ‚
1293 643 1354 664 tam
1366 643 1450 665 vetus
1461 655 1469 669 ‚
1483 644 1543 666 tam
1554 637 1609 667 late
1621 639 1752 669 divisum
1764 660 1772 674 ‚
1791 650 1878 681 atque
1886 641 2064 681 dispersum,

1105 683 1173 714 quis
1183 684 1329 715 umquam
1340 676 1527 709 arbitraretur
1535 687 1584 708 aut
1600 680 1635 709 ab
1645 681 1770 710 omnibus
1782 681 1991 723 imperatoribm
2002 693 2066 713 uno

1105 725 1186 745 anno
1197 736 1205 750 ,
1225 725 1274 746 aut
1292 718 1438 748 omnibus
1458 721 1545 749 annis
1562 720 1597 750 ab
1607 731 1659 750 uno
1670 730 1831 763 imperatore
1841 723 1950 754 confici
1960 723 2065 764 pofl'e?

1105 760 1119 783 9
1131 760 1229 798 Qiam
1254 761 1442 798 provinciam
1468 761 1605 791 tenuistis
1626 762 1640 792 a
1657 764 1848 802 ptaedonibus
1865 766 1989 797 liberam
2010 776 2061 805 pet

1105 799 1192 828 hosce
1201 803 1310 830 annos?
1319 801 1401 841 quod
1411 801 1538 842 vetStigal
1548 803 1634 833 vobis
1647 813 1744 834 tutum
1755 805 1831 837 fuit?
1845 817 1935 847 quem
1948 809 2062 839 socium

1105 840 1280 871 defendistis
1293 845 1303 870 ?
1321 845 1381 876 cui,
1393 842 1537 883 praefidio,
1553 843 1690 875 clastibus
1700 846 1802 876 vestris
1813 867 1820 881 ‚
1832 848 1950 878 fuistis?
1971 859 2062 889 quam

1107 883 1215 913 multas
1231 883 1410 914 existimatis
1430 886 1540 915 insulas
1561 885 1618 916 ess'e
1629 886 1775 918 desertas?
1793 889 1882 930 quam
1895 891 2004 919 multas
2014 899 2064 920 aut

1106 932 1189 954 metu
1200 925 1316 955 relictas
1327 945 1335 959 ‚
1356 935 1406 956 aut
1425 926 1441 956 a
1457 926 1650 967 praedonibus
1666 938 1762 969 captas
1779 930 1878 960 urbeis
1894 930 1950 961 effe
1967 932 2062 961 socio-

1105 975 1174 995 rum
1187 968 1197 995 ?
1218 966 1275 996 Sed
1294 967 1367 1007 quid
1386 978 1441 1009 ego
1461 970 1626 1010 longinqua
1643 975 1880 1002 commemoro?
1924 975 1991 1002 Fuit
2006 974 2063 1003 hoc

1104 1007 1256 1047 quondam
1271 1028 1279 1041 ,
1298 1010 1356 1039 tuit
1372 1012 1529 1050 proprium
1539 1012 1643 1050 populi
1653 1015 1748 1042 Rom.
1767 1013 1857 1054 longe
1869 1014 1883 1044 ὲ
1893 1013 1989 1044 domo
2000 1014 2064 1044 bel-

1105 1050 1174 1082 lare,
1194 1050 1226 1079 &
1235 1052 1446 1091 propugnaculis
1454 1053 1565 1094 imperii
1571 1054 1710 1092 [berorum
1716 1055 1849 1093 fortunas
1860 1075 1868 1088 ‚
1888 1065 1951 1085 non
1961 1056 2007 1085 sua
2019 1065 2062 1086 te-

1105 1090 1150 1120 &a
1167 1090 1338 1121 defendere.
1370 1095 1464 1123 Sociis
1485 1093 1588 1124 vestris
1602 1106 1657 1136 ego
1674 1106 1753 1126 mare
1766 1097 1899 1126 clausum
1913 1106 1965 1136 per
1976 1097 2066 1128 hosce

1102 1142 1198 1162 annos
1211 1132 1309 1163 dicam
1318 1133 1492 1168 fuiss'e2cum
1503 1139 1647 1167 exercitus
1658 1137 1752 1167 nostri
1764 1141 1794 1157 ¹0
1804 1137 1960 1169 Brundisio
1971 1149 2065 1168 num-

1101 1184 1190 1215 quam
1203 1195 1211 1208 ‚
1225 1173 1278 1204 nlsl
1290 1175 1407 1205 summa
1418 1178 1530 1210 hieme,
1550 1179 1786 1211 transmiserint?
1806 1184 1831 1200 ¹¹
1844 1182 1904 1220 Qi
1915 1180 1949 1210 ad
1960 1190 2014 1210 vos
2026 1180 2063 1211 ab

1100 1218 1209 1246 exteris
1219 1217 1393 1247 nationibus
1405 1220 1543 1249 venirent
1555 1240 1562 1252 ‚
1574 1229 1673 1259 captos
1683 1231 1787 1261 querar
1799 1233 1807 1255 5
1825 1231 1895 1252 cum
1906 1222 1992 1264 legati
2006 1232 2063 1261 po-

1100 1258 1165 1297 puli
1183 1260 1279 1288 Rom.
1301 1258 1449 1299 redempti
1464 1258 1539 1290 sint?
1558 1263 1772 1294 mercatoribus
1791 1272 1890 1293 tutum
1901 1273 1982 1293 mare
1996 1274 2062 1295 non

1100 1297 1187 1329 tuisse
1203 1299 1302 1330 dicam
1314 1320 1322 1333 ‚
1340 1300 1411 1330 cum
1429 1301 1592 1332 duodecim
1612 1303 1727 1333 secures
1741 1306 1772 1334 in
1784 1304 1961 1344 praedonum
1974 1314 2061 1345 pote-

1100 1340 1204 1370 statem
1215 1345 1428 1381 pervenerint?
1448 1347 1474 1362 ¹²
1486 1344 1620 1374 Cnidum
1631 1355 1679 1375 aut
1689 1345 1901 1386 Colophonem
1912 1366 1920 1380 ‚
1941 1355 1991 1376 aut
2010 1350 2060 1377 Sa-

1100 1392 1198 1416 mum,
1210 1381 1412 1414 nobilissimas
1422 1385 1521 1415 urbeis
1531 1405 1539 1419 ,
1552 1386 1853 1428 innumerabileisque
1864 1388 1933 1418 alias
1944 1407 1953 1421 ‚
1965 1397 2061 1427 captas

1101 1422 1157 1453 effe
1167 1434 1410 1455 commemorem
1422 1447 1430 1460 ‚
1451 1426 1522 1457 cum
1532 1427 1644 1458 vestros
1654 1437 1757 1468 portus
1767 1449 1775 1463 ‚
1787 1439 1874 1469 atque
1884 1439 1934 1459 eos
1943 1439 2029 1468 portu
2035 1439 2058 1463 s,

1098 1466 1208 1506 quibus
1220 1467 1313 1494 vitam
1324 1467 1497 1506 &spiritum
1506 1469 1606 1498 duciru
1615 1489 1623 1503 ,
1644 1473 1676 1500 in
1687 1470 1866 1510 praedonum
1877 1470 1964 1501 fuiss'e
1974 1480 2063 1510 pote<

1101 1509 1205 1537 statem
1221 1508 1335 1538 sciatis?
1354 1509 1484 1539 Anverb
1498 1512 1655 1552 ignoraffl,
1676 1521 1799 1551 portum
1813 1513 1919 1552 Cajetae
1928 1512 2058 1542 celeber-

1100 1551 1216 1578 rimum
1227 1570 1237 1583 ‚
1257 1558 1342 1591 atque
1354 1550 1562 1590 plenissimum
1574 1555 1695 1583 navium
1708 1573 1716 1586 ,
1729 1553 1911 1594 inspectante
1921 1563 2057 1594 praetore,

1098 1590 1113 1620 a
1123 1590 1314 1630 praedonibus
1325 1591 1382 1622 ess'e
1392 1592 1541 1633 direptum
1554 1597 1565 1623 ἓ
1585 1598 1631 1625 Ex
1641 1595 1761 1625 Miseno
1775 1605 1886 1630 autem,
1896 1598 1960 1637 ejus
1971 1594 2057 1635 ipfius

1099 1633 1212 1662 liberos
1222 1653 1230 1666 ‚
1250 1635 1304 1673 qui
1322 1644 1391 1663 cum
1407 1635 1599 1674 praedonibus
1610 1645 1692 1667 antea
1704 1637 1747 1667 ibi
1758 1637 1872 1667 bellum
1882 1636 2001 1679 gesserat
2011 1657 2019 1671 ‚
2043 1638 2058 1668 a

1097 1674 1291 1714 praedonibus
1307 1674 1365 1705 effe
1383 1676 1511 1706 sublatos
1524 1680 1534 1706 ?
1554 1680 1634 1708 Nam
1645 1679 1717 1719 quid
1729 1689 1782 1720 ego
1793 1678 1927 1710 Ostiense
1937 1682 2056 1709 incom-

1099 1716 1240 1750 modum,
1251 1726 1337 1757 atque
1351 1718 1434 1747 illam
1446 1718 1544 1748 labem
1557 1739 1565 1753 ‚
1577 1729 1663 1761 atque
1673 1721 1857 1760 z'gnominiam
1867 1722 1931 1761 reip.
1943 1730 2057 1761 querarx

1099 1757 1172 1788 cum
1182 1777 1190 1791 ,
1202 1759 1295 1798 prope
1306 1759 1538 1798 inspectantibus
1548 1762 1635 1791 vobis
1647 1782 1655 1795 ,
1670 1760 1766 1792 classis
1775 1773 1817 1796 ea,
1830 1765 1878 1792 cui
1888 1763 1993 1793 consul
2002 1772 2059 1802 po-

1097 1800 1161 1839 puli
1170 1802 1305 1829 Romani
1315 1801 1486 1840 praepositus
1497 1800 1576 1837 esset,
1588 1802 1603 1833 a
1613 1804 1806 1843 praedonibus
1818 1808 1847 1831 ¹3
1858 1813 1937 1845 capta
1946 1824 1954 1838 ‚
1971 1812 2059 1845 atque

1103 1841 1234 1880 oppressa
1244 1841 1305 1871 est?
1320 1842 1376 1873 Pro
1386 1843 1429 1872 dii
1438 1845 1623 1874 immortales
1636 1847 1641 1873 ¹.
1662 1854 1813 1875 tantamne
1824 1848 1912 1877 unius
1923 1848 2061 1876 hominis

1099 1882 1285 1913 incredibilis
1296 1903 1304 1916 ‚
1328 1894 1359 1914 ac
1377 1884 1480 1915 divina
1489 1887 1584 1915 virtus
1594 1895 1654 1917 tam
1667 1887 1749 1917 brevi
1759 1896 1894 1926 tempore
1906 1889 2005 1918 lucem
2016 1887 2058 1918 af-

1100 1923 1174 1954 ferre
1185 1926 1256 1964 reip.
1266 1927 1375 1964 potuit,
1387 1935 1419 1956 ut
1429 1936 1494 1959 vos,
1507 1929 1559 1967 qui
1570 1926 1664 1957 modo
1675 1937 1742 1958 ante
1751 1928 1863 1958 ostium
1875 1929 2059 1963 Tiberinum

1097 1964 1216 1995 claffem
1227 1966 1361 1997 hostium
1373 1967 1519 1997 videbatis
1533 1987 1542 2001 ,
1565 1971 1587 1997 ii
1598 1979 1679 1999 nunc
1690 1970 1806 1999 nullam
1822 1973 1852 1996 ¹4
1861 1972 1937 2000 intra
1944 1972 2058 2000 &ceam

1097 2008 1209 2036 ostium
1220 2007 1398 2046 praedonum
1410 2019 1520 2039 navem
1540 2008 1597 2039 effe
1613 2010 1757 2040 audiatis?
1780 2014 1876 2052 Atque
1894 2012 1975 2045 ἧκε,
1999 2022 2058 2052 qum

1097 2048 1238 2077 celeritate
1245 2048 1323 2090 gesta
1333 2048 1388 2079 sint
1400 2070 1408 2082 ,
1429 2060 1600 2091 quanquam
1610 2052 1719 2082 videtis
1730 2072 1737 2085 ‚
1758 2061 1860 2082 tamen
1869 2053 1884 2083 a
1894 2063 1943 2083 me
1959 2055 1992 2083 in
2007 2053 2054 2082 di-

1097 2089 1194 2119 cendo
1201 2091 1403 2130 praetereunda
1413 2101 1477 2121 non
1487 2093 1564 2122 sunt.
1589 2095 1665 2133 Qis
1677 2096 1760 2124 enim
1771 2104 1927 2135 umquam,
1943 2103 1992 2124 aut
1999 2094 2057 2124 ob·-

1096 2131 1189 2161 eundi
1198 2133 1312 2172 negotii
1323 2152 1332 2166 ,
1353 2133 1612 2174 autconsequendi
1621 2135 1748 2175 quaestus
1759 2135 1857 2166 studio
1869 2156 1877 2169 ‚
1900 2146 1961 2166 tam
1972 2136 2053 2166 brevi

1097 2182 1242 2212 tempore,
1254 2182 1298 2203 tot
1307 2174 1371 2203 loca
1380 2173 1573 2207 adire,tantos
1582 2177 1682 2207 cursus
1691 2177 1838 2207 conficere
1848 2179 2053 2218 potuit‚quiim

1096 2215 1248 2249 celeriter,
1270 2216 1325 2246 Cn.
1338 2217 1484 2257 Pompejo
1495 2216 1568 2248 duce
1577 2236 1587 2253 ,
1609 2222 1635 2246 ¹5
1647 2218 1720 2249 belli
1737 2220 1869 2260 impetus
1878 2221 2052 2262 navigavit?

1980 2265 1990 2280 ¹
2001 2261 2054 2302 qui

506 2345 2041 2361 Q„

141 2411 164 2429 ι.
183 2403 263 2435 Qare
271 2404 310 2427 hoc
317 2403 398 2427 bellum
406 2402 483 2437 effen]
495 2400 607 2428 Praefert
617 2402 777 2429 Gulielmius
790 2421 798 2435 ‚
809 2410 932 2438 tanquam
943 2403 1028 2439 aptius
1042 2423 1049 2435 ‚

101 2441 181 2474 quale,
193 2438 262 2474 quod
274 2439 298 2464 in
312 2438 435 2473 Hittoip.

137 2483 165 2500 2.
184 2475 231 2506 Qi
239 2474 250 2499 ἑ
259 2474 310 2498 hedo
320 2476 500 2507 atquepneritiae
509 2474 656 2508 disciplina]
669 2474 767 2501 Colon.
779 2475 806 2500 8<
816 2474 920 2501 Uverd.
931 2474 1053 2507 liberm!-

100 2519 143 2543 que
153 2511 222 2543 epum
230 2513 275 2535 itiae
283 2510 418 2542 disciplinis.
439 2509 510 2545 quod
524 2510 617 2536 maluit
627 2511 788 2537 Gulielmius
801 2521 806 2537 :
828 2518 857 2537 ut
867 2511 1001 2547 intelligat
1011 2521 1052 2538 eas

98 2553 168 2573 artes
180 2545 273 2581 quibus
283 2552 342 2570 aetas
354 2545 461 2581 puerilis
471 2545 501 2571 ad
513 2546 704 2572 humanitatem
716 2545 855 2573 informari
864 2546 940 2573 solet.

139 2590 151 2616 3
160 2602 165 2607 .
186 2583 258 2608 stilles
262 2582 314 2614 fuit
318 2581 405 2613 summi
413 2582 485 2615 imp.]
506 2581 590 2607 Iidem
603 2601 611 2613 ‚
631 2584 696 2608 miles
705 2585 731 2607 in
740 2586 843 2608 exercitu
846 2584 933 2616 ficmmi
937 2584 988 2616 sitit
996 2586 1053 2617 imp.

98 2616 251 2653 placuitque
261 2616 419 2643 Gulielmio.
439 2627 499 2643 cum
510 2617 573 2644 abiit
583 2625 624 2644 tot
634 2618 759 2645 Palatinis
772 2637 780 2650 ,
792 2618 875 2645 videri
885 2626 982 2654 queant
993 2621 1009 2646 εἰ
1020 2620 1054 2646 li-

99 2653 195 2680 brariis
207 2664 212 2679 :
226 2652 272 2678 etsi
283 2662 334 2678 non
346 2662 438 2688 negem
450 2653 621 2680 numerosius.

134 2696 164 2723 4.
182 2690 312 2721 Triumphi:
325 2691 361 2714 eff
376 2689 496 2723 erudita]
517 2689 646 2725 Praeposui
657 2690 685 2716 δε
696 2690 760 2717 hanc
769 2689 910 2717 leffionem
922 2690 1000 2718 Fabr.
1013 2700 1055 2717 re-

100 2733 200 2761 pertam
221 2725 287 2751 item
305 2724 332 2750 in
353 2724 461 2751 Erfurd.
473 2725 576 2751 Uverd.
589 2727 712 2762 Hittorp.
733 2726 845 2761 vulgata?
857 2746 865 2758 ,
879 2728 1054 2760 effundit-VM,-

99 2759 242 2797 praesertim
253 2759 323 2793 quod
338 2760 364 2787 in
375 2761 433 2787 mff.
452 2762 545 2788 nostris
556 2762 583 2787 ὅτ
595 2770 661 2789 vett.
680 2763 791 2789 hccreret
803 2782 811 2793 ‚
831 2763 935 2788 tra-{itai
954 2771 1053 2798 pugnat.

101 2804 187 2824 tamen
199 2797 313 2834 speciose
323 2805 372 2832 pro
382 2805 484 2834 recepta
493 2797 608 2825 lestione
620 2819 628 2831 ,
638 2800 735 2826 amicus
746 2799 831 2826 noster
843 2798 965 2826 Schottus
977 2800 1039 2825 lib.1
1047 2819 1053 2826 .

101 2832 209 2860 Nodor.
220 2833 345 2859 Ciceron.
355 2842 411 2869 cap.
420 2841 448 2867 7.

139 2877 165 2902 5.
185 2871 292 2896 „HL-<tum
301 2878 330 2894 ex
338 2871 477 2895 civitatibus
487 2877 557 2904 mque
565 2879 593 2896 ex
602 2871 667 2905 bell]
683 2870 836 2897 Coloniens.
847 2872 957 2897 civilibus
965 2871 994 2901 ὠ·
1004 2872 1054 2897 hell.

101 2904 171 2931 unde
181 2904 271 2931 lubens
283 2904 377 2931 fecerit
388 2905 548 2932 Gulielmius
558 2909 668 2932 civilibus
677 2907 705 2937 (ἐν
713 2909 763 2933 bell.
783 2915 812 2933 ut
823 2907 947 2942 loquatur
956 2906 988 2932 de
1002 2907 1054 2932 Hi-

97 2939 222 2976 spaniensi
232 2940 313 2966 bello.
331 2950 381 2977 ego
390 2950 443 2968 non
454 2941 600 2970 recess'crim
612 2944 626 2969 :l
637 2942 751 2970 lestione
762 2950 877 2980 recepta,
887 2951 944 2979 quae
955 2943 981 2969 in
992 2942 1053 2970 edd.

100 2976 222 3002 omnibus
233 2977 261 3002 δε
272 2976 340 3003 Pall.

139 3012 167 3037 6.
186 3014 262 3047 Hujus
278 3016 371 3038 virtute
379 3014 536 3049 &fi1bfid1'⁰·]
557 3015 598 3041 Ita
616 3024 668 3041 uno
687 3014 809 3042 consensu
820 3014 889 3042 Pall.
909 3015 1053 3042 &Guliel-

102 3047 183 3074 miaui
196 3066 204 3078 ,
215 3057 261 3074 nec
271 3057 322 3074 uon
333 3048 394 3075 cdd.
405 3051 518 3085 antiqua:
529 3051 682 3087 posteriores
694 3053 790 3085 consilio.

139 3091 167 3115 7.
186 3085 362 3119 Internicione]
384 3085 534 3113 Lambinus,
548 3091 562 3112 i:
580 3086 630 3113 suis
648 3090 791 3113 interitione.
810 3087 880 3123 quod
899 3087 928 3113 &
948 3086 1055 3113 videtui·

100 3116 179 3144 fuisse
190 3118 215 3144 in
226 3119 293 3144 Pan.
304 3121 408 3154 quinto.
428 3131 486 3148 nam
498 3121 610 3148 secundo
622 3142 630 3154 ,
641 3123 721 3149 tertio
731 3126 891 3154 intarnffione,
906 3122 977 3158 quod
988 3124 1015 3148 &
1027 3123 1053 3149 in

103 3153 144 3181 E.
156 3154 231 3183 ΨΒ.
249 3161 276 3182 at
284 3156 544 3193 cnimpr.inc1‹sfione.
564 3157 633 3187 sext.
650 3160 781 3195 imcnfionc.
801 3158 865 3195 sept.
876 3161 1055 3193 interruptione.

1095 2405 1176 2431 Grut.
1185 2407 1374 2438 interempri0m3
1386 2405 1456 2441 quod
1468 2406 1495 2431 ὅτ
1506 2406 1532 2432 in
1544 2406 1705 2433 editionibus
1716 2407 1835 2433 omnium
1846 2407 1949 2443 primis.

1132 2440 1159 2467 8.
1179 2442 1251 2473 ‘restes
1260 2441 1316 2466 verb
1318 2444 1374 2475 jam
1384 2452 1510 2468 omnesorae
1522 2461 1529 2473 ‚
1549 2450 1619 2477 atque
1629 2453 1706 2468 omnes
1714 2451 1795 2468 extem
1799 2451 1879 2476 gentes
1885 2444 1905 2476 .]
1927 2442 2007 2468 Haud
2017 2442 2057 2469 se-

1097 2485 1140 2502 cus
1152 2477 1218 2503 Pall.
1232 2484 1259 2502 at
1269 2478 1338 2503 enim
1352 2477 1450 2504 Colon.
1470 2481 1535 2511 restes
1545 2480 1731 2511 mmcverbjam
1742 2488 1817 2504 onmes
1827 2489 1879 2510 ore,
1891 2487 1961 2513 arque
1970 2488 2057 2511 omnes,

1096 2514 1270 2545 tei·›·„e‚gentes‚
1280 2516 1397 2539 nationes.
1419 2512 1489 2549 quod
1501 2513 1575 2539 valde
1585 2514 1756 2550 ampleciitur
1767 2514 1940 2540 Gulielmius.

1132 2556 1161 2583 9.
1181 2550 1411 2581 Qamprowinciam
1422 2551 1525 2582 ttnmssu
1534 2548 1549 2575 ἃ
1555 2550 1704 2581 praedonihm
1713 2550 1837 2583 liberam]
1860 2550 2014 2576 Diclionem
2025 2552 2059 2576 li-

1096 2585 1177 2609 beram
1186 2593 1353 2619 expunxerat
1364 2585 1524 2611 Gulielmius
1537 2604 1544 2615 ‚
1564 2584 1724 2610 austoritate,
1735 2584 1888 2611 coloniens.
1908 2595 1960 2612 non
1975 2586 2056 2612 aufim

1097 2619 1181 2655 sequi,
1193 2621 1219 2645 8<
1231 2628 1377 2656 repugnant
1388 2628 1428 2646 tot
1438 2620 1554 2655 alioquin
1567 2620 1626 2646 libri
1638 2621 1736 2647 calamo
1746 2621 1858 2647 exarati.
1950 2650 1953 2653 ,

1139 2665 1181 2682 10.
1199 2658 1320 2690 Brundisio
1328 2657 1526 2690 nunquam‚&c.]
1540 2656 1607 2683 l’all.
1617 2657 1645 2682 δε
1658 2656 1723 2683 olim
1733 2656 1795 2688 culi,
1806 2656 1821 2682 ti
1832 2657 1962 2690 Brundisio.
1973 2657 2058 2685 nihilo

1099 2692 1183 2727 pejus.

1140 2738 1149 2754 1
1158 2737 1167 2754 1
1175 2749 1180 2754 .
1199 2729 1247 2760 Qi
1255 2729 1289 2754 ad
1296 2738 1339 2754 vos
1349 2729 1380 2753 ab
1389 2728 1473 2754 exteris
1482 2730 1574 2754 nasim.
1584 2737 1640 2754 vm.
1652 2735 1729 2761 captos
1738 2728 1850 2762 pteram]
1872 2728 1984 2764 Insignis
2004 2729 2058 2755 haec

1100 2764 1250 2790 emendatio
1264 2784 1271 2795 ‚
1292 2765 1327 2790 est
1345 2764 1376 2789 ab
1387 2764 1484 2790 Colon.
1495 2764 1522 2789 δε
1534 2763 1637 2790 Πνεικί.
1656 2773 1713 2791 cum
1734 2765 1806 2800 prius
1817 2765 1964 2800 legeremus
1978 2785 1985 2797 ‚
2005 2765 2058 2792 siue

1100 2800 1153 2826 ulla
1162 2801 1259 2835 gratia,
1269 2801 1334 2832 Qid
1343 2819 1350 2831 ‚
1361 2800 1395 2825 ad
1401 2809 1441 2825 nos
1452 2809 1501 2824 cum
1511 2801 1540 2824 ab
1548 2800 1645 2831 exteris,
1653 2801 1704 2831 &a

1139 2845 1182 2862 12.
1201 2837 1300 2862 Cnidum
1311 2843 1352 2861 aut
1361 2836 1528 2869 Colophonem]
1544 2836 1585 2861 Sic
1596 2837 1702 2872 egregit:
1713 2835 1923 2863 Fabric.Uverd.
1934 2836 2058 2872 Hittorp.

1097 2881 1156 2898 uam
1167 2872 1254 2899 Italici
1265 2871 1356 2902 nostri,
1366 2872 1430 2904 Qld
1437 2878 1480 2895 aut
1489 2873 1607 2904 Colophon.
1626 2879 1655 2898 ut
1666 2873 1693 2898 ὃ(
1704 2880 1781 2899 antea
1790 2872 1852 2899 cufi.

1139 2916 1168 2942 13
1176 2928 1181 2934 .
1200 2911 1278 2941 Capta
1293 2914 1362 2941 atquc
1371 2907 1471 2939 appr-effa
1481 2908 1540 2941 effi]
1562 2908 1604 2933 sic
1615 2908 1682 2934 Pall.
1693 2918 1767 2935 omn.
1777 2916 1805 2935 at
1814 2907 1968 2935 Coloniens.
1979 2909 2063 2941 depre«

1099 2946 1170 2976 hensa
1188 2947 1232 2970 τῦ,
1251 2953 1284 2969 ex
1295 2953 1348 2978 quo
1359 2942 1422 2969 facit
1433 2942 1592 2970 Gulielmius
1605 2964 1613 2976 ,
1633 2944 1735 2978 depr-effa
1752 2947 1806 2976 ,τῆς
1827 2952 1856 2971 ut
1874 2945 1900 2970 δε
1913 2943 2020 2970 Medius
2031 2943 2060 2970 d.

1105 2980 1186 3016 Epist.
1198 2988 1292 3006 xcvii.

1143 3024 1184 3049 14.
1204 3019 1273 3041 Intra
1283 3017 1368 3041 Oceani
1377 3015 1479 3050 estium]
1494 3015 1607 3042 Accedit
1617 3016 1653 3043 eis
1665 3015 1840 3048 Gulielmius,
1854 3016 1898 3052 qui
1911 3016 2062 3042 maluerunt

1103 3055 1217 3077 Oceanum
1226 3053 1315 3084 ostiam,
1326 3050 1396 3087 quod
1408 3052 1435 3076 8<
1447 3051 1581 3078 Sallustius
1591 3051 1697 3080 dixisset
1709 3058 1823 3079 Oceanum
1832 3062 1906 3079 mare.
1917 3059 1943 3078 at
1953 3051 2060 3078 auribus

1106 3088 1170 3113 meis
1182 3086 1323 3121 injucunda
1333 3087 1368 3112 est
1381 3096 1432 3113 vox
1442 3090 1530 3121 ostium,
1542 3089 1835 3124 cupiamquemutatnm
1846 3088 1909 3114 alifi.

1145 3133 1152 3149 1
1163 3133 1187 3156 5.
1207 3124 1265 3148 Belli
1273 3125 1371 3155 impetus
1380 3125 1533 3159 navigavit]
1547 3124 1625 3151 Fabr.
1637 3125 1760 3162 Hittorp.
1770 3123 1874 3153 Urci-d.
1885 3126 1950 3152 tanti
1957 3125 2008 3149 belli
2015 3125 2062 3147 im·-

1101 3165 1181 3193 petus.
1201 3158 1272 3194 quod
1282 3159 1309 3185 δε
1318 3158 1586 3188 admilltLambinus.

1531 3197 1626 3225 sz-
1981 3192 2060 3226 Lg-,Qu'
