2297 3389
736 133 890 180 ‘Lu-‚4
923 135 1019 181 111.
1066 134 1134 185 ru
1178 133 1234 181 C·
1271 124 1598 184 Viennensi

2059 136 2179 202 ὥς.

207 220 290 250 tuus,
317 212 415 246 &tibi
424 223 456 245 ac
465 211 565 245 liberis
575 206 649 244 tuis',
663 207 808 241 omnibus
818 212 850 241 in
860 210 946 241 rebus
959 212 1158 245 ,coniuneicus
1180 217 1184 251 f*
1201 219 1265 239 non
1286 213 1380 253 magis
1397 211 1475 242 mihi
1490 210 1753 245 deeritinimicus,
1774 217 1866 253 quam
1878 210 2076 243 Verridefuit.
2100 214 2161 244 Eri

202 267 236 288 ac
255 259 412 298 proximus
423 277 431 288 ‚
451 253 486 285 ad
506 253 676 292 Apronium
689 252 790 282 scribit
797 251 889 293 vulgo
901 251 958 282 effe
968 252 1003 282 ab
1011 254 1158 284 omnibus

201 299 242 329 ita
255 297 487 329 demonstratum
508 295 633 325 Metello
643 313 650 326 ‚
670 292 724 324 tibi
739 296 908 333 Apronium
920 295 951 323 in
964 293 1100 323 decumis
1111 295 1157 324 so-

201 341 283 371 cium
311 337 406 368 fuiss'e.
913 373 917 375 Π

200 379 511 410 ARATOR'UM.
542 378 644 408 IPSI
672 377 982 408 SUDABUNL
1006 375 1051 406 Sl
1074 379 1157 405 DII

202 423 287 457 VOL
296 424 325 449 U
336 422 367 448 N
375 421 408 448 T.
431 419 520 460 (ζωρά
530 418 615 452 istuc,
625 428 678 458 per
687 418 759 448 deos
769 418 979 450 immor-taleis,
991 427 1041 447 aut
1049 428 1105 458 qua
1115 418 1152 448 de

197 463 280 493 causa
295 463 458 492 excitatum
477 459 535 490 effe
553 460 689 490 dicamus
706 461 739 489 in
755 468 880 489 aratores
891 468 950 489 tam
962 458 1107 490 infestum
1118 469 1154 489 o·-

197 503 285 533 dium
297 523 306 536 ,
325 512 411 543 atque
427 511 545 532 tantum
561 505 573 530 ?
588 510 730 543 quantam
749 502 891 540 injuriam
911 499 1048 531 fecerunt
1065 502 1152 530 Verri

195 553 322 575 aratores
335 565 343 578 ‚
364 553 396 574 ut
414 554 466 574 eos
486 546 576 574 etiam
594 543 718 573 libertus
736 545 769 574 &
787 543 923 574 accensus
933 543 998 581 ejus
1008 552 1068 572 tam
1080 544 1152 572 inito

133 587 177 621 68
197 588 303 616 animo
313 606 322 620 ‚
335 587 382 616 his
393 586 499 616 litteris
508 586 692 626 insequatur?
737 588 844 626 Neque
854 595 910 625 ego
917 585 1008 621 hujus
1018 583 1151 624 fugitivi,

192 627 309 668 judices
319 648 327 660 ,
338 627 494 667 epistolam
506 627 592 657 vobis
603 625 766 657 recitass'em
776 647 785 660 ‚
805 624 861 655 nifi
870 635 903 656 ut
912 635 950 655 ex
962 635 994 655 ea
1005 634 1096 655 totius
1110 625 1154 655 fa-

195 669 288 699 miliae
299 678 439 709 praecepta
448 690 457 704 ‚
470 668 646 699 &instituta
656 688 664 701 ‚
685 668 717 698 δε
727 668 915 707 disciplinam
925 667 1152 707 cognosceretis.

157 718 163 723 “
194 710 322 744 Videtis,
333 720 366 740 ut
377 720 498 740 moneat
507 712 693 750 Apronium?
705 709 814 750 quibus
823 708 921 742 rebus,
932 718 965 738 ac
975 708 1152 738 muneribus

192 752 222 782 se
239 750 368 782 infinuet
382 754 414 782 in
431 752 664 784 familiaritatem
679 751 820 780 Metelli?
839 751 997 780 Vulteium
1014 760 1151 779 corrum—

191 796 262 833 pat?
274 794 390 828 scribas,
401 794 616 834 accensumque
625 793 722 832 pretio
733 792 877 822 deliniat?
891 801 922 821 ea
932 793 1073 831 praecipit,
1085 802 1151 832 quae

191 835 287 865 vidit:
303 846 334 865 ea
344 845 452 866 monet
459 836 592 865 alienum
602 835 774 866 hominem,
785 843 851 874 quae
861 833 947 863 domi
958 833 1064 862 didicit
1074 833 1146 872 ipse.

193 876 301 907 verum
311 879 343 907 in
359 878 416 908 hoc
435 885 508 907 errat
525 886 587 906 uno
598 895 606 908 ,
627 874 710 916 quod
730 875 847 905 easdem
862 874 1016 905 existimat
1034 876 1095 904 vias
1113 875 1153 903 acl

189 920 317 947 omnium
326 918 547 957 familiaritates
563 916 622 947 effe
643 918 784 947 munitas.
824 919 1015 958 Qamquam
1038 915 1148 946 meiito

190 960 257 990 sum
276 962 364 991 iratus
382 959 509 989 Metello
521 970 527 988 2
551 968 650 989 tamen
670 959 733 989 haec
742 979 751 992 ‚
772 968 838 999 quae
851 968 919 988 vera
932 959 1002 988 sunt
1010 978 1019 991 ,
1035 957 1148 990 dicam.

192 1003 344 1040 Apronius
353 1002 450 1041 ipsum
462 1001 622 1031 Metellum
631 1010 695 1030 non
704 1001 791 1040 pretio
802 1020 811 1033 ‚
823 1008 855 1030 ut
864 1002 1002 1032 Verrem,
1013 1010 1078 1029 non
1087 1011 1150 1028 con-

187 1043 273 1071 vivio
285 1062 293 1076 ,
313 1053 377 1073 non
388 1043 502 1071 muliere
513 1063 521 1076 ,
545 1046 554 1062 ¹
565 1041 757 1081 nonfhrmone
766 1043 878 1071 incauto
888 1061 896 1075 ,
911 1050 997 1081 atque
1007 1041 1150 1081 improbo

189 1082 498 1124 poss'etcorrumpere:
523 1084 633 1126 quibus
643 1083 732 1113 rebus
741 1093 806 1113 non
816 1081 934 1116 sensim,
947 1092 1033 1124 atque
1044 1083 1150 1113 mode-

187 1124 249 1156 rate
260 1125 295 1156 ad
304 1125 388 1156 istius
397 1127 560 1156 amicitiam
571 1125 742 1165 adrepserat‚
751 1124 799 1155 sed
809 1124 892 1154 brevi
904 1133 1038 1164 tempore
1050 1134 1150 1154 totum

187 1166 349 1197 hominem
361 1188 369 1201 ,
383 1177 534 1208 totamque
546 1168 609 1207 ejus
619 1176 777 1207 praeturam
789 1164 961 1206 poffederat.
987 1168 1150 1197 Cohortem

185 1217 289 1238 autem
299 1210 435 1243 Metelli,
446 1219 536 1250 quam
546 1218 633 1239 vocat
641 1228 650 1241 ‚
661 1208 734 1249 quid
744 1218 805 1238 erat
819 1228 828 1241 ,
840 1207 924 1249 quod
934 1217 1148 1247 corrumperet,

446 339 542 366 FAC
567 336 721 366 SCIAT
748 336 1178 368 IMPROBITATEM.

1176 374 1178 388 ³
1195 373 1237 403 est
1249 394 1256 406 ‚
1277 376 1472 415 quamobrem
1491 387 1546 418 ego
1564 377 1655 408 istum
1667 377 1765 407 nolim
1776 387 1813 406 ex
1823 379 1950 415 paternis
1961 377 2077 417 probris
2089 397 2096 410 ,
2119 387 2152 409 ac

1174 456 1176 459 ’
1194 456 1253 486 scio
1264 466 1301 486 an
1313 456 1375 487 fiet:
1386 457 1484 497 poffir:

1179 261 1181 267 ’
1198 254 1280 281 enim
1294 272 1302 286 ‚
1313 252 1428 290 judices
1439 273 1447 286 ,
1460 252 1608 287 eiusmodi
1618 252 1690 293 resp.
1703 251 1791 282 debet
1801 251 1870 285 effe,
1882 252 1914 282 ὃς
1925 254 1993 286 erit,
2001 253 2155 286 severitate

1192 292 1379 331 judiciorum
1398 293 1556 325 constituta
1573 315 1581 327 ,
1604 296 1654 324 Ur
1679 303 1844 324 nummus
1862 304 1961 335 neque
1979 293 2074 326 deess'e
2094 305 2154 326 nov

1196 336 1274 363 centi
1286 333 1388 373 posin,
1401 346 1496 376 neque
1505 334 1603 366 obesse
1614 337 1784 365 innocenti.
1808 338 1991 377 Qpropter
2005 335 2088 366 nulla
2105 346 2153 367 res

1194 416 1275 444 vitiis
1286 426 1440 455 emergere.
1458 418 1487 448 id
1500 419 1580 458 quod
1590 417 1703 448 tametsi
1715 418 1763 448 isti
1772 417 1896 449 difficile
1905 418 2060 452 est‚tamen
2073 419 2150 451 haud

1502 461 1663 499 praesertim
1675 458 1695 489 si
1710 459 1719 498 <j
1728 469 1761 490 ut
1771 470 1852 491 nunc
1864 459 1897 491 fit
1907 468 1915 498 ,¹
1927 459 2062 492 custodes
2072 463 2149 491 ami-

1191 507 1298 527 corum
1309 508 1377 528 eum
1390 499 1593 530 sefiiibtintur*
1608 503 1752 541 quoniam
1766 511 1914 541 patestam
1928 503 2098 544 negligens,
2117 511 2151 534 ac

1193 537 1352 568 dissblutus
1362 540 1414 570 cst.
1437 542 1552 571 Verum
1564 544 1622 571 buc
1633 543 1712 583 longi
1720 542 1751 572 Cis
1762 564 1771 576 ‚
1782 543 1871 583 quam
1882 544 2022 574 voluntas
2031 544 2100 578 suit,
2112 544 2149 574 ab

1193 580 1316 619 epistola
1325 583 1499 612 Timarchid
1507 593 1527 610 ις
1537 582 1664 625 degreil‘a
1674 583 1716 614 est
1726 594 1821 614 oratio
1834 595 1912 614 mea.
1935 596 1992 626 qua
2008 588 2128 616 recitata
2137 604 2149 619 ‚

1193 622 1405 652 conclusurum
1418 633 1467 653 me
1478 622 1534 653 eli'e
1544 628 1659 654 crimen
1671 625 1865 656 decumarum
1876 626 2024 658 dixeram:
2037 638 2075 657 ex
2086 638 2149 668 quo

1191 663 1392 697 intellexistis,
1402 666 1654 695 innumerabilem
1666 665 1813 697 frumenti
1823 678 1983 698 numerum
1995 679 2046 709 per
2054 671 2149 699 trien-

1191 706 1279 734 nium
1290 706 1424 735 aversum
1437 706 1452 736 a
1463 707 1566 746 repub.
1577 706 1840 749 effi*,ei·eptumque
1849 711 2019 740 aratoribus.
2041 713 2148 752 Sequi-
2168 716 2217 751 70

1192 755 1239 775 tur
1249 766 1258 780 ,
1271 756 1302 776 ut
1313 747 1348 776 de
1359 746 1514 777 frumento
1525 757 1606 777 emto
1616 758 1671 777 vos
1682 769 1689 780 ,
1703 749 1830 783 iudices,
1844 751 1966 781 doceam
1982 773 1990 784 ,
2009 756 2147 783 maximo

1190 797 1276 828 atque
1286 787 1546 828 impudentiffimo
1556 789 1635 820 furto
1647 800 1652 818 ;
1664 789 1700 819 de
1711 800 1771 830 quo
1781 791 1853 821 dum
1863 802 1949 826 certa,
1962 794 1993 823 8⁴:
2002 804 2103 834 pauca,
2114 796 2149 825 &3

1192 839 1299 867 magna
1308 830 1407 860 dicam
1424 831 1570 864 breviter,
1591 830 1746 862 attendite.
1778 835 1975 864 Frumentum
1995 846 2094 866 emere
2113 838 2148 867 in

1189 873 1290 901 Sicilia
1299 871 1404 902 debuit
1413 875 1518 902 Verres
1529 883 1566 902 rx
1579 873 1829 903 senatusconsulto
1839 894 1849 907 ‚
1869 875 1900 904 δε
1909 886 1946 905 ex
1960 877 2020 916 lege
2030 880 2147 908 Teren·-

1190 915 1229 943 tia
1239 933 1248 947 ,
1268 913 1300 943 &
1311 912 1400 944 Cassia
1413 933 1421 947 ,
1438 913 1642 945 frumentaria.
1674 916 1808 945 Emundi
1818 915 1879 945 duo
1889 927 1995 958 genera
2005 917 2145 950 fuerunt:

1188 958 1202 983 5
1213 965 1307 986 unum
1327 964 1490 986 ceterarum
1509 956 1701 986 decumarum
1714 967 1719 985 ;
1740 957 1864 987 alterum
1877 977 1885 990 ,
1908 958 1989 998 quod
2010 969 2147 999 praetcreae

1188 997 1357 1027 civitatibus
1367 998 1519 1038 aequaliter
1527 997 1807 1028 efl'etdistributum.
1819 999 1906 1028 Illius
1913 1000 2072 1031 decumani
2081 1011 2127 1032 tan
2137 1019 2147 1024 -

1190 1047 1254 1068 tum
1265 1058 1273 1072 ‚
1291 1048 1437 1080 quantum
1448 1049 1485 1069 ex
1496 1041 1600 1079 primis
1611 1039 1747 1069 decumis
1755 1039 1870 1070 fuiffet:
1886 1039 1999 1077 ⁶hujus
2008 1045 2148 1080 imperati

1190 1082 1280 1110 tritici
1291 1080 1376 1110 mod.
1389 1091 1490 1110 mccc
1503 1082 1616 1110 millia:
1628 1083 1757 1121 pretium
1769 1091 1869 1112 autem
1881 1082 2079 1114 constitutum
2092 1085 2145 1116 dc-

1190 1131 1320 1152 cumano
1337 1124 1370 1152 in
1389 1122 1472 1152 mod.
1494 1121 1626 1163 singulos
1645 1133 1697 1153 ii-s
1716 1125 1808 1153 temi:
1827 1125 1972 1164 imperato
1986 1135 2040 1155 ihs
2054 1136 2144 1156 1111.

1191 1165 1233 1193 Ita
1253 1165 1285 1193 in
1304 1162 1493 1193 frumentum
1504 1166 1683 1203 imperatum
1702 1170 1717 1193 7
1729 1174 1781 1195 κε
1798 1165 1843 1195 bis
1854 1166 1886 1195 δε
1897 1168 1996 1196 tricies
2006 1169 2037 1197 in
2047 1178 2147 1198 annos

1189 1203 1319 1246 singulos
1330 1207 1416 1235 Verri
1434 1205 1663 1240 decernebatur,
1681 1207 1762 1247 quod
1771 1208 1933 1238 aratoribus
1944 1208 2086 1239 solveret:
2109 1212 2146 1240 in

185 1259 226 1279 ex
246 1260 304 1291 qua
323 1261 538 1291 recuperatores
560 1251 639 1280 nulli
655 1250 818 1280 dabantur?
839 1253 920 1280 Nam
939 1248 1022 1290 qubd
1037 1249 1146 1283 scribit,
1187 1247 1290 1278 alteras
1307 1246 1450 1277 decumas
1459 1247 1554 1278 ferme
1573 1248 1608 1278 ad
1627 1250 1779 1289 nonagies.
1802 1247 1840 1279 fic
1856 1259 1907 1289 per
1925 1251 2090 1281 triennium
2108 1251 2146 1283 ad

187 1292 307 1321 Metelli
321 1291 418 1323 filium
430 1303 558 1333 puerum
569 1291 626 1322 effe
637 1313 646 1326 ,
666 1292 862 1322 vehementer
874 1301 960 1321 errat.
983 1302 1048 1322 non
1062 1288 1146 1322 enim
1186 1289 1262 1319 hanc
1277 1287 1424 1320 frumenti
1437 1292 1607 1320 emtionem
1615 1290 1802 1320 Siciliensem
1813 1291 1904 1331 prope
1922 1293 2034 1322 centies
2047 1293 2146 1323 &tri—

186 1333 223 1363 ad
233 1337 353 1364 omneis
361 1344 524 1374 praetorum
535 1333 719 1364 filiosiidem
728 1333 825 1363 aditus
834 1333 910 1363 sunt·
939 1334 1146 1363 0Timaschi-
1185 1332 1244 1360 cies
1261 1340 1413 1372 erogatum
1434 1330 1488 1361 est.
1514 1334 1767 1371 Hanepecunnm
1777 1341 1889 1363 tantam
1900 1353 1908 1366 ‚
1930 1332 2027 1364 datam
2039 1334 2093 1365 tibi
2105 1345 2146 1366 ex

187 1374 237 1408 de,
248 1377 365 1406 Metelli
375 1376 418 1406 est
426 1375 506 1406 filius
516 1377 548 1405 in
557 1377 712 1415 provincia
722 1394 730 1408 ‚
743 1384 807 1404 non
817 1384 900 1414 puer,
915 1374 964 1405 sed
975 1374 1146 1405 adolescens
1164 1403 1166 1408 ,
1185 1374 1286 1402 aerario
1302 1374 1404 1413 inopi,
1425 1382 1510 1414 atque
1525 1373 1685 1404 exhausto:
1700 1374 1798 1405 datam
1814 1373 1848 1404 ad
1858 1374 2047 1405 frumentum
2059 1396 2067 1409 2
2085 1378 2145 1407 hoc

187 1415 286 1447 bonus
304 1427 337 1447 ac
349 1417 464 1457 pudens
475 1437 483 1451 ,
505 1417 614 1458 dignus
626 1416 682 1446 illo
700 1417 770 1446 loco
783 1426 816 1446 ac
826 1417 963 1446 nominc.
987 1416 1083 1447 vester
1092 1417 1144 1447 ille
1184 1413 1227 1444 est
1239 1435 1246 1447 ,
1265 1414 1300 1444 :d
1311 1413 1509 1444 neceffitatem
1521 1415 1619 1445 salutis
1630 1416 1739 1446 &vitae
1753 1426 1758 1445 :
1777 1415 1874 1446 datam
1886 1436 1894 1449 ‚
1915 1425 1947 1446 ut
1963 1418 2069 1447 Siculis
2080 1428 2143 1448 ara-

183 1466 258 1498 puer
265 1467 464 1499 praetextatus,
476 1461 508 1489 in
518 1460 672 1498 provincia
681 1457 941 1499 quemadmodum
951 1456 1062 1491 fuiffer,
1078 1468 1143 1488 non

183 1499 328 1533 dicerem,
339 1499 358 1530 fi
364 1502 447 1542 pueri
456 1500 504 1538 effe}
513 1502 590 1530 illam
598 1500 718 1542 culpam,
730 1510 764 1529 ac
774 1501 920 1541 nonpatris
928 1498 1141 1530 existimarem.

182 1543 275 1572 Tune
285 1562 292 1576 ‚
312 1541 383 1573 cum
396 1553 423 1573 te
435 1564 443 1576 ,
464 1553 496 1573 ac
505 1552 586 1572 tuam
598 1544 689 1572 vitam
700 1541 797 1571 noffes
808 1562 817 1576 ,
840 1543 874 1571 in
891 1542 1021 1572 Siciliam
1041 1551 1142 1572 tecum

1185 1455 1319 1489 toribus,
1341 1456 1449 1497 quibus
1465 1466 1542 1487 tanta
1558 1467 1649 1487 onera
1667 1458 1740 1497 resp.
1754 1460 1942 1497 imponeret,
1962 1459 2144 1490 solveretur:

1184 1497 1235 1527 abs
1247 1507 1274 1527 te
1285 1496 1322 1528 fic
1334 1499 1486 1528 laceratam
1501 1497 1557 1528 esse
1568 1499 1637 1528 dico
1647 1519 1655 1533 ,
1667 1508 1699 1529 ut
1709 1498 1816 1539 poffim
1827 1499 1901 1529 illud
1914 1500 2047 1539 probare,
2061 1499 2080 1530 si
2089 1511 2143 1530 ve—

1186 1540 1241 1569 lim
1251 1560 1259 1573 ,
1279 1550 1405 1570 omnem
1416 1549 1444 1570 te
1455 1541 1531 1571 hanc
1541 1543 1697 1579 pecuniam
1709 1541 1822 1570 domum
1839 1549 1920 1570 tuam
1937 1542 2073 1580 avertisse.
2097 1552 2144 1573 et-

176 1583 324 1623 giandem
335 1594 540 1624 praeteXtatum
550 1583 649 1615 filium
660 1583 807 1614 ducebas?
831 1593 864 1614 ut
874 1604 882 1617 ‚
904 1586 995 1614 etiam
1006 1582 1027 1613 fi
1041 1592 1144 1615 natum
1183 1583 1266 1612 enim
1279 1580 1315 1612 fic
1326 1583 1401 1613 hanc
1412 1592 1475 1612 rem
1487 1591 1579 1613 totam
1590 1582 1799 1613 administrasti
1810 1603 1817 1617 2
1829 1592 1861 1612 ut
1873 1585 1928 1613 hoc
1940 1604 1948 1616 ‚
1960 1584 2040 1624 quod
2051 1584 2120 1615 dico
2129 1605 2141 1619 .

176 1634 307 1665 ΔΡηεῑιιτη
317 1625 333 1657 a
343 1628 472 1666 paternis
483 1628 566 1656 vitiis
579 1647 587 1660 ‚
598 1635 683 1668 atque
693 1627 708 1656 a
718 1627 836 1668 generis
846 1624 1040 1656 similitudine
1050 1626 1144 1657 abdu-
1180 1624 1299 1664 probari
1317 1622 1483 1665 aequiffimo
1499 1623 1700 1665 judici-possit.
1732 1624 1786 1655 Sed
1799 1635 1854 1666 ego
1865 1625 1981 1655 habebo
1989 1627 2140 1657 rationem

181 1676 277 1701 cerer,
288 1669 448 1708 consuetudo
459 1678 560 1699 tamen
569 1679 640 1699 eum
654 1689 662 1702 ‚
680 1668 714 1698 &
723 1668 879 1707 disciplina
888 1667 1064 1708 degenerare
1077 1679 1141 1699 non

180 1706 307 1740 fineret?
330 1713 385 1741 Fac
393 1713 478 1741 enim
486 1709 573 1740 fuisse
582 1713 614 1741 in
626 1710 682 1740 isto
694 1713 726 1740 C.
739 1711 826 1740 Laelii
840 1730 848 1744 ,
861 1712 907 1739 M.
919 1713 1042 1740 Catonis
1052 1714 1066 1730 ²
1077 1720 1142 1741 ma-

180 1752 286 1781 teriem
298 1771 306 1785 ,
324 1761 411 1793 atque
427 1752 582 1783 indolem:
607 1753 676 1793 QZ)
687 1755 704 1781 I
715 1754 745 1781 D
768 1754 837 1782 EX
854 1754 912 1781 EO
934 1752 1008 1781 boni
1020 1753 1138 1792 sperari,

181 1800 268 1833 atque
278 1791 357 1823 effici
367 1794 463 1834 potest
472 1815 481 1828 ,
494 1796 590 1835 quiin
599 1796 688 1835 patris
698 1794 818 1823 luxurie
828 1792 867 1823 fic
878 1795 1008 1827 vixerit,
1027 1804 1060 1824 ut
1070 1795 1140 1824 nul-

109 1838 117 1860 '.
154 1834 157 1837 '
176 1833 244 1864 lum
261 1844 404 1875 umquam
422 1837 566 1876 pudicum
577 1857 585 1870 ,
611 1847 709 1877 neque
720 1836 853 1866 sobrium
864 1837 1044 1866 convivium
1055 1836 1140 1866 vide*

180 1876 220 1906 rit
231 1879 241 1905 ?
260 1878 312 1916 qui
323 1879 355 1906 in
364 1879 459 1916 epulis
469 1878 651 1918 quotidianis
664 1898 672 1911 ‚
687 1877 786 1907 adulta
794 1886 876 1908 aetate
887 1897 894 1911 ,
909 1887 961 1917 per
970 1878 1149 1908 triennium*

179 1917 260 1947 inter
268 1918 433 1958 impudicas
443 1920 584 1949 mulieres
594 1940 603 1953 ,
626 1920 658 1949 δε
668 1921 911 1958 intemperanteis
920 1920 1002 1949 viros
1010 1910 1139 1950 vcriiitus

179 1955 235 1988 fit?
250 1960 329 1989 nihil
339 1970 483 2000 umquam
493 1960 509 1990 ὲ
519 1969 598 2001 patre
607 1961 743 1993 audierit,
755 1971 817 2001 quo
826 1959 986 1999 pudentior
994 1980 1002 1994 ,
1013 1970 1062 1991 aut
1072 1971 1139 1991 mc—

171 1999 240 2030 ·lior
255 1999 348 2030 ess'et?
363 2002 442 2032 nihil
452 2012 595 2043 umquam
606 2011 719 2041 patrem
728 2012 810 2041 agere
819 2001 928 2031 viderit
937 2021 945 2035 ,
963 2001 1046 2043 quod
1065 2013 1135 2033 cum

179 2042 315 2072 imitatus
330 2047 343 2070 3
354 2042 433 2077 esset,
443 2054 519 2077 non,
531 2044 561 2074 id
570 2042 654 2084 quod
663 2042 862 2083 turpiffimum
875 2042 917 2073 est
928 2064 936 2076 ,
947 2045 1021 2083 patri
1031 2042 1137 2074 fimilis

179 2091 330 2123 putaretur
343 2084 352 2110 ?
386 2085 504 2125 Qbus
515 2088 546 2115 in
558 2086 645 2116 rebus
654 2096 719 2116 non
730 2084 829 2115 solum
840 2083 917 2118 filio,
927 2084 1033 2115 verum
1046 2087 1135 2116 etiarn

97 2134 105 2138 ³
116 2130 163 2174 69
181 2126 246 2166 reip.
251 2124 345 2164 fectsti
354 2126 498 2165 injuriam.
516 2128 687 2167 susceperas
696 2129 780 2156 enim
791 2127 900 2156 liberos
911 2137 974 2156 non
984 2126 1085 2157 solum
1097 2130 1136 2157 ti-

181 2166 224 2200 bi,
234 2166 282 2196 sed
293 2169 381 2197 etiam
392 2170 492 2208 patriae
503 2179 508 2197 :
519 2170 645 2209 quinon
655 2168 751 2198 modo
758 2167 814 2197 tibi
825 2168 1033 2207 voluptati,sed
1044 2171 1133 2199 etiam

175 2209 228 2249 qui
238 2208 399 2249 aliquando
409 2209 473 2239 usui
483 2211 557 2250 reip.
568 2209 625 2239 effe
635 2208 761 2249 possent.
786 2211 846 2239 Eos
856 2209 1009 2240 instituere
1020 2230 1028 2243 ,
1048 2219 1134 2251 atque

175 2249 293 2279 erudire
303 2250 337 2280 ad
347 2251 498 2291 majorum
510 2251 662 2285 instituta,
680 2260 768 2292 atque
783 2252 912 2281 civitatis
930 2251 1131 2291 disciplinam,

177 2301 243 2321 non
259 2292 319 2322 4ad
339 2301 388 2322 tua
403 2291 513 2334 flagitia
523 2313 531 2327 ‚
552 2303 650 2334 neque
665 2292 702 2323 ad
713 2302 773 2322 tuas
783 2292 982 2332 turpitudines
991 2293 1130 2323 debuisti.

177 2331 259 2364 Effer
266 2343 304 2363 ex
313 2335 401 2364 inerti
412 2354 420 2368 ,
442 2344 528 2376 atque
541 2337 662 2376 impuro
672 2355 681 2368 ,
702 2334 886 2374 &improbo
897 2343 1015 2374 parente
1027 2345 1130 2369 navus,

175 2374 212 2405 &
220 2375 348 2414 pudens,
361 2376 393 2405 ὃς
403 2377 512 2416 pmbus
522 2375 612 2406 filius.
629 2376 749 2406 haberet
757 2376 868 2416 aliquid
879 2377 967 2406 abste
980 2377 1052 2417 resp.
1065 2387 1132 2408 mu-

175 2418 267 2446 neris.
287 2427 369 2447 nunc
379 2427 433 2457 pro
443 2428 471 2448 te
480 2421 605 2448 Verrem
615 2417 790 2448 substituisti
799 2419 924 2448 alterum
933 2420 1058 2448 civitati.
1077 2418 1132 2449 nisi

173 2458 234 2488 hoc
241 2457 320 2488 forte
329 2458 460 2490 deterior
468 2459 511 2490 cst
519 2480 528 2493 ,
540 2458 561 2489 sl
572 2459 635 2489 fieri
645 2459 742 2499 potest
750 2480 758 2492 ‚
770 2457 852 2500 quod
863 2469 893 2489 tu
902 2460 1050 2499 ejusmodi
1062 2471 1130 2491 eva—

174 2497 234 2530 fisti
244 2520 253 2534 ‚
265 2510 329 2531 non
340 2503 372 2530 in
382 2502 518 2531 hominis
528 2500 671 2531 luxuriofi
681 2521 689 2535 ,
703 2501 752 2532 sed
764 2500 881 2531 tantum
895 2503 927 2531 in
936 2501 1026 2535 furis,
1041 2513 1074 2532 ac
1084 2502 1131 2532 di—

172 2541 280 2572 visoris
289 2542 446 2582 disciplina
462 2547 603 2572 educatus.
626 2543 708 2585 Qid
718 2542 775 2572 isto
787 2542 924 2572 festivius
934 2542 1000 2573 fore
1009 2544 1131 2574 arbitra-

172 2585 314 2624 mur‚¹qui
325 2583 367 2614 est
378 2594 445 2615 tuus
453 2595 555 2615 natura
565 2583 880 2618 filius,consuetudine
889 2584 1064 2625 discipulus,
1074 2596 1132 2616 vo-

169 2624 285 2656 luntate
294 2623 516 2666 fimilis?Qem
526 2626 862 2668 ego,judices‚quamvis
872 2625 1132 2660 bonum‚fortem-

171 2676 228 2707 que
245 2666 335 2697 facilc
352 2677 466 2707 paterer
475 2668 609 2699 evadeie.
635 2678 698 2698 non
707 2678 791 2697 enim
804 2678 853 2697 me
864 2669 1033 2698 inimicitiae
1044 2679 1132 2699 com-

170 2717 309 2742 movent,
320 2707 340 2738 fi
351 2720 416 2750 quae
425 2711 504 2739 mihi
515 2720 584 2740 cum
600 2709 656 2740 isto
666 2709 773 2739 futurae
784 2707 849 2739 sint.
867 2719 941 2739 nam
952 2708 973 2739 sl
983 2711 1015 2739 in
1026 2713 1131 2740 omni-

169 2749 226 2779 bus
235 2750 323 2780 rebus
334 2753 479 2781 innocens
489 2751 575 2781 fuero
583 2772 592 2785 ‚
605 2753 726 2792 meique
736 2749 841 2781 similis
854 2761 858 2779 :
870 2751 943 2791 quid
955 2752 1033 2781 mihi
1045 2751 1130 2782 istius

169 2791 340 2823 inimicitiae
350 2793 526 2824 nocebunt?
544 2791 588 2823 fin
603 2794 701 2834 aliqua
710 2794 743 2823 in
752 2803 783 2823 re
792 2794 879 2823 Verri
895 2791 1003 2823 similis
1022 2792 1106 2824 fuero
1117 2813 1126 2828 ‚

203 2951 227 2969 1.
245 2946 304 2978 'Ngn
314 2945 339 2968 in
342 2942 446 2975 sermone
454 2945 548 2968 incauto
557 2943 586 2973 (21¹
595 2942 718 2977 improbo}
736 2941 780 2968 Sic
788 2948 857 2970 vett.
867 2943 895 2969 δε
907 2942 940 2969 sic
951 2941 1019 2968 Pall.
1031 2942 1124 2973 nostri,

163 2976 200 3004 fic
209 2978 346 3004 Victorius
358 2997 366 3009 ,
377 2977 410 3004 fic
420 2979 599 3005 Hotomanus.
621 2978 767 3005 Lambinus
780 2997 788 3011 ,
799 2980 898 3012 impura.
919 2977 990 3015 quod
1000 2979 1027 3004 ὃ(
1038 2978 1067 3005 in
1078 2977 1126 3004 ms.

166 3012 280 3040 Nannii.
300 3013 352 3040 fuit
363 3023 422 3040 curn
432 3013 580 3040 didimi-em
589 3016 690 3041 intanto.
706 3039 711 3045 ,

201 3058 229 3075 ²..
246 3052 392 3076 &lazarium
400 3057 472 3084 atque
479 3051 600 3085 indolem]
612 3049 770 3083 Lambinus,
780 3057 905 3076 naturam.
925 3058 972 3076 cui·
981 3049 1088 3076 obsecro
1099 3050 1109 3075 ?

202 3092 229 3120 3.
248 3085 309 3117 Effe!
319 3105 327 3117 ,
337 3094 381 3111 mn
389 3086 416 3112 id
423 3087 483 3120 quod
489 3087 555 3121 &c.]
572 3088 598 3112 N
603 3086 696 3113 annius
709 3086 865 3122 conjiciebat
876 3107 884 3120 ‚
893 3096 938 3113 non
948 3087 1062 3119 honestior
1072 3085 1129 3119 ‚sed

163 3119 322 3155 gamatus-pm:

197 3162 227 3188 4.
249 3155 303 3191 [Ad
309 3162 353 3183 tua
358 3157 466 3192 flagitia,
476 3158 574 3195 mque-[1
587 3157 761 3196 Circumsepsi
770 3158 824 3187 haec
834 3157 920 3192 uncis,
930 3156 1006 3195 quod
1013 3157 1042 3186 in
1052 3156 1128 3185 nullo

1181 1665 1364 1697 auctoritatis
1378 1676 1451 1696 meae
1464 1677 1470 1696 :
1490 1670 1662 1697 meminero
1671 1688 1679 1701 ,
1691 1677 1752 1708 quo
1762 1669 1866 1697 animo
1878 1688 1885 1700 ,
1897 1677 1958 1708 quo
1968 1666 2093 1698 consilio
2103 1668 2142 1699 ad

1183 1709 1299 1738 causum
1319 1708 1471 1748 publicam
1490 1707 1658 1740 access'erim
1672 1721 1678 1739 :
1700 1719 1761 1740 uon
1781 1720 1863 1751 agam
1881 1719 1980 1739 tecum
1990 1710 2145 1740 accusato-

1180 1750 1225 1780 rie
1238 1761 1243 1779 :
1257 1750 1336 1779 nihil
1348 1749 1460 1792 fingam
1473 1761 1478 1779 t
1493 1751 1720 1792 nihilcuiquam
1731 1752 1847 1791 probari
1859 1752 1963 1785 velim,
1977 1762 2025 1781 me
2036 1751 2142 1782 dicen—

1181 1801 1209 1822 te
1220 1812 1229 1825 ,
1251 1792 1333 1833 quod
1345 1802 1407 1822 non
1418 1801 1483 1823 ante
1498 1792 1696 1833 mihimetipsi
1705 1793 1864 1833 probatum
1874 1792 1916 1823 fit.
1939 1796 1976 1823 In
1988 1795 2039 1823 hac
2048 1804 2141 1834 pecu·-

1181 1836 1229 1864 nia
1240 1834 1358 1873 publica
1368 1854 1376 1868 ‚
1385 1834 1502 1874 judices
1512 1855 1520 1867 ‚
1534 1835 1596 1865 haec
1606 1836 1708 1865 insunt
1719 1838 1771 1865 tria
1779 1842 1885 1876 genera
1892 1834 2054 1865 furtorum.
2074 1837 2140 1866 Pri-

1181 1874 1268 1906 mum
1278 1874 1351 1905 cum
1360 1875 1450 1915 posita
1461 1875 1532 1906 efl'et
1540 1878 1666 1916 pecunia
1675 1877 1753 1916 apud
1766 1886 1810 1906 eas
1822 1876 1980 1910 societates,
1989 1877 2069 1907 unde
2078 1886 2139 1908 erat

1179 1917 1336 1951 attributa,
1357 1917 1439 1948 binis
1450 1917 1620 1948 centesimis
1630 1917 1789 1948 foeneratus
1808 1916 1860 1948 est.
1876 1918 1992 1948 'deinde
2002 1920 2138 1958 permul-

1180 1961 1216 1989 tis
1232 1959 1403 1989 civitatibus
1422 1969 1475 1998 pro
1488 1958 1643 1989 frumento
1656 1960 1734 1988 nihil
1746 1959 1836 1989 solvit
1852 1962 1985 1990 omnino
1998 1971 2003 1990 :
2014 1960 2137 2001 ¹postre-

1181 1999 1234 2030 mo
1245 2020 1254 2034 ,
1267 1999 1289 2030 fi
1297 2002 1347 2030 cui
1357 2002 1470 2030 civitati
1481 2001 1588 2031 solvit:
1607 2010 1720 2030 tantum
1732 2001 1879 2035 detraxit,
1890 2011 2037 2042 quantum
2047 2012 2136 2032 corn.-

1180 2042 1309 2072 modum
1319 2041 1395 2071 fuit:
1415 2042 1492 2072 nulli
1502 2062 1510 2075 ,
1532 2042 1612 2083 quod
1623 2042 1759 2072 debitum
1771 2041 1830 2076 est,
1848 2043 1987 2073 reddidit.
2020 2047 2064 2074 Ac
2072 2046 2133 2084 pri·
2155 2052 2200 2087 75

1180 2094 1210 2114 m
1216 2083 1266 2113 um
1279 2085 1336 2113 hoc
1345 2093 1383 2113 ex
1393 2092 1421 2114 te
1430 2094 1547 2124 quxro:
1566 2093 1597 2114 tu
1610 2104 1618 2118 ,
1642 2087 1689 2114 cui
1700 2084 1851 2124 publicani
1861 2095 1900 2114 ex
1910 2087 2072 2125 Carpinatii
2081 2086 2134 2116 lit.-

1177 2128 1246 2156 teris
1254 2127 1356 2167 gratias
1366 2135 1502 2166 egerunt,
1516 2128 1641 2165 pecunia
1650 2126 1767 2166 publica
1776 2136 1815 2156 ex
1824 2128 1925 2156 aerario
1935 2136 2048 2169 erogata
2059 2148 2068 2160 ,
2096 2138 2136 2159 ex
2149 2150 2151 2156 .

1177 2167 1373 2208 veciigalibus
1391 2167 1496 2207 populi
1506 2170 1600 2197 Rom.
1618 2168 1653 2197 ad
1670 2167 1835 2198 emendum
1852 2167 2042 2199 frumentum
2051 2172 2137 2200 attri-

1177 2209 1247 2240 buta
1258 2230 1266 2242 ,
1278 2208 1408 2239 fueritne
1419 2209 1473 2238 tibi
1484 2209 1609 2250 quaestui
1622 2220 1627 2238 :
1645 2208 1831 2249 pensitaritne
1845 2210 1900 2240 tibi
1911 2210 1995 2240 binas
2008 2209 2134 2241 centesi-

1177 2261 1248 2281 mas.
1279 2250 1376 2280 Credo
1393 2260 1420 2280 te
1430 2260 1618 2291 negaturum.
1646 2253 1740 2291 turpis
1753 2253 1835 2281 enim
1847 2250 1889 2282 est
1900 2272 1908 2284 ‚
1929 2252 1961 2281 &
1971 2253 2137 2291 periculosa

1177 2292 1308 2332 conseffio.
1330 2293 1411 2322 Mihi
1421 2302 1525 2322 autem⁴
1533 2294 1590 2322 hoc
1598 2293 1775 2333 perarduum
1786 2292 1827 2323 est
1836 2293 2050 2324 demonstrare.
2065 2296 2134 2336 qui-

1177 2335 1232 2364 bus
1243 2336 1327 2364 enim
1337 2333 1483 2364 testibus?
1499 2334 1664 2374 publicanis
1675 2337 1685 2363 ?
1697 2333 1986 2365 t1·a5tatihon0rifice
1997 2336 2079 2366 sunt:
2092 2345 2136 2367 ta—

1177 2376 1296 2406 cebunt.
1308 2376 1411 2405 litterae
1420 2379 1539 2406 eorum?
1549 2376 1910 2406 decretodecumanorum
1920 2386 2042 2408 remotae
2054 2379 2132 2409 sunt.

1177 2416 1247 2459 Qo
1260 2428 1309 2448 me
1320 2419 1412 2459 igitur
1421 2428 1534 2448 vertam
1546 2420 1556 2446 ?
1574 2428 1638 2448 rem
1650 2428 1708 2448 tam
1720 2418 1892 2458 improbam
1901 2438 1909 2452 ‚
1921 2421 2036 2449 crimen
2046 2429 2135 2451 tantae

1175 2460 1320 2493 audaciae,
1333 2468 1478 2500 tantaeque
1488 2459 1686 2499 impudentiae
1696 2480 1703 2493 ‚
1714 2469 1832 2500 propter
1842 2461 1976 2499 inopiam
1988 2460 2107 2491 testium
2121 2482 2138 2495 ‚.

1174 2512 1206 2531 ac
1217 2502 1380 2531 litterarum
1393 2504 1616 2541 praetermittam
1629 2504 1640 2531 ?
1657 2512 1721 2531 non
1731 2501 1836 2531 faciam
1849 2521 1857 2534 ‚
1866 2502 1992 2540 iudices.
2016 2511 2080 2532 utar
2090 2513 2138 2533 te-

1176 2543 1229 2573 ste.
1253 2546 1335 2583 quo?
1359 2546 1388 2573 P.
1400 2545 1501 2572 Vettio
1511 2543 1651 2577 Chilone,
1664 2544 1790 2572 homine
1801 2542 1942 2583 equestris
1952 2543 2067 2573 ordinis
2076 2547 2135 2574 ln)-

1176 2583 1341 2615 nestiffimo
1353 2606 1361 2618 ,
1372 2593 1457 2625 atque
1467 2583 1652 2614 ornatissimo
1663 2595 1668 2613 ;
1679 2588 1732 2625 qui
1742 2583 1790 2614 isti
1800 2587 1838 2614 ita
1847 2587 1973 2618 amicus,
1986 2586 2019 2615 δε
2029 2588 2134 2618 neces-

1176 2628 1264 2657 sarius
1281 2626 1342 2660 est,
1363 2635 1413 2659 ut,
1434 2628 1522 2656 etiam
1534 2625 1716 2655 srvirbonus
1728 2635 1790 2655 non
1799 2624 1889 2660 efl'ct,
1910 2635 2029 2660 tamen,
2049 2629 2134 2668 quod

1173 2679 1277 2699 contra
1288 2668 1378 2698 istum
1391 2668 1501 2697 diceret
1510 2688 1518 2700 ,
1530 2677 1621 2707 grave
1633 2668 1792 2696 videretur:
1810 2669 1848 2698 ita
1856 2668 2010 2699 virbonus
2021 2669 2074 2703 est,
2086 2679 2131 2704 ut,

1176 2712 1266 2740 etiam
1278 2708 1296 2739 si
1308 2707 1530 2739 inimicissimus
1538 2709 1585 2738 isti
1595 2707 1674 2742 esset,
1686 2718 1786 2739 tamen
1795 2709 1861 2745 ejus
1871 2709 2047 2741 testimonio
2058 2712 2135 2741 credi⁴

1177 2759 1317 2792 oporteret.
1342 2751 1514 2780 Admiratus
1524 2751 1557 2780 &
1567 2750 1715 2790 exspeERat
1724 2771 1732 2784 ‚
1751 2751 1894 2791 quidnam
1905 2754 2023 2782 Vettius
2033 2753 2132 2784 dieto-

1178 2803 1228 2824 rus
1238 2791 1280 2824 fit.
1304 2793 1382 2822 nihil
1394 2792 1520 2823 dicetex
1531 2801 1683 2832 tempore:
1700 2792 1779 2822 nihil
1789 2803 1827 2823 ex
1837 2793 1886 2824 sua
1894 2793 2063 2824 voluntate:
2082 2797 2131 2826 ni·

2060 2838 2124 2873 hil,

1167 2942 1314 2969 invenerim
1326 2941 1394 2969 Pau.
1405 2948 1451 2968 aut
1463 2941 1545 2968 veteri
1557 2939 1684 2968 editione.

1207 2987 1220 3012 5
1227 2999 1232 3004 .
1253 2982 1328 3003 Unum
1338 2985 1469 3003 ceterarum
1478 2976 1653 3011 decumarum]
1665 2975 1723 3004 Alii
1732 2977 1902 3014 publicarunt
1911 2986 2038 3005 certarum.
2051 2979 2112 3006 Nan
2119 2999 2132 3006 -

1168 3013 1248 3046 liber,
1259 3023 1331 3039 unum
1341 3014 1499 3039 decumarum.
1518 3021 1545 3040 at
1557 3013 1671 3040 Hotom.
1683 3022 1757 3040 vetus
1769 3023 1777 3046 3
1789 3024 1862 3040 unum
1872 3016 2003 3041 alterarum
2013 3016 2101 3041 Aecum.

1204 3050 1232 3076 6.
1253 3051 1329 3083 Hujus
1346 3051 1454 3082 imperati
1473 3052 1549 3075 tritici
1565 3050 1625 3075 mod.
1641 3050 1754 3084 mccc]
1774 3050 1817 3076 Sic
1829 3049 1906 3076 hodie
1917 3051 2126 3086 sei-elegiturcx

1170 3085 1238 3111 libro
1248 3085 1362 3111 Nauuii.
1384 3085 1479 3120 quippe
1490 3084 1645 3118 l‘all.fuiffit
1654 3089 1730 3112 tritIci
1739 3086 1797 3112 mod.
1808 3095 1894 3112 Dece.
1905 3088 1955 3118 &c-

1203 3129 1231 3155 7,
1253 3121 1324 3146 11-8.
1344 3121 1385 3146 Bis
1401 3121 1431 3151 όν
1445 3121 1553 3155 tricies]
1575 3122 1609 3147 Et
1619 3121 1672 3147 hoec
1682 3121 1764 3149 lectio
1775 3123 1790 3152 a
1801 3121 1954 3159 conjestura
1963 3121 2125 3152 Hotoman.

1169 3155 1316 3186 editicium
1327 3155 1469 3194 scriptique
1480 3157 1542 3186 fl-s
1552 3157 1715 3185 ‹lunden-ecies.

1634 3193 1725 3229 Nn3
2060 3195 2131 3219 κει
