2316 3395
161 1898 206 1931 43

225 137 284 187 80
650 133 1148 189 MTunrn

222 221 347 254 tificiose
355 223 464 267 digesta
473 224 636 266 gener-atim
647 229 875 263 componerent-
889 221 976 250 Nmi
984 229 1002 249 L
1013 228 1070 249 εει·
1080 219 1176 252 enim,

222 266 303 306 quod
316 266 349 296 ad
361 277 452 296 artem
462 267 554 305 redigi
566 264 651 306 polsit
662 285 670 298 ‚
694 263 749 294 nisi
761 265 811 292 ille
822 264 902 302 prius
914 282 922 294 ,
943 263 995 302 qui
1015 261 1067 291 illa
1088 269 1179 294 tenet,

222 316 351 348 quorum
363 317 455 338 artem
467 308 619 338 instituere
630 307 695 336 vult
707 326 714 338 ,
735 304 839 334 habeat
849 303 933 333 illam
953 303 1107 333 scientiam
1119 322 1127 336 ‚
1150 311 1182 332 ut

223 358 262 377 ex
274 351 309 378 iis
323 350 407 379 rebus
419 370 427 383 ,
449 360 575 391 quarum
586 358 628 378 ars
639 346 779 377 nondum
791 344 824 375 sit
834 365 841 378 ‚
854 353 946 375 artem
957 343 1075 375 efficere
1084 342 1179 385 poffit.

224 392 293 420 Hoc
312 392 402 421 video
414 413 422 425 ‚
442 392 515 421 dum
535 391 662 419 breviter
675 388 826 417 voluerim
837 387 935 417 dicere
946 406 954 419 ‚
976 386 1093 416 distum
1105 386 1121 416 a
1130 395 1180 416 me

223 430 282 461 esse
300 434 401 471 piullo
422 433 573 462 obscurius
587 441 591 459 :
616 429 664 460 sed
675 431 808 470 experiar
818 448 826 461 ,
847 429 880 458 &
891 428 989 458 dicam
1002 448 1010 462 ,
1032 427 1177 468 sipotero,

225 474 353 512 planius.
398 476 519 503 Omma
538 482 624 501 rent:
635 492 644 505 ‚
663 482 729 512 quae
741 471 809 501 sunt
817 470 956 500 conclusa
965 480 1046 500 nunc
1056 469 1178 502 artibus,

223 515 360 553 dispersa,
374 515 405 545 δε
417 513 545 554 diffipzita
554 513 708 554 quondam
718 512 840 542 fuerunt
854 523 859 541 z
880 521 912 541 ut
922 514 955 541 in
964 510 1082 542 musicis
1093 530 1102 546 ‚
1123 521 1179 540 nu-

224 558 299 586 meri
312 576 319 589 ‚
333 558 365 586 &
376 567 463 586 voces
478 577 485 589 ‚
497 556 530 586 δε
545 555 630 585 modi
644 557 693 584 :in
703 563 865 595 geometria
877 574 884 586 ‚
897 553 1079 583 lineamenta
1089 572 1097 587 ‚
1118 552 1181 582 for-

224 607 293 631 riiae,
307 598 468 630 intervalla,
481 597 705 638 magnitudines
719 608 723 626 z
747 598 780 625 in
790 595 947 636 astrologia
958 615 966 628 ,
979 596 1043 625 cccli
1054 605 1181 625 conver-

222 637 274 671 sio,
288 649 381 672 ortus,
393 640 506 672 obitus,
519 639 677 680 motusque
689 637 817 668 siderum
831 648 836 666 :
850 639 881 667 in
891 637 1181 678 gi‘amniatici3‚po³e—

221 689 317 710 tirum
328 680 514 720 pertractatio
525 701 533 713 ,
547 680 739 711 historiarum
749 681 884 721 cognitio
895 699 903 712 ,
914 680 1076 709 verborum
1090 680 1182 708 inter—

220 730 344 761 pretatio
356 742 363 755 ‚
384 723 602 762 pronuntiandi
613 722 737 763 quidam
749 722 850 752 sonus.
875 723 907 750 in
918 721 971 750 hac
982 720 1111 760 denique
1122 719 1182 758 ipsa

222 766 337 793 ratione
347 763 467 794 dicendi
479 785 488 798 ,
500 766 677 805 excogitare,
690 774 803 797 ornare,
815 763 982 802 disponere,
996 761 1180 794 memffliffe,

221 814 305 845 agere
316 817 324 839 3
336 808 438 846 ignota
446 805 599 847 quondam
610 805 766 837 omnibus,
785 809 795 824 ¹
810 805 843 834 &
853 803 959 834 diffusa
968 804 1024 834 late
1036 803 1182 833 videban-

223 855 281 876 tur.
313 848 457 878 Adhibita
469 848 512 878 est
520 850 611 888 igitur
620 857 663 877 ars
674 847 810 887 quaedam
821 846 1003 876 extrinsecus
1013 856 1051 875 ex
1061 845 1121 875 alio
1131 855 1182 886 ge—

223 897 294 918 nere
304 889 433 929 quodam
446 910 454 923 ‚
475 889 557 931 quod
568 888 619 919 sibi
640 898 739 918 totum
755 888 907 929 philosbplai
925 886 1078 917 affiimunt
1088 907 1096 920 ,
1117 896 1181 927 quae

224 939 289 959 rem
308 929 481 961 dissolutam
493 952 502 964 ‚
523 931 731 971 divulsamque
749 931 985 971 conglutinaret,
1017 930 1050 959 δε
1067 930 1181 958 ratione

222 972 351 1012 quadam
362 972 586 1014 constringeret.
610 975 652 1003 Sit
661 982 732 1013 ergo
743 973 848 1011 injure
856 971 941 1001 civili
961 970 1028 1000 finis
1049 971 1097 1000 hic
1109 991 1117 1002 ‚
1139 971 1182 999 le-

222 1016 349 1054 gitimae,
361 1024 446 1056 atque
458 1014 566 1045 usitatae
577 1017 609 1044 in
621 1014 719 1047 rebus,
733 1012 879 1054 causisque
890 1014 1004 1042 civium
1017 1033 1024 1046 ‚
1036 1010 1182 1053 ‹equabili-

222 1056 289 1084 tatia
307 1056 487 1096 corifi-rixatio.
521 1059 604 1086 Tum
615 1057 684 1086 sunt
693 1055 821 1085 notanda
832 1064 939 1097 genera
948 1074 956 1087 ‚
978 1055 1010 1083 δε
1020 1054 1055 1084 ad
1066 1062 1180 1083 certum

223 1106 388 1127 numerum
408 1100 644 1138 paucitatemque
659 1097 831 1127 revocanda.
864 1098 967 1126 Genus
976 1105 1075 1125 autem
1087 1094 1129 1124 est
1140 1094 1179 1138 id,

221 1139 305 1179 quod
316 1140 360 1169 sui
370 1139 480 1170 similes
490 1141 712 1170 communione
722 1139 849 1179 quadam
861 1159 869 1173 ‚
890 1138 984 1178 specie
1002 1146 1103 1167 autem
1117 1136 1178 1165 diis

223 1182 375 1215 terenteis,
387 1182 468 1214 duas,
481 1190 531 1211 aut
540 1182 651 1221 plureis
662 1179 874 1221 comple&itur
883 1181 997 1220 parteis.
1022 1182 1118 1208 Partes
1129 1188 1182 1207 au-

225 1231 289 1252 tem
302 1223 370 1253 sunt
381 1243 389 1257 ,
401 1233 464 1264 quae
477 1223 635 1264 generibus
645 1225 681 1253 iis
693 1243 701 1256 ,
722 1233 762 1252 ex
780 1222 888 1263 quibus
906 1229 1066 1253 emanant,
1091 1220 1182 1258 subji-

223 1266 356 1294 ciuntur.
380 1267 542 1305 omniaque
553 1286 561 1299 ,
573 1275 638 1305 quae
650 1266 717 1295 sunt
726 1265 772 1293 vel
783 1266 911 1303 partium
923 1264 1061 1294 nomina,
1073 1259 1183 1290 defini-

223 1306 360 1336 tionibus
372 1327 380 1341 ,
393 1317 484 1347 quam
494 1309 558 1337 vim
570 1307 707 1339 habeant,
720 1305 761 1336 est
771 1304 1014 1345 exprimendum.
1037 1303 1087 1333 Est
1098 1304 1181 1332 enim

223 1347 349 1386 definitio
362 1368 370 1381 ,
386 1359 491 1378 earum
509 1359 608 1378 rerum
619 1369 626 1382 ,
647 1358 713 1389 quae
725 1348 793 1377 sunt
802 1348 864 1386 ejus
876 1348 917 1376 rei
927 1347 1054 1385 piopriae
1064 1365 1072 1378 ,
1092 1354 1181 1385 quam

224 1388 352 1420 definire
364 1391 507 1420 volumus
518 1410 526 1423 ,
541 1391 638 1420 brevis
649 1410 657 1423 ,
670 1390 702 1420 δε
711 1389 930 1428 circumscripta
939 1386 1075 1428 quasdam
1087 1386 1184 1425 expli-

222 1433 311 1461 catio.
334 1432 424 1462 Hisce
434 1442 490 1473 ego
499 1432 586 1461 rebus
595 1431 734 1471 exempla
743 1427 1094 1471 adjungerem,nifi,apud
1105 1438 1181 1468 quos

224 1473 289 1502 haec
306 1473 463 1503 haberetur
480 1475 576 1504 oratio
587 1493 595 1507 ,
617 1482 779 1503 cernerem.
804 1481 884 1501 nunc
901 1470 1086 1510 compleetar
1101 1469 1181 1510 quod

225 1515 386 1555 proposui,
409 1515 504 1545 brevi.
537 1517 567 1545 Si
587 1517 671 1544 enim
689 1523 737 1544 aut
752 1514 829 1543 mihi
839 1512 933 1542 facere
943 1513 1060 1542 licuerit
1070 1531 1078 1546 ‚
1099 1511 1181 1552 quod

223 1556 342 1596 jamdiu
352 1559 463 1598 cogito,
475 1566 524 1587 aut
533 1557 608 1587 alius
619 1556 778 1596 quispiam,
789 1564 848 1588 aut,
861 1565 911 1584 me
922 1553 1082 1594 impedito,
1093 1563 1183 1582 occu-

223 1600 318 1638 parit,
342 1608 392 1628 aut
402 1607 525 1628 mortuo
535 1597 666 1628 effecerit
675 1618 683 1631 ‚
702 1606 735 1627 ut
744 1596 878 1637 primum
890 1596 1038 1635 omnejus
1050 1595 1139 1624 civile
1150 1597 1183 1624 in

225 1649 333 1682 geneia
341 1640 462 1681 digerat,
472 1650 538 1681 quae
547 1649 688 1680 perpauca
698 1639 764 1669 sunt
776 1649 781 1668 :
804 1637 912 1668 deinde
922 1647 1027 1667 eorum
1037 1646 1181 1677 generum

225 1680 306 1722 quasi
316 1681 452 1722 quaedam
463 1683 599 1712 membra
609 1682 775 1721 dispertiat:
804 1689 871 1710 tum
881 1682 1031 1719 propriam
1042 1678 1183 1718 cujusque

225 1726 293 1753 vim
304 1722 481 1753 definitione
491 1724 619 1753 declaret
630 1734 635 1752 z
664 1722 828 1762 perfeffam
839 1730 930 1751 artem
940 1723 1013 1761 juris
1021 1720 1121 1750 civilis
1132 1722 1184 1750 ha-

224 1765 336 1795 bebitis
347 1785 355 1798 ,
367 1767 460 1805 magis
469 1775 604 1806 magnam
614 1785 622 1799 ,
634 1774 719 1805 atque
730 1763 838 1793 uberem
849 1784 857 1796 ‚
868 1763 959 1804 quam
969 1762 1110 1802 difficilem
1121 1782 1130 1796 ‚
1142 1771 1185 1791 at·-

225 1817 285 1849 que
295 1805 446 1846 obfi‘uram.
465 1811 563 1848 Atque
575 1810 686 1836 interea
696 1815 807 1839 tamen,
819 1805 893 1835 dum
904 1806 1045 1845 haec,quae
1057 1804 1183 1844 dispersa

228 1850 306 1882 sunt,
319 1858 477 1890 coguntur,
490 1849 537 1878 vel
548 1847 650 1888 passim
662 1848 732 1878 licet
741 1856 911 1887 carpentem
922 1867 930 1880 ‚
944 1847 976 1876 δε
986 1847 1182 1886 colligentem

227 1891 371 1931 undique,
381 1894 395 1909 2
407 1890 676 1930 replerijustajuris
686 1889 785 1919 civilis
796 1890 927 1919 scientia.
975 1891 1088 1918 Nonne
1098 1887 1183 1917 vide-

227 1935 275 1966 tis,
287 1934 420 1972 equitem
432 1935 619 1965 Romanum,
632 1933 793 1961 hominem
805 1928 970 1960 acutiffimo
980 1931 1122 1960 omnium
1134 1931 1181 1958 in-

225 1976 317 2016 genio
329 1995 337 2007 ‚
362 1974 411 2003 sed
424 1974 554 2003 minime
566 1975 670 2004 ceteris
689 1972 800 2002 artibus
820 1972 969 2002 eruditum
981 1991 989 2005 ‚
1010 1974 1042 2002 C.
1054 1971 1183 2000 Aculeo-

226 2026 311 2049 nem,
322 2016 374 2056 qui
384 2025 506 2045 mecum
517 2017 604 2048 vivit,
618 2016 792 2055 semperque
802 2016 936 2047 vixit‚ita
945 2023 1043 2043 tenere
1051 2014 1097 2053 jus
1109 2014 1183 2042 civi-

225 2057 266 2092 le,
279 2059 335 2090 uti,
347 2067 418 2088 cum
428 2057 464 2087 ab
474 2058 533 2087 hoc
548 2055 734 2087 discesseritis
744 2077 752 2090 ‚
765 2066 859 2086 nemo
869 2056 953 2086 cleiis
964 2077 972 2090 ‚
983 2057 1036 2096 qui
1044 2052 1184 2095 peritiffi-

227 2101 273 2130 mi
292 2100 376 2133 sunt,
397 2101 615 2139 anteponatur?
635 2101 747 2128 Omnia
757 2100 842 2129 enim
854 2099 921 2129 sunt
931 2096 1023 2139 posita
1032 2106 1100 2129 ante
1109 2107 1183 2127 ocu-

226 2142 285 2174 los,
297 2141 441 2170 collocata
450 2143 483 2170 in
495 2142 548 2171 usu
557 2140 781 2181 quotidian0‚in
793 2139 996 2181 congressione
1004 2141 1181 2172 hominurn,

226 2191 316 2223 atque
325 2184 358 2211 in
368 2181 435 2212 soro
447 2193 451 2210 z
464 2192 560 2223 neque
570 2192 609 2212 ita
618 2182 713 2211 multu
721 2182 830 2215 litteris,
841 2191 890 2211 aut
899 2180 1111 2211 voluminibus
1122 2190 1184 2210 ma-

249 2234 294 2253 nis
313 2226 516 2254 continentur.
540 2224 643 2254 eadem
664 2226 748 2253 enim
761 2224 828 2253 sunt
836 2223 909 2253 elata
918 2221 1055 2263 priQO
1066 2221 1081 2251 a
1090 2222 1185 2261 pluri-

226 2235 285 2296 ἴτυς
298 2276 303 2294 z
324 2265 443 2298 deinde,
465 2267 565 2306 paucis
583 2265 684 2295 verbis
700 2267 893 2297 commutatis
902 2284 910 2297 ‚
931 2266 1020 2293 etiarn
1031 2264 1066 2293 ab
1078 2262 1184 2293 iisdem

228 2307 420 2347 scriptoribus
432 2307 537 2346 scripta
547 2308 615 2337 sunt
625 2308 736 2346 saepius.
761 2306 883 2336 Accedit
899 2304 971 2335 vero
990 2315 1051 2346 quo
1068 2304 1184 2334 facilius

228 2350 353 2389 percipi,
365 2349 566 2389 cognoscique
574 2349 622 2388 jus
632 2349 722 2378 civile
732 2347 818 2388 pollit
829 2367 837 2381 ,
851 2347 944 2388 (quod
956 2346 1086 2376 minime
1097 2346 1187 2386 pleri—

230 2404 241 2419 ι
253 2401 288 2420 ue
296 2390 487 2430 arbitrantur)
499 2392 573 2420 mira
583 2389 717 2430 quaedam
728 2392 761 2420 in
769 2388 1118 2429 cognoscendofimvitas
1129 2408 1137 2420 ,
1154 2388 1186 2417 δε

230 2402 400 2462 delefihitio.
430 2434 522 2465 Nam,
535 2430 593 2461 sive
603 2441 694 2472 quem
705 2432 801 2461 aliena
811 2430 906 2460 studia
916 2430 1063 2460 delectant
1073 2450 1081 2463 ,
1094 2429 1188 2469 pluri-

230 2484 282 2503 ma
291 2473 333 2503 est
344 2474 420 2503 &in
429 2475 516 2503 omni
524 2473 591 2512 jure
601 2473 704 2506 civili,
718 2473 793 2503 &in
802 2471 985 2512 pontificum
998 2472 1080 2501 libris
1093 2491 1100 2504 ,
1113 2471 1188 2500 &in

231 2518 302 2545 XII.
315 2515 433 2548 tabulis,
445 2517 626 2555 antiquitatis
637 2513 846 2555 effigies‚quod
857 2514 889 2544 &
899 2514 1060 2544 verborum
1074 2517 1085 2540 3
1097 2513 1190 2552 prisca

233 2555 360 2586 vetustas
370 2557 559 2597 cognoscitur
569 2576 577 2589 ,
591 2557 624 2587 ὃς
633 2556 788 2586 astionum
800 2565 906 2596 genera
915 2554 1049 2596 quaedam
1062 2574 1072 2587 ,
1094 2555 1191 2593 majo-

232 2607 300 2627 rum
312 2597 572 2632 consuetudinem,
583 2600 735 2638 vitamque
746 2598 910 2627 declarant:
922 2596 980 2626 sive
990 2598 1057 2637 quis
1067 2595 1189 2626 civilem

234 2640 389 2669 scientiam
399 2640 620 2678 contempletur
630 2659 638 2673 ,
651 2640 753 2680 (quam
764 2640 895 2670 Scaevola
904 2648 967 2668 non
977 2646 1058 2678 putat
1067 2639 1190 2667 oratoris

232 2679 292 2711 effe
310 2682 459 2720 propriam
471 2701 479 2714 ,
500 2681 548 2710 scd
559 2681 713 2721 cujusdam
724 2691 762 2711 ex
772 2681 832 2711 alio
841 2691 948 2722 genere
958 2679 1132 2720 prudentiae)
1145 2687 1191 2708 to-

234 2730 295 2752 tam
308 2723 382 2752 hanc
394 2725 411 2748 4
421 2722 571 2762 descripns
581 2722 724 2753 omnibus
736 2724 863 2753 civitatis
875 2721 1052 2752 utilitatibus
1065 2740 1072 2754 ‚
1085 2731 1117 2750 ac
1127 2730 1192 2760 par—

236 2764 315 2793 tibus
326 2784 334 2797 ,
348 2766 416 2793 XII.
429 2764 535 2793 tabulis
545 2766 694 2794 contineri
705 2764 863 2794 videbitis:
884 2762 942 2794 sive
952 2773 1042 2804 quem
1057 2761 1109 2792 ista
1118 2772 1191 2801 pra:-

233 2814 340 2847 potens
352 2825 360 2840 ‚
379 2806 411 2836 δε
422 2806 550 2847 gloriosa
559 2806 746 2847 philosophia
756 2805 893 2839 delestat,
905 2805 1016 2845 (dicam
1027 2804 1190 2843 audacius,)

1227 136 1757 186 C1cznon1s

1226 219 1315 249 hosce
1333 217 1421 250 habet
1436 218 1547 250 fonteis
1566 220 1708 250 omnium
1723 218 1960 260 disputationum
1972 219 2089 252 suarum
2100 240 2109 255 ‚
2127 218 2182 263 qui

1224 262 1290 301 jure
1300 262 1384 291 civili
1396 262 1552 303 &legibus
1563 263 1766 292 continentur.
1789 272 1828 292 ex
1846 264 1894 292 his
1913 265 1997 293 enim
2009 263 2041 293 &
2051 263 2184 303 dignita-

1228 312 1289 332 tem
1300 303 1435 333 maxime
1448 303 1645 343 expetendam
1655 303 1804 338 videmus,
1815 303 1887 334 cum
1895 314 1980 335 verus
1991 324 2000 338 ‚
2010 304 2108 344 justus
2119 325 2127 339 ,
2140 312 2186 334 at-

1226 354 1283 386 que
1300 345 1441 375 honestus
1461 344 1536 374 labor
1554 346 1721 375 honoribus
1732 364 1740 379 ‚
1759 348 1890 385 praemiis
1902 365 1911 379 ‚
1929 355 2014 387 atque
2025 346 2185 386 splendore

1228 388 1381 416 decoratur
1393 398 1398 415 z
1418 389 1491 416 vitia
1499 395 1598 416 autem
1608 387 1773 416 hominum
1785 407 1794 421 ‚
1807 397 1835 418 at
1857 398 1893 417 ue
1903 387 2019 418 fraudes
2031 408 2038 421 ‚
2052 387 2185 421 damnis,

1228 428 1406 468 ignominiis
1416 448 1424 462 ‚
1436 429 1567 458 vinculis
1578 448 1585 461 ,
1596 428 1769 459 verberibus
1782 449 1790 462 ‚
1801 398 1912 459 exsiliis
1922 449 1930 462 ‚
1943 438 2040 459 morte
2051 430 2186 459 multan-

1228 479 1275 499 tur
1286 480 1291 498 2
1315 470 1347 499 &
1358 469 1503 499 docemur
1512 480 1577 499 non
1588 468 1716 499 infinitis
1729 491 1738 504 ,
1757 472 2076 511 concertationumque
2086 471 2186 511 plenis

1227 511 1477 550 disputationibus
1487 530 1496 544 ‚
1519 511 1567 541 sed
1578 510 1750 541 ausitoritate
1761 531 1769 545 ‚
1798 520 1932 552 nutuque
1943 513 2044 553 legum
2055 512 2187 541 domitas

1226 553 1332 582 habere
1346 552 1488 582 libidines
1498 572 1506 585 ,
1518 553 1656 582 coercere
1666 555 1787 582 omneis
1797 553 1972 592 cupiditates
1986 573 1994 587 ‚
2008 552 2109 583 nostra
2118 562 2186 583 tue-

1224 596 1258 627 ri,
1271 594 1306 624 ab
1316 594 1421 624 alienis
1432 596 1572 626 menteis,
1585 594 1700 627 oculos,
1712 603 1817 623 manus
1829 615 1838 627 ‚
1849 593 2006 624 abstinere.
2039 597 2180 625 Fremant
2202 600 2250 632 44

1227 646 1277 665 om
1283 646 1334 666 nes
1344 636 1414 666 licet
1425 647 1430 665 z
1449 635 1548 665 dicam
1559 635 1639 676 quod
1651 636 1746 665 sentio
1758 646 1763 664 :
1793 638 2042 666 Biizmorr-incAs
2063 638 2184 666 meher-

1225 678 1291 707 cule
1302 680 1445 708 omnium
1455 678 1707 718 philosophorum
1720 687 1796 707 unus
1812 679 1889 707 mihi
1909 677 2028 707 videtur
2047 680 2115 708 XII¹
2137 679 2182 708 t'a-

1228 719 1363 749 bularum
1375 720 1495 749 libellus
1506 740 1514 753 ‚
1536 718 1555 748 si
1567 721 1633 759 quis
1644 719 1744 759 legum
1756 719 1868 749 fonteis
1878 739 1886 752 ,
1918 719 1951 749 &
1961 721 2054 759 capita
2063 720 2184 752 viderit,

1227 762 1259 791 δε
1270 760 1453 791 annositatis
1463 761 1606 801 pondere,
1615 761 1647 790 &
1658 762 1791 791 utilitatis
1804 761 1933 790 ubertate
1944 761 2084 800 superare.
2097 765 2151 794 Ac,
2164 759 2188 792 fi.

1229 812 1283 832 nos
1296 822 1303 836 ,
1316 803 1345 832 id
1357 803 1437 843 quod
1449 802 1583 833 maxime
1596 802 1685 832 debet
1696 823 1704 835 ,
1726 802 1825 832 nostra
1835 804 1925 842 patria
1935 802 2060 832 delcetat
2071 823 2079 836 ,
2099 804 2186 843 cujus

1228 847 1270 873 rei
1281 853 1360 874 tanta
1370 844 1412 874 est
1421 846 1478 878 vis,
1489 854 1522 874 ac
1533 852 1611 874 tanta
1621 853 1723 874 natura
1734 865 1742 877 ‚
1754 853 1786 874 ut
1796 846 1925 874 Ithacam
1938 844 2032 877 illam,
2045 846 2079 874 in
2088 845 2186 884 asper-

1228 887 1314 915 rimis
1326 887 1433 915 saxulis
1445 906 1452 919 ,
1466 895 1606 926 tanquam
1618 885 1758 915 nidulum
1772 905 1780 919 ,
1792 885 1915 916 affixam
1928 905 1936 919 ,
1957 885 2187 925 sapientiffimus

1227 929 1272 956 vir
1283 927 1500 956 immortalitati
1510 936 1720 967 anteponeret:
1745 938 1807 968 quo
1817 937 1918 957 amore
1929 928 2051 958 tandem
2062 927 2186 958 inflam-

1228 977 1299 998 mati
1310 967 1366 998 ess'e
1379 969 1525 999 debemus
1537 971 1569 999 in
1579 969 1728 1008 ejusmodi
1738 971 1861 1009 patriam
1873 989 1882 1003 ‚
1896 979 1960 1010 quae
1972 980 2030 1000 una
2041 971 2074 999 in
2082 971 2189 999 omni·

1227 1010 1280 1039 bus
1293 1013 1375 1040 terris
1386 1010 1495 1041 domus
1515 1010 1558 1041 est
1577 1013 1695 1041 virtutis
1708 1032 1716 1044 ,
1739 1013 1878 1051 imperii,
1898 1012 2071 1052 dignitatis?
2094 1011 2190 1052 Cujus

1226 1051 1361 1091 primum
1372 1053 1460 1082 nobis
1472 1063 1546 1082 mens
1556 1073 1563 1086 ,
1576 1063 1633 1081 mos
1644 1073 1651 1086 ‚
1669 1052 1821 1092 disciplina
1831 1073 1838 1086 ‚
1861 1062 1932 1083 nota
1942 1051 2000 1083 efl'e
2012 1052 2100 1083 debet
2111 1065 2120 1086 ;
2138 1052 2190 1087 vel

1226 1095 1295 1133 quia
1305 1092 1347 1123 est
1357 1096 1446 1134 patria
1458 1114 1466 1126 ,
1479 1104 1583 1134 pareus
1593 1096 1736 1124 omnium
1747 1093 1884 1124 nostrum
1895 1115 1903 1128 ,
1916 1095 1964 1124 vel
1975 1096 2044 1136 quia
2055 1103 2132 1130 tanta
2142 1094 2187 1124 sa-

1226 1137 1338 1174 pientia
1348 1134 1436 1165 suifl'e
1446 1138 1479 1165 in
1487 1137 1552 1175 jure
1562 1135 1775 1166 constituendo
1784 1136 1912 1176 putanda
1924 1135 1966 1166 est
1977 1156 1985 1169 ,
2005 1145 2112 1176 quanta
2129 1135 2189 1166 fuit

1228 1179 1260 1206 in
1272 1177 1317 1206 his
1331 1180 1418 1206 tantis
1428 1178 1536 1216 opibus
1547 1179 1667 1217 imperii
1676 1177 1892 1217 comparandis.
1911 1179 2085 1217 Percipietis
2094 1179 2187 1208 etiam

1228 1219 1312 1248 illam
1323 1228 1361 1247 ex
1372 1221 1546 1259 cognitione
1555 1220 1629 1258 juris
1642 1219 1673 1248 1ae
1679 1221 1776 1248 titiam
1787 1239 1795 1252 ,
1815 1219 1848 1248 ὃς
1859 1220 2044 1258 voluptatem
2056 1239 2065 1253 ‚
2086 1217 2184 1260 quod.

1227 1269 1374 1300 quantum
1385 1259 1574 1299 praestiterint
1582 1259 1676 1290 nostri
1687 1261 1745 1299 maj
1750 1270 1815 1290 ores
1825 1260 1981 1300 prudentia
1989 1263 2093 1291 ceteris
2110 1270 2186 1302 gen-

1228 1301 1307 1331 tibus
1318 1322 1326 1334 ‚
1342 1310 1407 1331 tum
1418 1301 1565 1332 facillime
1577 1302 1749 1343 intelligetis
1759 1322 1767 1335 ,
1783 1300 1803 1331 si
1814 1312 1885 1332 curn
1897 1302 2021 1332 illorum
2032 1304 2185 1344 Lycurgo.

1229 1344 1262 1373 δε
1273 1345 1412 1373 Dracone
1421 1363 1430 1377 ‚
1444 1344 1476 1373 &
1486 1344 1598 1374 Solone
1610 1343 1723 1374 nostras
1733 1345 1812 1385 leges
1823 1344 1940 1382 conferre
1948 1345 2113 1374 volueritis.
2133 1346 2188 1374 In-

1227 1385 1371 1415 credibile
1390 1384 1432 1415 est
1450 1387 1534 1415 enim
1546 1406 1554 1419 ‚
1574 1384 1664 1426 quam
1674 1384 1708 1415 sit
1717 1395 1812 1415 omne
1823 1386 1868 1422 ius
1879 1386 1966 1416 civile
1976 1406 1985 1420 ‚
2004 1395 2107 1426 praeter
2126 1387 2186 1416 hoc

1228 1426 1366 1456 nostrum
1378 1446 1386 1460 ‚
1401 1427 1594 1457 inconditum
1605 1447 1614 1461 ,
1635 1438 1667 1457 ac
1677 1428 1761 1468 paene
1773 1427 1935 1457 ridiculum
1947 1438 1952 1456 :
1973 1427 2009 1457 de
2020 1438 2080 1468 quo
2091 1427 2188 1458 multa

1228 1469 1309 1498 soleo
1320 1470 1353 1498 in
1365 1469 1553 1499 sermonibus
1564 1469 1747 1509 quotidianis
1757 1467 1938 1503 diceremim
1949 1470 2115 1499 hominum
2126 1479 2185 1498 no-

1228 1509 1356 1540 strorum
1365 1510 1556 1550 prudentiam
1567 1514 1579 1538 5
1590 1513 1694 1541 ceteris
1704 1510 1858 1544 omnibus,
1871 1510 1904 1540 δε
1914 1510 2048 1541 maxime
2059 1512 2183 1544 Graecis,

1225 1561 1387 1591 antepono.
1412 1554 1468 1582 His
1479 1563 1533 1593 ego
1543 1553 1580 1582 de
1592 1551 1682 1582 causis
1693 1553 1983 1586 dixeram,Scaevola‚
1995 1555 2044 1586 iis,
2055 1555 2106 1593 qui
2117 1562 2185 1592 per-

1225 1593 1297 1626 ξεξὶί
1307 1603 1437 1624 oratores
1447 1593 1505 1624 esse
1514 1594 1638 1626 vellent.
1647 1595 1722 1634 juris
1732 1596 1831 1624 civilis
1841 1595 2050 1634 cognitionem
2060 1593 2117 1624 esse
2127 1604 2184 1625 ne-

1225 1633 1386 1667 cess‘ariam.
1418 1637 1488 1677 Jam
1506 1634 1579 1665 vero
1589 1637 1649 1676 ipsa
1658 1646 1711 1676 per
1721 1636 1780 1666 sese
1791 1644 1938 1676 quantum
1947 1634 2047 1666 afferat
2055 1638 2093 1666 iis
2104 1656 2113 1670 ‚
2131 1636 2184 1677 qui
2205 1636 2251 1672 45

1226 1679 1254 1709 ei
1265 1678 1393 1717 praesunt
1404 1698 1412 1711 ,
1425 1678 1550 1707 honoris
1561 1698 1568 1711 ‚
1580 1680 1677 1720 gratia:
1690 1699 1698 1711 ,
1709 1678 1859 1718 dignitatis
1870 1697 1878 1711 ,
1890 1678 1957 1718 quis
1966 1679 2103 1718 ignorat?
2124 1680 2186 1708 Ita-

1227 1730 1285 1761 que
1295 1739 1303 1753 ‚
1326 1719 1441 1759 utapud
1452 1722 1572 1749 Graecos
1582 1718 1684 1749 infimi
1694 1721 1836 1749 homines
1847 1739 1855 1753 ‚
1874 1719 2028 1748 mercedula
2046 1718 2179 1754 adduffl,

1228 1759 1381 1792 ministros
1392 1761 1420 1791 se
1429 1761 1562 1801 praebent
1573 1763 1605 1790 in
1613 1761 1736 1800 judiciis
1746 1760 1912 1790 oratoribus
1924 1780 1932 1793 ‚
1944 1762 1985 1794 ii,
1998 1762 2049 1801 qui
2059 1761 2136 1800 apud
2145 1761 2185 1790 il-

1228 1808 1273 1836 los
1284 1803 1500 1844 weoeyyg'lima'
1510 1815 1668 1836 vocantur:
1680 1804 1761 1835 sicin
1772 1805 1870 1835 nostra
1881 1807 1999 1835 civitate
2009 1805 2112 1835 contra
2120 1815 2187 1835 am·

1227 1846 1375 1889 pliffimus
1392 1847 1515 1888 quisque
1527 1867 1534 1881 ‚
1556 1845 1772 1877 &clarissimus
1782 1849 1846 1880 vir,
1868 1847 1980 1880 mille,
2004 1848 2056 1886 qui
2067 1855 2188 1886 propter

1228 1893 1304 1920 hanc
1319 1890 1331 1930 j
1336 1892 1395 1919 uris
1414 1891 1514 1919 civilis
1532 1889 1684 1920 scientiam
1704 1887 1744 1919 sic
1762 1889 1920 1930 appellatus
1940 1888 1956 1919 a
1966 1889 2088 1919 summo
2099 1889 2191 1929 po'etn

1230 1932 1273 1962 est
1284 1953 1292 1965 ,

1269 1972 1387 2014 Egregie*
1405 1973 1532 2003 cordanu
1550 1974 1627 2003 homo
1639 1994 1647 2007 ,
1666 1981 1746 2003 catus
1764 1973 1874 2003 Alius
1889 1971 2013 2003 Sextus:

1229 2017 1376 2057 multique
1394 2025 1532 2056 praeterea
1541 2036 1549 2049 ,
1571 2018 1623 2056 qui
1641 2015 1713 2046 cum
1724 2017 1849 2055 ingenio
1859 2014 1912 2045 fibi
1922 2015 2043 2045 audtore
2054 2013 2185 2055 dignita-

1230 2068 1292 2088 tem
1304 2056 1477 2098 reperissent
1486 2078 1494 2091 ,
1505 2056 1692 2098 perfecerunt
1701 2077 1709 2091 ‚
1728 2060 1802 2087 utin
1812 2057 2020 2096 respondendo
2028 2057 2094 2095 jure
2105 2076 2114 2089 ‚
2134 2066 2189 2086 au-

1231 2099 1365 2130 &oritate
1375 2100 1442 2139 plus
1455 2101 1554 2133 etiam,
1566 2099 1658 2139 quam
1669 2100 1733 2138 ipso
1744 2098 2022 2138 ingenio‚valerent.
2033 2096 2188 2127 senestuti

1231 2140 1303 2171 vero
1325 2141 1505 2171 celebrandae
1515 2160 1524 2174 ‚
1545 2141 1578 2170 δε
1597 2139 1738 2170 ornanda:
1756 2139 1838 2180 quod
1858 2138 2013 2168 honestius
2022 2138 2118 2178 potest
2128 2137 2188 2169 effe

1230 2182 1401 2223 perfugium
1411 2202 1419 2216 ‚
1439 2182 1529 2222 quam
1546 2182 1621 2221 juris
1631 2183 1835 2221 interpretatio
1847 2183 1857 2210 ?
1879 2181 2028 2221 Equidem
2039 2181 2116 2209 mihi
2126 2181 2186 2210 hoc

1232 2222 1396 2254 subsidium
1411 2225 1475 2263 jam
1496 2223 1532 2253 ab
1548 2223 1746 2253 adolescentia
1755 2232 1922 2262 comparavi
1935 2242 1943 2255 ,
1964 2232 2029 2252 non
2039 2220 2139 2252 solum
2149 2221 2188 2252 ad

1232 2265 1382 2295 causarum
1402 2265 1490 2295 usum
1503 2264 1655 2295 forensem
1667 2276 1675 2298 3
1695 2264 1744 2294 sed
1756 2267 1846 2294 etiam
1858 2264 1893 2293 ad
1904 2264 1994 2294 decus
2006 2272 2090 2304 atque
2101 2272 2191 2293 orna-

1234 2315 1372 2337 mentum
1384 2306 1542 2336 stneEtutis
1552 2326 1560 2340 ,
1574 2315 1616 2339 ut,
1633 2304 1705 2336 cum
1718 2316 1767 2336 me
1777 2308 1854 2335 vires
1866 2305 1958 2345 (quod
1969 2304 2029 2335 fere
2037 2307 2100 2345 jam
2111 2313 2191 2335 tem-

1233 2358 1286 2389 pus
1303 2348 1452 2388 adventat)
1463 2346 1588 2378 deficere
1599 2346 1764 2388 coepissent,
1778 2347 1831 2377 ista
1841 2347 1876 2377 ab
1886 2347 2050 2377 solitudine
2060 2347 2190 2377 domum

1236 2400 1334 2420 meam
1345 2390 1540 2420 vindicarem.
1563 2393 1655 2431 QJio
1676 2399 1733 2419 EST
1754 2392 1837 2419 enim
1847 2390 2023 2429 praeclarius,
2035 2387 2124 2429 quam
2134 2389 2193 2417 ho·

1234 2432 1358 2462 notibus
1369 2451 1377 2465 ,
1398 2432 1430 2461 δε
1449 2431 1561 2471 reipub.
1577 2431 1753 2461 muneribus
1763 2430 1957 2471 perfun&um
1967 2431 2067 2460 seriem
2078 2449 2087 2463 ,
2107 2427 2191 2469 posse

1235 2474 1360 2512 suojure
1371 2473 1469 2503 dicere
1479 2474 1560 2504 idem
1573 2493 1581 2506 ,
1593 2474 1674 2514 quod
1685 2473 1761 2513 apud
1772 2475 1908 2503 Ennium
1919 2472 1996 2502 dicat
2007 2472 2058 2501 ille
2068 2472 2192 2511 Pythius

1235 2515 1345 2555 Apollo
1357 2535 1365 2548 ‚
1387 2515 1405 2544 s
1402 2526 1416 2544 e
1427 2513 1485 2544 ess‘e
1495 2525 1566 2545 eum
1577 2535 1585 2548 ,
1606 2514 1733 2556 midefibi
1745 2535 1753 2549 ‚
1774 2514 1795 2544 si
1803 2525 1867 2545 non
1870 2514 1969 2556 populi
1980 2534 1989 2547 ,
2010 2513 2044 2546 ἐκ
2054 2515 2126 2554 reg'es
2135 2532 2144 2548 ‚
2163 2520 2193 2544 at

1237 2567 1345 2586 omnes
1357 2557 1399 2586 sui
1410 2558 1489 2588 cives
1500 2557 1644 2597 consilium
1653 2564 1783 2598 expetant
1794 2577 1803 2591 ,

1279 2598 1403 2627 Suarum
1422 2608 1513 2626 rerum
1530 2599 1650 2628 incerti?
1674 2609 1742 2640 quo!
1759 2609 1804 2640 ego
1821 2608 1881 2628 mea
1901 2605 1947 2641 ope
1960 2607 1995 2628 ex

1278 2642 1391 2668 Incertis
1411 2648 1495 2668 certos
1508 2661 1516 2673 ‚
1540 2641 1727 2682 compotesque
1743 2641 1834 2680 consili

1279 2682 1408 2709 Dt'mitto
1421 2701 1428 2714 ‚
1447 2689 1481 2710 ut
1498 2692 1529 2710 ne
1547 2693 1586 2711 res
1602 2681 1701 2711 temere¹
1721 2681 1843 2711 iri-afrem
1858 2681 1995 2712 turbidas.

1238 2722 1288 2752 Est
1300 2725 1383 2752 enim
1395 2721 1455 2752 fine
1466 2723 1559 2752 dubio
1570 2724 1897 2765 domusJui·isconsulti
1908 2744 1917 2758 ,
1935 2725 2027 2753 totius
2037 2723 2194 2753 oraculum

1238 2765 1375 2794 civitatis.
1400 2764 1499 2794 Testis
1517 2764 1559 2794 est
1580 2765 1700 2804 hujusce
1720 2767 1868 2805 (LMucii
1885 2767 1975 2805 janua
1985 2785 1993 2798 ‚
2019 2765 2051 2794 ὃς
2060 2764 2195 2794 vestibu-

1238 2806 1302 2835 lum
1315 2825 1323 2839 ,
1335 2805 1417 2846 quod
1428 2807 1461 2835 in
1472 2807 1536 2846 ejus
1547 2805 1749 2837 infirmissima
1757 2806 1924 2837 valitudine
1935 2827 1943 2841 ‚
1961 2804 2124 2847 affeetaque
2135 2806 2196 2842 iam

2101 2855 2199 2881 aetate,

275 2918 283 2934 1
292 2929 297 2934 .
319 2913 350 2934 Et
360 2908 444 2941 ‹lffirsa
452 2912 500 2934 late
509 2910 679 2944 emt-bamma]
701 2911 822 2935 Memmii
833 2910 899 2935 liber
913 2928 920 2940 ‚
938 2910 1025 2943 diffifit
1036 2912 1098 2935 lata.
1118 2909 1189 2935 Pitli.

234 2945 263 2970 k
276 2944 332 2969 Pal.
344 2943 391 2969 sec.
402 2943 574 2977 diffitfi·latere.
594 2945 662 2971 unde
674 2946 781 2981 putabat
792 2945 954 2972 Gulielmius
976 2944 1169 2971 rescribendum
1183 2964 1191 2977 ,

234 2981 341 3006 omnihuf
351 2979 429 3012 diffissa
440 2982 512 3005 latere
522 2981 601 3006 vidch.

271 3024 300 3041 2.
319 3017 478 3048 Replcriqulia
486 3017 552 3049 juris
562 3017 743 3049 cimfiiemisz]
764 3017 830 3042 Pali.
841 3016 996 3052 posteriores
1008 3036 1016 3047 ‚
1036 3017 1100 3043 item
1111 3015 1193 3042 editio

233 3051 343 3085 antiqua
355 3070 362 3082 ‚
373 3052 435 3083 ⁴ista.
454 3052 553 3087 priores
565 3053 628 3077 item
641 3052 711 3077 Pitli.
724 3053 751 3077 &
762 3054 874 3078 Memm.
886 3054 970 3085 replere
988 3055 1056 3085 istam
1069 3053 1133 3087 juris
1144 3056 1192 3078 civ.

226 3087 362 3126 stieniifxm.
383 3086 453 3147 quod
463 3087 675 3123 aiiipleetciiduin
686 3088 851 3115 existimabat
861 3088 1022 3115 Gulielmius
1034 3108 1043 3121 ,
1063 3096 1109 3115 aut
1122 3092 1193 3114 certe

233 3131 385 3148 examinati«
398 3132 451 3148 um.

271 3167 284 3194 3
294 3179 299 3185 .
309 3159 393 3193 Prisca
405 3160 507 3193 must-u
516 3159 677 3194 cognoscitur]
689 3158 879 3194 Pitii.vctustate
883 3160 965 3194 prisca
974 3159 1194 3196 cognqscitunquod

1236 2909 1419 2946 proepoliierim
1431 2910 1516 2936 alteri.
1536 2911 1583 2936 etsi
1593 2911 1678 2937 isthaec
1688 2920 1746 2937 cum
1757 2910 1924 2944 sequentibus
1936 2909 2043 2935 habeam
2054 2919 2101 2944 pro
2111 2909 2201 2944 inqui-

1237 2946 1315 2971 natis.
1336 2954 1394 2971 naui
1407 2947 1449 2971 noi
1461 2955 1523 2971 mot:
1536 2945 1722 2979 lmbemusffive
1731 2947 1783 2980 qm‘s
1793 2948 1886 2971 civilem
1892 2947 2016 2978 scientiam
2027 2947 2199 2977 contempletur,-

1237 2981 1362 3006 Palatinis
1373 2981 1453 3007 nuliis
1465 2980 1533 3007 adest
1546 2980 1610 3007 illud
1626 2984 1789 3014 contempletur
1799 3000 1807 3012 ‚
1826 2981 2023 3016 praeferuntque
2043 2980 2200 3015 posteriores

1235 3017 1303 3051 quid,
1314 3026 1365 3050 non
1377 3017 1438 3050 quis.
1460 3017 1611 3042 Pitho-*anus
1625 3018 1686 3043 vero
1697 3016 1816 3047 exhibet,
1827 3017 2008 3048 civiliscicntiae,
2018 3025 2100 3048 quam,
2110 3016 2162 3046 &aa

1271 3059 1299 3084 4.
1314 3053 1440 3085 Descriptis
1450 3053 1555 3077 omnibus
1565 3053 1671 3078 civitatis
1682 3052 1854 3085 utilitatibus]
1866 3051 1940 3078 l'itli.
1950 3052 2062 3078 Meiiiin.
2078 3051 2146 3078 l‘all.
2156 3059 2198 3087 pr.

1237 3097 1266 3114 ac
1276 3087 1324 3113 sec.
1338 3097 1388 3114 non
1400 3087 1526 3113 exhibent
1537 3087 1604 3114 illud
1614 3090 1717 3113 omnihus
1728 3088 1846 3113 civitatis.

1265 3140 1267 3143 -
1278 3132 1303 3157 5.
1324 3124 1411 3148 Cereris
1421 3125 1535 3154 omnisne,
1546 3124 1613 3158 ξφα]
1626 3124 1745 3160 Recepta
1755 3122 1837 3152 lectio
1849 3141 1858 3156 ,
1869 3123 1998 3149 hominibus
2005 3133 2015 3157 ,-
2034 3121 2077 3149 sed
2087 3121 2201 3149 nostram

1241 3166 1409 3196 propugnant
1420 3159 1489 3186 Pall.
1500 3167 1602 3187 omnes.
2169 3194 2179 3218 Ι

1292 3199 1295 3202 ’
2112 3202 2135 3221 1.
2146 3193 2203 3222 Aa·-
