2337 3400
155 1754 192 1786 13
213 1748 380 1776 exercitum
395 1745 501 1779 duxit,
522 1744 649 1774 fecitM.
663 1746 824 1774 Antonius.

208 135 305 188 594.
617 115 1131 166 MTuLLii

209 204 271 234 sent
285 224 292 235 ,
308 201 435 232 tulimus
446 219 453 233 ,
476 196 639 239 &perpessi
651 197 766 226 sumus:
789 196 840 226 alii
851 196 899 236 spe
910 194 1117 234 recuperandae
1131 194 1167 224 li-

208 244 345 276 bemus,
374 243 423 272 alii
443 239 563 271 vivendi
585 240 680 269 nimia
699 238 870 278 cupiditate.
902 237 951 268 sed
970 257 978 270 ,
998 235 1079 266 siilla
1099 236 1170 266 tuli-

213 294 300 318 mus,
316 294 380 324 (με
400 292 456 313 nos
475 279 624 312 neccffitas
643 280 718 310 ferre
737 281 856 321 coegit,
881 289 947 320 quae
965 280 1012 308 vis
1034 278 1170 319 quaedam

213 336 297 366 paene
317 325 414 355 taralis
441 325 516 364 (quae
535 332 635 353 tamen
652 322 712 362 ipsa
730 332 794 352 non
814 322 953 361 tulimus)
977 322 1106 351 etiamne
1117 321 1174 350 hu-

211 369 259 407 jus
274 369 385 406 impuri
400 367 525 396 latronis
538 364 669 394 feremus
684 366 879 394 taeterrimum
893 385 902 398 ‚
919 361 1174 393 crudelissimum-

160 418 200 442 ιζ
215 419 271 450 quc
280 408 457 437 dominatum
469 416 478 431 ³
499 407 581 448 Qid
600 407 648 436 ‘nic
664 405 768 440 faciat,
789 404 808 435 si
819 406 971 445 potuerit,
991 406 1099 438 iratus,
1119 406 1172 445 qui

215 450 287 480 cum
304 450 470 480 succensere
489 450 608 478 nemini
625 446 738 488 posset,
757 448 902 478 omnibus
914 447 1002 477 bonis
1013 445 1102 476 fuerit
1114 448 1172 476 ini-

213 492 325 522 micus-³
338 491 409 532 quid
424 493 472 521 hic
483 490 582 521 vitkox·
591 500 654 520 non
666 489 852 531 audebit‚qui
866 489 980 520 nullam
994 488 1115 528 adeptus
1128 490 1175 518 vi·

216 533 343 564 storiam
356 554 364 567 ‚
386 542 465 564 tanta
481 533 587 563 scelera
602 531 668 572 post
678 532 797 562 Caesaris
814 534 970 562 interitum
988 530 1110 561 fecerit?
1129 541 1173 560 re-

214 575 321 606 fertam
338 576 400 612 ejus
416 575 547 605 domum
561 574 749 604 exhauserit?
769 575 872 604 hortos
884 573 1075 612 compilarit?
1094 572 1127 602 ad
1144 573 1172 602 se

213 627 252 647 ex
262 619 308 647 liis
321 618 426 647 omnia
436 625 612 646 ornamenta
623 615 824 647 transtulerit?
842 616 930 646 coedis
942 636 949 649 ‚
970 615 1002 644 &
1017 614 1175 644 incendio—

215 669 283 689 tum
300 660 415 689 causam
435 656 581 699 quaeflerit
598 668 636 688 ex
655 657 781 687 funere?
801 657 919 687 duobus
934 667 984 687 aut
997 656 1088 686 tribus
1099 658 1171 686 S.C.

213 700 290 731 bene
304 721 312 734 ‚
336 702 368 730 &
380 701 396 730 ἐ
408 710 467 740 rep.
479 699 564 730 fastis
575 719 583 734 ‚
602 701 727 740 reliquas
737 709 781 729 res
792 700 947 728 insacrum
959 719 967 732 ,
986 697 1173 738 praedamque

214 744 417 773 revocaverit?
432 741 602 772 vendiderit
611 743 837 772 immunitates?
851 744 985 771 civitates
994 740 1174 770 liberaverit?

212 786 384 825 provincias
399 784 548 814 universas
562 794 600 814 ex
620 785 741 823 imperii
756 783 861 823 populi
873 782 1039 821 Rom.jure
1049 781 1174 811 sustule-

213 828 271 856 rit?
291 827 407 857 exsules
421 825 592 857 reduxerit?
609 825 694 856 falsas
709 825 786 866 leges
799 827 832 854 C.
844 825 962 854 Caesaris
973 824 1100 853 nomine
1113 843 1121 856 ,
1143 823 1175 853 δε

212 867 283 898 falsa
295 868 408 899 decreta
419 870 450 898 in
461 878 500 899 aes
510 867 671 897 incidenda
683 886 690 900 ‚
711 866 744 896 δε
754 866 945 907 inCapitolio
961 864 1076 907 figenda
1091 875 1174 895 cura-

213 912 309 944 verit,
330 919 492 951 earumque
511 919 610 939 rerum
629 910 771 938 omnium
789 907 990 938 domesticum
1011 916 1173 937 mercatum

214 950 395 982 instituerit?
406 952 519 992 populo
532 954 623 981 Romi
634 950 714 990 leges
724 951 921 989 imposuerit?
936 950 1027 979 armis
1037 968 1046 982 ,
1060 949 1092 978 &
1101 958 1176 988 prae—

216 992 297 1023 sidiis
307 1014 315 1028 ‚
338 994 370 1024 &
382 994 530 1034 populum
542 995 638 1022 Rom.
654 992 686 1022 ὃς
700 990 886 1032 magistratus
906 990 975 1021 foro
995 991 1176 1020 excluserit?

218 1039 228 1056 ¹
242 1036 375 1066 [enatum
386 1035 498 1074 stiparit
507 1036 598 1065 armis
611 1036 758 1064 ?arrnatos
768 1036 800 1064 in
811 1033 893 1064 caella
904 1032 1092 1066 Concordiae‚
1102 1031 1174 1062 cum

217 1077 352 1108 senatum
369 1077 506 1109 haberet,
527 1075 704 1105 incluserit?
722 1074 758 1105 ad
773 1076 908 1117 legiones
920 1072 1111 1105 Brundisium
1125 1084 1176 1104 cu-

215 1121 340 1150 currerit
351 1121 361 1146 ?
371 1128 408 1148 ex
420 1119 466 1148 his
477 1118 594 1157 optime
607 1118 779 1147 sentienteis
787 1116 1178 1156 centurionesjugulaveiit?

214 1170 285 1190 cum
297 1162 428 1190 exercitu
439 1162 572 1190 Romam
584 1157 617 1189 fit
625 1158 661 1189 ad
673 1161 829 1189 interitum
840 1158 991 1191 nostrum,
1007 1158 1040 1187 &
1049 1161 1063 1177 2
1072 1157 1106 1187 ad
1116 1156 1177 1186 dis-

214 1202 418 1242 perditionem
437 1202 518 1231 urbis
529 1202 630 1231 venire
643 1203 788 1231 conatus?
804 1204 901 1241 Atque
913 1203 937 1230 is
947 1200 983 1230 ab
992 1201 1049 1229 hoc
1059 1201 1175 1238 impetu

214 1243 374 1274 abi‘craetus
383 1242 509 1274 consilio
521 1264 528 1277 ,
554 1243 585 1273 δε
595 1244 690 1282 copiis
703 1243 822 1273 Caesaris
834 1262 841 1276 ‚
862 1242 1009 1272 consensu
1019 1249 1175 1271 veterano-

214 1295 282 1315 rum
296 1306 304 1319 ,
315 1288 424 1316 virtute
435 1286 592 1327 legionum
610 1295 615 1314 :
633 1285 796 1324 nefortuna
806 1284 929 1325 quidem
939 1282 1050 1313 frastim
1061 1283 1177 1311 minuit

212 1327 386 1358 audaciamt
408 1337 463 1357 nec
481 1337 563 1357 tuere
581 1326 723 1360 demens,
747 1336 802 1356 nec
813 1326 910 1355 furere
924 1323 1038 1355 desinit.
1062 1325 1095 1353 in
1107 1324 1177 1353 Gal-

215 1369 288 1399 liam
301 1369 476 1399 mutilatum
495 1369 579 1399 ducit
589 1371 753 1398 exercitum
768 1378 773 1397 1
796 1378 866 1397 cum
878 1367 1065 1407 unalegione
1078 1386 1085 1398 ‚
1102 1366 1134 1395 &
1146 1375 1179 1395 ea

209 1412 388 1444 vacillante,
410 1411 580 1441 L.fratrem
600 1409 769 1450 exspeclat:
794 1419 855 1450 quo
876 1410 1034 1439 neminem
1053 1409 1179 1447 reperire

210 1453 310 1494 potest
326 1453 366 1483 sui
381 1452 569 1483 similiorem.
594 1453 650 1482 Ille
662 1461 763 1482 autem
778 1461 816 1481 ex
829 1451 1020 1481 mirmillone
1035 1450 1115 1482 dux,
1137 1459 1175 1479 ex

212 1495 374 1536 gladiatore
385 1497 547 1535 imperator
559 1515 566 1528 ‚
582 1503 655 1535 quas
665 1492 735 1524 fecit
746 1493 849 1534 strages
860 1513 869 1526 ,
884 1493 1068 1533 ubicumque
1078 1491 1178 1531 posuit

210 1536 335 1578 vestigia
352 1540 363 1566 ?
381 1537 469 1567 caedit
487 1546 587 1577 greges
609 1544 816 1566 armentorum
832 1555 840 1568 ,
863 1535 1031 1575 reliquique
1049 1534 1176 1573 pecoris,

211 1579 425 1619 quodcumque
436 1578 541 1608 nei-stus
553 1577 610 1607 est:
633 1577 791 1617 epulantur
801 1576 932 1606 milites:
954 1576 1014 1615 ipse
1024 1584 1125 1605 autem
1136 1575 1174 1608 se,

213 1630 246 1650 ut
256 1620 376 1650 fratrem
388 1622 533 1652 imitetur,
547 1623 558 1647 3
569 1619 670 1649 obruit
680 1620 754 1649 vino
765 1628 771 1648 z
782 1617 932 1648 vastantur
941 1619 1001 1659 agri
1011 1628 1016 1646 :
1027 1616 1176 1656 diripiun-

213 1662 368 1692 turvrllae:
389 1671 496 1692 matres
515 1658 648 1691 familiis
667 1680 674 1694 ‚
693 1662 824 1701 virgines
836 1680 844 1694 ,
864 1661 949 1700 pueri
964 1660 1090 1700 ingenui
1100 1658 1176 1688 abri-

211 1706 337 1744 piuntur
354 1724 364 1737 ‚
394 1703 545 1733 militibus
563 1702 729 1732 traduntur.
765 1703 827 1732 haec
845 1701 970 1735 eadem,
989 1709 1176 1741 quacumque

871 1744 928 1773 His
940 1752 994 1773 vos
1006 1744 1175 1772 taeterrimis

211 1788 352 1818 fratribus
362 1796 461 1826 portas
470 1787 622 1826 aperietis?
632 1787 687 1815 hos
698 1795 843 1826 umquam
855 1786 887 1815 in
899 1784 1005 1815 urbem
1015 1785 1178 1823 recipietis?

214 1839 279 1860 non
290 1849 298 1863 ,
308 1837 425 1869 tempore
433 1827 525 1858 oblato
537 1847 545 1861 ,
556 1827 681 1858 ducibus
692 1829 798 1867 paratis
808 1847 816 1861 ‚
830 1828 939 1857 animis
951 1826 1087 1855 militum
1098 1827 1176 1855 inci-

212 1874 279 1902 tatis
290 1891 298 1904 ‚
320 1871 433 1911 populo
443 1872 540 1900 Rom.
550 1869 738 1909 conspirante
748 1889 756 1902 ‚
776 1869 861 1899 Italia
874 1877 936 1898 tota
951 1868 986 1897 ad
1006 1867 1176 1897 libertatem

211 1912 441 1953 recuperandam
462 1913 588 1941 excitata
603 1931 612 1944 ‚
635 1910 763 1941 deorum
782 1910 1008 1940 immortalium
1026 1907 1175 1938 beneficio

210 1956 343 1985 utemini
354 1957 364 1983 ?
374 1954 495 1984 nullum
507 1956 562 1983 erit
573 1961 691 1992 tempus
701 1973 708 1986 ,
721 1953 778 1982 hoc
788 1950 942 1982 amiff013³
951 1960 1033 1992 tergo
1044 1971 1052 1983 ,
1065 1950 1080 1980 Ξι
1089 1949 1175 1979 fron-

211 2005 240 2027 te
250 2016 259 2030 ,
281 1996 296 2026 a
307 1996 444 2027 lateribus
456 2004 582 2026 tenetur.
610 1993 630 2024 fi
641 1997 673 2024 in
686 1995 816 2024 Galliam
828 1995 963 2026 venerit,
984 2003 1048 2022 non
1063 1993 1115 2022 ille
1129 2002 1177 2022 ar-

212 2040 272 2068 mis
283 2038 383 2068 solum
398 2058 405 2071 ,
429 2038 477 2068 sed
494 2038 586 2067 etiam
603 2035 711 2066 nostris
728 2035 854 2066 decretis
863 2035 1015 2076 urgendus
1026 2033 1079 2064 est.
1103 2043 1176 2063 MA-

212 2089 283 2110 GNA
304 2083 350 2110 vis
364 2079 406 2110 est
417 2100 425 2113 ‚
448 2089 591 2120 magnum
607 2088 740 2111 nomen,
762 2088 859 2113 unum
874 2077 908 2107 &
921 2077 1002 2107 idem
1017 2077 1173 2106 sentientis

213 2123 344 2153 senatus.
368 2121 523 2151 Videtisne
534 2125 678 2150 retertum
688 2119 789 2150 forum
800 2122 810 2149 ?
821 2119 1031 2160 populumque
1041 2121 1123 2148 Rom
1132 2118 1176 2148 ‚ad

211 2164 294 2204 spem
306 2163 510 2203 recuperandae
522 2163 664 2192 libertatis
675 2161 828 2192 eretstum?
850 2163 902 2201 qui
916 2162 1008 2202 longo
1018 2161 1178 2191 intervallo

217 2204 290 2236 cum
309 2205 490 2245 frequenteis
509 2203 557 2234 liic
574 2203 656 2234 videt
674 2214 729 2234 nos
742 2224 750 2236 ‚
772 2213 838 2234 tum
854 2204 946 2243 sperat
959 2205 1050 2232 etiam
1066 2202 1178 2232 liberos

214 2245 401 2278 convenisse.
426 2249 517 2276 Hunc
527 2256 582 2286 ego
593 2246 675 2275 diem
688 2245 860 2285 exspeflans
872 2265 881 2278 ,
896 2247 938 2274 M.
950 2245 1079 2274 Antonii
1088 2244 1179 2274 scele-

215 2298 275 2320 rata
284 2299 364 2319 arma
375 2290 487 2322 vitavi,
507 2297 571 2317 tuni
587 2287 658 2317 cum
673 2287 724 2317 ille
738 2290 771 2317 in
787 2297 837 2316 me
851 2287 1002 2316 absentem
1019 2287 1178 2319 inveheris,

214 2341 280 2361 non
292 2330 495 2370 intelligebat,
512 2330 546 2359 ad
558 2329 640 2369 quod
651 2337 770 2367 tempus
781 2338 830 2357 me
841 2348 849 2361 ,
865 2328 896 2358 ὃς
908 2337 988 2358 meas
999 2329 1088 2357 vireis
1098 2328 1180 2367 reser-

215 2383 323 2402 varem.
341 2372 464 2413 sienim
482 2372 529 2400 illi
547 2380 614 2401 tum
631 2370 719 2400 czed'is
738 2371 861 2400 initium
881 2369 898 2398 a
913 2379 963 2398 me
976 2371 1120 2409 quaerenti
1134 2379 1180 2398 re-

215 2415 360 2454 spondere
379 2411 539 2444 voluiss'em
553 2431 561 2446 ‚
592 2422 674 2442 nunc
695 2413 768 2452 reip.
788 2411 942 2441 consulere
962 2420 1027 2440 non
1044 2408 1176 2449 possem.

216 2459 304 2487 Hanc
314 2455 386 2486 vero
396 2454 501 2485 mistus
510 2453 679 2485 facultatem
692 2474 700 2487 ,
712 2453 834 2483 nullum
845 2461 962 2492 tempus
974 2472 982 2486 ,
996 2454 1061 2484 P.C.
1073 2451 1179 2482 dimit-

173 2532 178 2540 .
218 2508 290 2532 tarn,
302 2507 399 2538 neque
409 2497 555 2527 diurnum
566 2516 574 2530 ,
586 2506 682 2536 neque
694 2494 881 2529 noblurnum
893 2514 901 2527 ,
912 2496 987 2534 quin
997 2493 1034 2523 de
1044 2493 1178 2523 libertate

217 2541 319 2580 populi
333 2542 425 2570 Rom.
437 2539 473 2571 de
489 2539 633 2580 dignitate
649 2537 742 2568 vestra
753 2537 834 2578 quod
848 2536 1040 2578 cogitandum
1056 2533 1106 2569 sit,
1125 2539 1178 2565 co—

215 2584 310 2623 gitem
323 2582 420 2622 :quod
432 2581 579 2623 agendum
593 2600 599 2613 ,
613 2589 698 2621 atque
709 2578 882 2610 faciendum
892 2598 901 2612 ,
912 2578 993 2608 idem
1006 2587 1068 2607 non
1081 2576 1177 2607 modo

217 2633 281 2653 non
292 2623 424 2653 recusem
435 2644 444 2657 ,
466 2623 514 2653 sed
530 2631 665 2663 appetam
683 2624 772 2652 etiam
785 2641 793 2655 ‚
815 2629 902 2661 atque
912 2619 1083 2660 deposcam.
1107 2621 1176 2649 Hoc

216 2664 276 2695 feci
287 2665 419 2705 semper,
435 2665 507 2695 dum
519 2665 620 2695 licuit:
636 2662 798 2696 intermifi‚
815 2661 912 2703 quoad
924 2672 986 2692 non
997 2662 1092 2692 licuit.
1111 2662 1175 2701 jam

219 2716 283 2736 non
298 2707 395 2737 solum
411 2708 497 2741 licet,
518 2706 568 2736 sed
587 2707 677 2736 etiam
691 2703 806 2735 neceffe
818 2704 861 2735 est
873 2724 881 2738 ,
903 2702 1069 2743 nisisi-’rvire
1080 2703 1177 2733 malu-

219 2758 288 2778 mus
298 2768 307 2782 ,
325 2748 415 2790 quam
427 2768 435 2783 ‚
455 2758 493 2779 ne
503 2748 666 2779 serviamus
676 2767 685 2783 ‚
702 2748 812 2778 animis
822 2766 831 2781 ,
847 2746 994 2787 armisque
1007 2745 1174 2776 decernere.

258 2886 282 2903 r.
302 2882 412 2903 Senatum
427 2881 525 2912 stiparit
536 2879 635 2911 armis]
657 2879 700 2904 Sic
721 2886 828 2913 quoque
840 2877 896 2902 Pal.
909 2875 959 2902 sec.
971 2875 1026 2902 Lil.
1037 2875 1176 2902 Geinblac.

218 2912 328 2949 vulgata
341 2915 450 2940 armaris.
462 2923 488 2941 ut
501 2915 543 2940 Pal
551 2936 556 2941 .
567 2924 607 2950 pr.
629 2914 729 2940 armatis
741 2923 810 2939 arma
820 2917 846 2939 in
857 2914 923 2944 tella,
933 2914 984 2944 &aa

1210 115 1754 166 C1cnnouis

1215 196 1269 225 Dii
1285 196 1473 226 immortales
1486 198 1574 228 nobis
1589 200 1651 230 haec
1665 197 1794 239 praesidia
1807 197 1953 229 dederunt
1967 208 1972 228 ε
1995 198 2062 229 urbi
2076 200 2170 230 Caesa·

1213 247 1288 270 rem,
1302 239 1424 268 Brutum
1438 240 1552 269 Galliae.
1565 243 1595 270 Si
1606 243 1687 271 enim
1698 242 1749 271 iile
1762 242 1867 272 urbem
1881 242 2048 280 opprimere
2058 241 2171 281 potuis-

1213 279 1254 310 set
1269 278 1366 309 statim
1381 290 1384 308 :
1407 277 1426 308 si
1438 280 1567 311 Galliam
1584 291 1683 312 tenere
1701 284 1801 322 paullo
1820 283 1903 323 polit
1925 285 2044 322 optimo
2060 285 2169 323 cuique

1212 321 1400 361 pereundum
1414 341 1422 355 ‚
1442 322 1563 363 reliquis
1574 321 1643 354 effet
1651 325 1854 356 serviendum.
1881 328 1966 355 Hanc
1982 326 2071 364 igitur
2085 334 2169 355 occa-

2193 331 2239 365 ¹4

1214 361 1328 393 sionem
1338 364 1469 394 oblatam
1481 373 1576 395 tenete
1587 385 1595 399 ,
1606 375 1656 405 per
1665 366 1736 396 deos
1749 368 1946 397 immortaleis
1958 387 1966 400 ,
1979 369 2045 396 P-C.
2059 366 2092 396 &
2103 375 2169 396 am·
2196 383 2199 386 -

1213 404 1335 444 pliffimi
1345 405 1426 435 orbis
1437 413 1518 436 terrae
1526 405 1643 436 consilii
1654 409 1801 448 principes
1812 419 1866 439 vos
1877 407 1935 438 esse
1949 410 2109 448 aliquando
2127 417 2174 438 re-

1214 448 1391 492 cordamini.
1415 445 1532 488 signum
1551 448 1617 478 date
1636 450 1749 489 populo
1766 453 1859 480 Rom.
1878 450 2023 491 consilium
2041 449 2173 480 vestrum

1215 499 1278 519 non
1289 487 1384 519 deesle
1397 491 1625 530 reip.qiioniam
1643 491 1694 520 ille
1711 493 1854 521 virtutem
1873 493 1954 522 suam
1974 502 2035 521 non
2053 491 2175 521 defutu-

1215 541 1275 561 tam
1297 530 1354 561 ess'e
1373 530 1539 570 profitetur.
1563 532 1652 561 Nihil
1663 531 1704 562 est
1715 553 1723 566 ,
1744 534 1826 573 quod
1838 543 1990 563 moneam.
2013 543 2106 563 nemo
2116 533 2173 566 est,

1215 582 1276 602 tam
1288 572 1468 613 stultusstqui
1480 583 1543 603 non
1553 575 1710 615 intelligat,
1723 573 1742 603 si
1754 574 2002 604 indormierimus
2013 577 2081 605 huic
2093 585 2173 605 tem-

1215 616 1300 654 pori,
1324 625 1388 645 non
1399 614 1495 645 modo
1506 615 1657 645 crudelem
1674 636 1681 648 ‚
1706 616 1917 656 superbamque
1928 617 2173 648 dominationem

1216 657 1305 686 nobis
1319 677 1326 691 ‚
1352 657 1400 687 sed
1410 657 1647 697 ignominiosam
1659 659 1747 687 etiam
1758 677 1766 690 ‚
1779 657 1811 687 ὃς
1821 656 1993 698 flagitiosam
2004 657 2060 688 esse
2073 658 2173 688 feren-

1215 698 1297 728 dam.
1322 698 1427 729 Nostis
1439 700 1631 729 insolentiam
1646 700 1792 733 Antonii,
1813 698 1907 729 nostis
1923 701 2055 733 amicos,
2075 699 2172 730 nostis

1217 749 1309 770 totam
1321 741 1463 771 domum.
1488 739 1654 771 libidinosis
1664 761 1671 774 ,
1683 741 1895 780 petulantibus,
1912 742 2038 780 impuris
2049 761 2057 774 ‚
2072 743 2173 781 impu-

1213 782 1300 816 dicis,
1311 783 1499 816 aleatoribus,
1511 783 1758 822 ebriisservire,e:i
1768 781 1809 813 est
1819 783 1935 812 summa
1944 782 2062 812 miseria
2071 801 2079 815 ,
2092 783 2173 812 sum-

1216 834 1268 854 mo
1280 824 1424 855 dedecore
1434 824 1607 864 conjunCta.
1623 823 1714 865 Qod
1726 823 1815 863 sijam
1826 823 1918 864 (quod
1931 823 1973 853 dii
1985 833 2079 853 omen
2089 834 2172 854 aver-

1215 867 1288 906 tant)
1298 865 1393 896 fatum
1405 876 1576 897 extremum
1588 866 1701 906 reipub.
1711 867 1808 896 venit:
1830 865 1912 907 quod
1925 865 2099 907 gladiatores
2113 875 2172 895 no-

1215 907 1289 937 biles
1299 907 1414 938 faciunt
1425 929 1434 942 ‚
1449 918 1481 938 ut
1492 907 1615 938 'noneste
1627 907 1825 941 decumbant,
1842 907 1985 938 faciamus
1995 917 2050 937 nos
2062 927 2069 941 ‚
2089 909 2174 947 prin-

1213 951 1292 990 cipes
1301 950 1382 980 orbis
1394 960 1535 980 terrarum
1545 970 1554 984 ,
1574 951 1771 992 gentiumque
1781 951 1923 979 omnium
1935 969 1944 983 ‚
1964 958 1998 979 ut
2007 959 2071 978 cum
2078 949 2177 989 digni·

1217 999 1277 1020 tate
1284 991 1384 1031 potius
1397 992 1547 1026 cadamus,
1558 992 1648 1032 quam
1660 1001 1730 1022 curn
1740 993 1912 1032 ignominia
1921 992 2091 1021 serviamus.
2108 993 2173 1021 Ni-

1217 1042 1278 1062 nit.
1296 1032 1338 1063 est
1356 1033 1558 1064 detestabilius
1570 1033 1713 1064 dedecore
1725 1053 1734 1067 ‚
1753 1032 1952 1063 nihilfoedius
1964 1033 2111 1063 servitute.
2136 1032 2174 1063 ad

1215 1074 1304 1104 decus
1317 1094 1325 1108 ,
1347 1075 1379 1104 δε
1390 1075 1557 1105 libertatem
1569 1078 1630 1105 nati
1644 1076 1748 1105 sumus
1759 1095 1767 1108 ,
1786 1084 1836 1105 aut
1853 1076 1914 1105 haec
1931 1084 2084 1105 teneamus
2096 1095 2104 1108 ‚
2124 1083 2175 1105 aut

1216 1126 1288 1145 cum
1299 1116 1443 1156 dignitate
1452 1119 1630 1147 moriamur.
1654 1119 1799 1147 Nimium
1809 1116 1861 1147 diu
1871 1119 2014 1149 teximus,
2025 1116 2097 1156 quid
2108 1116 2174 1146 sen-

1216 1159 1354 1187 tiremus:
1379 1168 1462 1188 nunc
1472 1158 1533 1197 jam
1544 1167 1679 1197 apertum
1690 1157 1731 1187 est
1743 1169 1749 1187 :
1771 1168 1821 1187 om
1827 1163 1895 1197 nes]
1899 1168 1948 1188 am
1958 1158 2171 1197 patefecerunt,

1214 1202 1247 1228 in
1261 1209 1414 1240 utramque
1425 1208 1538 1239 partem
1548 1199 1621 1240 quid
1632 1199 1777 1233 sentiant,
1790 1199 1863 1239 quid
1875 1200 1977 1229 velint.
2000 1202 2075 1229 Sunt
2084 1201 2174 1239 impii

1214 1242 1294 1270 cives
1303 1245 1321 1268 4
1329 1251 1383 1281 pro
1392 1244 1509 1271 caritate
1519 1240 1633 1280 reipub.
1644 1242 1779 1271 nimium
1789 1241 1896 1270 multi:
1912 1250 1965 1280 pro
1977 1241 2175 1271 multitudine

1215 1282 1292 1312 bene
1302 1283 1495 1313 sentientium
1508 1302 1516 1316 ,
1526 1281 1692 1313 admodum
1703 1284 1804 1322 pauci,
1818 1292 1948 1323 quorum
1959 1282 2177 1322 opprimendo-

1215 1334 1284 1354 rum
1301 1324 1344 1355 dii
1362 1326 1550 1355 immortales
1567 1323 1778 1354 incredibilem
1792 1324 1906 1363 reipub.
1921 1324 2096 1364 potestatem
2109 1344 2117 1358 ‚
2139 1324 2174 1354 δε

1220 1365 1372 1397 fortunam
1384 1366 1538 1397 dederunt.
1562 1366 1597 1396 ad
1614 1376 1648 1396 ea
1666 1368 1750 1396 enim
1769 1365 1901 1407 praesitlia
1912 1386 1920 1400 ‚
1940 1376 2005 1406 quae
2019 1365 2176 1400 habemus,

1211 1409 1276 1447 jam
1287 1408 1430 1438 accedunt
1438 1408 1575 1439 consules
1587 1408 1705 1438 summa
1713 1408 1880 1448 prudentia,
1891 1409 2010 1441 virtute,
2021 1407 2175 1441 concordia,

1221 1450 1335 1480 multos
1351 1451 1467 1480 menses
1481 1450 1516 1480 de
1529 1450 1635 1490 populi
1647 1453 1740 1480 Rom.
1754 1450 1887 1480 libertate
1896 1450 2093 1479 commentati
2105 1469 2113 1482 ,
2134 1457 2180 1480 at-

1218 1501 1277 1533 que
1287 1492 1432 1522 meditati.
1456 1494 1513 1522 His
1523 1492 1695 1522 auetoribus
1705 1511 1714 1526 ,
1726 1492 1759 1523 &
1770 1491 1896 1522 ducibus
1906 1511 1914 1524 ,
1926 1491 2179 1530 diisjuvantibus,

1218 1533 1307 1563 nobis
1318 1534 1513 1574 vigilantibus
1523 1554 1531 1567 ‚
1544 1534 1576 1563 &
1588 1533 1721 1564 multum
1732 1535 1763 1563 in
1774 1533 1926 1574 posterum
1937 1531 2180 1572 providentibus,

1217 1575 1332 1615 populo
1342 1577 1437 1606 Rom.
1453 1575 1660 1606 consentiente
1672 1595 1680 1608 ‚
1701 1578 1814 1605 erimus
1831 1573 1968 1615 profe5lo
1987 1574 2074 1604 liberi
2092 1574 2177 1604 brevi

1216 1626 1362 1657 tempore.
1376 1617 1573 1656 jucundiorem
1581 1626 1682 1647 autem
1694 1616 1782 1647 faciet
1795 1617 1963 1646 libertatem
1974 1616 2124 1645 servitutis
2133 1625 2180 1646 re-

1216 1659 1358 1689 cordatio.
1382 1661 1462 1701 Qas
1476 1658 1516 1688 ob
1530 1668 1575 1688 res
1588 1679 1597 1692 ,
1617 1657 1699 1698 quod
1714 1659 1827 1688 tribuni
1840 1658 1920 1698 pleb.
1931 1657 2021 1687 verba
2030 1656 2174 1691 fecerunt,

1219 1710 1252 1731 ut
1264 1701 1379 1731 senatus
1390 1700 1535 1730 Kalendis
1542 1701 1662 1741 Januar.
1676 1698 1740 1729 tuto
1751 1700 1851 1730 haberi
1863 1720 1871 1732 ,
1889 1699 2100 1739 sententiaeque
2118 1701 2131 1726 5
2139 1698 2176 1730 de

1217 1743 1336 1773 summa
1349 1744 1422 1782 reip.
1434 1742 1529 1772 libere
1546 1741 1607 1772 dici
1624 1740 1750 1782 poffintz
1771 1741 1806 1771 de
1826 1751 1858 1771 ea
1876 1751 1906 1770 re
1924 1742 1965 1770 ita
1983 1741 2089 1770 censeo
2101 1760 2110 1774 ‚
2132 1751 2179 1772 ur

1217 1787 1250 1814 C.
1262 1787 1371 1814 PANsA
1384 1804 1392 1817 ,
1411 1787 1449 1813 A.
1462 1786 1612 1814 Hrm-ms
1623 1803 1630 1817 ‚
1640 1783 1777 1814 consules
1789 1781 1949 1823 designati,
1961 1781 2033 1812 dent
2042 1792 2176 1822 operam,

1220 1835 1251 1855 ut
1262 1826 1376 1855 senatus
1386 1826 1655 1867 KalendisJanuar.
1666 1824 1730 1855 tuto
1742 1825 1840 1854 haberi
1850 1822 1936 1863 poffit
1947 1833 1952 1852 :
1962 1823 2104 1864 quodque
2115 1824 2182 1854 edi-

1217 1866 1301 1897 &um
1312 1868 1440 1897 D.Bruti
1451 1887 1460 1900 ‚
1473 1868 1660 1906 imperatoris
1671 1887 1679 1900 ‚
1695 1866 1827 1896 consulis
1837 1864 1999 1906 designati,
2014 1865 2131 1905 optime
2141 1865 2180 1896 de

1217 1909 1320 1949 repub.
1342 1910 1441 1939 meriti
1457 1928 1464 1942 ‚
1487 1907 1672 1948 propositum
1696 1906 1728 1938 sit
1739 1928 1748 1942 ‚
1771 1908 1906 1938 senatum
1926 1906 2115 1941 existimare,
2138 1910 2180 1938 D.

1219 1953 1346 1981 Brutum
1357 1971 1365 1984 ,
1381 1953 1593 1991 impertitorem
1607 1970 1615 1983 ,
1633 1950 1789 1980 consulem
1802 1948 1985 1991 defignatum
1995 1968 2005 1982 ‚
2021 1950 2135 1989 optime
2145 1949 2182 1980 de

1222 1993 1323 2033 repub.
1336 1994 1500 2032 promereri
1514 2013 1522 2025 ‚
1542 1991 1614 2021 cum
1634 1992 1749 2022 senatus
1766 1990 1975 2022 aucloritatem
1985 2010 1993 2024 ‚
2016 1991 2183 2032 populique

1220 2036 1313 2065 Rom.
1325 2035 1490 2065 libertatem
1505 2054 1513 2067 ,
1533 2035 1757 2074 imperiumque
1776 2032 2094 2073 defendatzquodque
2109 2034 2182 2063 Gal-

1220 2078 1291 2106 liam
1310 2078 1497 2117 provinciam
1518 2078 1689 2106 citeriorem
1701 2097 1709 2109 ,
1730 2085 1919 2115 optimorum
1932 2094 1941 2108 ‚
1963 2072 2182 2104 &fortiffimo—

1220 2129 1286 2148 rum
1300 2121 1433 2149 virorum
1445 2138 1454 2152 ‚
1470 2116 1719 2148 amiciffimorum
1730 2118 1843 2158 populo
1853 2119 1947 2147 Rotn-
1958 2118 2084 2150 civium,
2095 2125 2182 2145 exer-

1218 2162 1374 2201 citumque
1384 2162 1417 2190 in
1428 2160 1545 2190 senatus
1554 2159 1696 2200 potestate
1707 2161 1832 2190 retineat
1840 2179 1848 2192 ‚
1861 2158 1892 2189 id
1901 2168 1971 2188 eum
1981 2177 1989 2192 ,
2000 2158 2182 2188 exercitum-

1221 2212 1280 2243 que
1291 2205 1316 2243 ej
1322 2213 1354 2232 us
1365 2222 1372 2236 ‚
1384 2203 1550 2242 municipia
1559 2222 1568 2236 ,
1580 2202 1713 2232 colonias
1724 2203 1886 2242 provincia:
1899 2199 2003 2230 Gallia:
2015 2218 2023 2232 ‚
2034 2198 2125 2232 reete,
2137 2207 2183 2229 at-

1243 2255 1278 2274 ue
1297 2244 1419 2278 ordine,
1440 2254 1538 2285 exque
1552 2243 1654 2283 repub.
1669 2241 1790 2276 fecisse,
1811 2242 1843 2272 δε
1861 2241 1970 2271 facere:
1992 2241 2125 2271 senatum
2144 2240 2181 2272 ad

1221 2255 1374 2316 summam
1387 2286 1502 2325 reipub.
1514 2289 1663 2325 pertinere
1676 2285 1808 2314 arbitrari
1820 2303 1828 2316 ,
1848 2283 1864 2313 a
1873 2285 1915 2312 D.
1926 2284 2019 2312 Bruto
2029 2302 2039 2316 ,
2051 2282 2084 2313 &
2093 2283 2130 2312 ab
2140 2284 2177 2313 L.

1222 2328 1332 2358 Planco
1344 2348 1353 2361 ,
1371 2327 1604 2367 imperatoribus
1615 2345 1624 2359 ‚
1641 2335 1723 2355 coss.
1735 2323 1889 2365 designatis
1900 2344 1909 2357 ‚
1929 2326 2063 2364 itemque
2075 2323 2090 2355 a
2100 2333 2179 2354 cete-

1221 2371 1262 2398 ris
1274 2389 1283 2402 ,
1294 2370 1347 2409 qui
1356 2370 1525 2408 provincias
1535 2367 1675 2398 obtinent
1687 2386 1694 2399 ‚
1706 2364 1721 2386 ⁶
1730 2366 1864 2396 obtineri
1874 2376 1912 2396 ex
1923 2366 2073 2407 legeJulia
2082 2385 2091 2400 ‚
2102 2376 2182 2407 quo—

1220 2409 1255 2440 ad
1273 2420 1310 2439 ex
1321 2413 1349 2440 S.
1360 2412 1392 2440 C.
1403 2410 1512 2449 cuique
1522 2418 1629 2439 eorum
1643 2406 1804 2439 successum
1820 2406 1870 2437 sit:
1892 2408 2002 2448 eosque
2021 2407 2088 2438 dare
2108 2418 2180 2448 ope·

1219 2461 1284 2481 ram
1297 2471 1305 2484 ,
1324 2456 1338 2480 7
1349 2460 1381 2481 ut
1392 2461 1433 2484 eae
1444 2452 1608 2490 provinciae
1617 2470 1626 2484 ,
1643 2450 1846 2490 exercitusque
1858 2451 1888 2479 in
1900 2449 2015 2480 senatus
2026 2469 2034 2483 ,
2055 2450 2179 2490 populi-

1219 2503 1276 2534 que
1288 2495 1381 2523 Rom.
1388 2491 1532 2534 potestate,
1543 2490 1737 2532 praesidioque
1751 2491 1865 2531 reipub.
1876 2489 1932 2521 sint
1943 2502 1948 2520 z
1965 2501 2096 2533 cumque
2105 2501 2180 2532 ope-

1220 2546 1249 2566 ra
1261 2555 1269 2569 ‚
1284 2536 1394 2566 virtute
1404 2555 1412 2568 ‚
1427 2533 1554 2564 consilio
1565 2537 1598 2564 C.
1611 2534 1730 2564 caesaris
1742 2554 1750 2567 ,
1772 2534 1952 2574 summoque
1962 2533 2108 2564 consensu
2117 2535 2180 2564 rni-

1220 2578 1309 2607 litum
1321 2586 1531 2607 veteranorum
1544 2597 1553 2609 ‚
1574 2578 1627 2617 qui
1637 2577 1701 2616 ejus
1710 2575 1918 2606 aii&oi·itatem
1929 2576 2018 2606 secuti
2031 2596 2040 2609 ‚
2060 2575 2178 2616 reipub.

1219 2618 1353 2660 praesidio
1368 2619 1436 2649 sunt
1445 2638 1453 2652 ‚
1475 2618 1508 2648 &
1518 2617 1641 2648 fuerunt
1652 2629 1661 2652 3
1681 2618 1714 2648 &
1724 2617 1739 2648 a
1749 2616 1925 2659 graviffimis
1933 2618 2074 2657 periculis
2083 2627 2182 2658 popu-

1221 2663 1266 2690 lus
1275 2658 1368 2692 Rom.
1379 2659 1517 2690 defensus
1528 2658 1561 2690 sit
1569 2680 1577 2694 ‚
1589 2660 1622 2690 δε
1632 2661 1689 2690 hoc
1698 2668 1833 2699 tempore
1843 2657 2034 2689 defendatur:
2045 2668 2179 2700 cumque

1220 2704 1300 2743 legio
1311 2704 1416 2733 Martia
1425 2702 1510 2732 Albae
1519 2701 1688 2733 constiterit
1697 2721 1706 2736 ,
1718 2703 1750 2731 in
1762 2702 1932 2740 municipio
1942 2699 2113 2731 fideliffimo
2125 2720 2134 2734 2
2147 2701 2181 2732 &

1221 2743 1382 2776 fortiffimo
1402 2754 1408 2774 ε
1437 2744 1557 2786 seseque
1573 2743 1609 2774 ad
1628 2744 1743 2775 senatus
1762 2742 1970 2774 au6t01·itatem
1983 2761 1993 2776 ,
2015 2742 2182 2783 populique

2085 2785 2183 2814 Rom.

1202 2880 1205 2890 “
1223 2873 1265 2900 1ὲεί
1277 2882 1381 2901 tautum
1391 2873 1480 2901 indico
1492 2892 1500 2905 ‚
1510 2873 1536 2899 in
1547 2882 1579 2899 eo
1588 2872 1666 2899 nimis
1678 2872 1750 2899 nobis
1762 2881 1813 2898 non
1825 2871 1875 2897 esse
1885 2870 2056 2897 laborandum
2070 2880 2077 2898 3
2097 2880 2183 2907 quan-

1201 2898 1204 2941 l
1223 2910 1367 2946 doquidem
1378 2909 1436 2937 mss.
1448 2909 1599 2946 exprimant
1609 2907 1666 2935 fere
1676 2907 1775 2936 duabus
1786 2907 1872 2934 literis
1882 2910 1912 2934 R.
1921 2910 1953 2934 P.
1966 2906 2037 2943 quod
2047 2906 2126 2934 semel
2137 2906 2181 2935 di-

255 2958 283 2976 2.
303 2950 358 2978 <Ad
374 2950 555 2984 disptriiitimem
573 2951 675 2986 urbm]
697 2950 844 2977 Adaei-ent
862 2949 923 2983 huic
940 2947 1075 2985 scripturae
1095 2946 1177 2974 etiam
1201 2943 1203 2950 '
1224 2946 1411 2983 &unnsaepim
1421 2944 1522 2972 dietum
1533 2943 1619 2970 Ιεξὶοι·
1629 2951 1734 2980 putato.

220 2985 394 3013 Palla-rostri.
1010 3008 1014 3015 ,

258 3030 284 3057 3.
304 3023 388 3047 Obruit
396 3020 479 3055 vino]
501 3022 556 3048 Lil.
568 3030 646 3058 :itque
657 3021 764 3048 Gembl.
775 3023 863 3054 obruit,
873 3023 1002 3054 ingurgitat
1011 3023 1078 3046 τέω.

254 3066 282 3091 4.
302 3061 348 3083 Pro
357 3061 459 3083 caman·
471 3059 604 3093 rcip.&c.]
630 3058 706 3084 Libri
726 3058 806 3085 nostri
827 3057 892 3084 nibil
905 3064 1009 3083 mutant
1022 3075 1029 3089 ,
1050 3056 1096 3083 nisi
1107 3055 1178 3092 quod

218 3094 279 3120 1²³1.
291 3103 332 3130 pr.
343 3101 486 3130 anteponat
495 3095 543 3126 lid,
555 3104 606 3120 non
619 3094 769 3121 necclsario.
782 3095 872 3130 itaque
883 3093 950 3120 nulli
960 3092 1120 3127 conjetfturae
1131 3092 1180 3118 de-

217 3129 305 3157 <ierim
321 3130 422 3161 locum,
433 3129 530 3156 nedum
542 3129 690 3156 desultoriae
702 3130 804 3159 levitati
816 3129 951 3157 Lambini.

257 3175 284 3202 5.
302 3167 431 3202 Defivnma
442 3167 557 3204 reipubl]
578 3166 642 3195 Non
654 3165 718 3196 abeo
727 3167 759 3195 ab
776 3167 813 3195 cis
825 3167 870 3204 qui
889 3165 1032 3204 repositum
1051 3172 1115 3195 euri:
1130 3171 1180 3200 rep-

1257 2984 1287 3009 6.
1306 2985 1410 3009 obtineri
1428 2992 1456 3008 ex
1472 2983 1517 3015 lrge
1533 2980 1631 3014 Julia]
1655 2980 1681 3006 Si
1700 2979 1854 3006 ausim-itari
1873 2978 1974 3015 aliquid
1995 2978 2088 3006 damus
2100 2987 2178 3015 repo-

1223 3019 1337 3045 nendum
1367 3027 1401 3044 ex
1428 3016 1486 3044 Pal.
1514 3015 1564 3042 see.
1593 3015 1702 3042 Gembl.
1723 3016 1832 3043 Lilieusi
1859 3016 1887 3041 St
1910 3015 2077 3042 Mauriciano
2094 3017 2180 3042 valia.

1223 3054 1343 3092 dispicite
1361 3053 1447 3090 quaeso
1459 3072 1468 3086 ,
1485 3053 1637 3080 Contarene
1649 3071 1657 3085 ‚
1677 3052 1800 3080 Guitheri
1812 3072 1820 3086 ,
1841 3052 1972 3079 Pontane.
1992 3051 2057 3078 mihi
2068 3061 2120 3079 uon
2133 3060 2180 3079 va-

1222 3099 1276 3118 cat.

1258 3136 1285 3160 7.
1307 3129 1335 3152 Ut
1347 3127 1507 3158 ‹aprovintiae
1516 3125 1699 3161 exercitii-siqua]
1722 3124 1767 3156 Est
1784 3124 1816 3154 ab
1825 3124 1904 3154 unico
1922 3123 2077 3154 Colotiano.
2096 3121 2181 3149 ceteri

1222 3162 1281 3192 mis.
1290 3165 1417 3197 „treviam
1427 3163 1547 3199 Galliaque
1556 3164 1682 3192 exercitia,
2068 3194 2069 3197 Ἴ
2122 3194 2141 3220 C

2086 3202 2111 3224 ι.
2135 3199 2179 3220 invi

2201 1661 2244 1693 15
