2297 3389
740 141 999 189 L113.111.
1051 155 1121 190 IN

159 233 267 268 praetor
275 223 389 267 cdpidm
398 219 609 260 existimdtt’onis
624 220 713 252 bona:
732 223 785 263 qui
801 222 838 253 ab
855 222 916 252 sese
932 232 1059 253 omnem
1071 224 1090 253 s
1086 234 1120 253 u-

159 269 327 309 spicionem
344 266 545 307 propulsaret?
565 266 618 306 qui
635 264 665 295 se
678 265 788 303 eripere
803 274 841 293 ex
853 263 977 294 infamia
987 269 1118 304 cuperet?

162 309 318 342 Addufitus
328 313 388 339 erat
399 311 434 338 in
444 307 616 338 sermonem
626 326 635 339 ‚
658 305 807 336 invidiam
820 326 828 338 ,
851 306 1118 345 vituperationem.

160 350 308 382 diEtitarat
315 351 412 380 homo
421 349 579 389 improbus
589 369 598 382 ‚
614 357 701 389 atque
712 349 848 387 impurus
861 366 869 379 ,
882 349 1033 386 Apronius
1043 367 1051 380 ,
1072 348 1119 377 so—

159 395 244 424 cium
253 390 311 423 effe
317 400 475 431 praetorem
488 401 493 420 :
506 398 626 421 venerat
634 400 679 420 res
688 391 721 419 in
728 389 881 428 judicium
893 409 901 422 ‚
914 398 1001 429 atque
1011 389 1116 419 discri-

159 444 249 466 men:
266 431 392 473 potestas
405 441 464 463 erat
477 431 545 466 isti,
565 433 687 462 homini
702 433 820 472 integro
831 451 840 464 ,
861 440 949 470 atque
960 432 1118 460 innocenti

158 477 223 507 data
231 493 240 508 ,
253 483 286 504 ut
296 493 305 509 ,
321 474 349 504 in
359 474 528 516 ,Apronium
537 471 602 503 ct‘tm
610 472 854 510 animadverriffit
865 493 874 506 ‚
884 471 1117 512 fis'egraviffima

155 518 263 546 levaret
276 516 407 555 infamia.
431 516 512 558 Qid
535 518 684 557 excogitat
703 525 799 555 poenae
812 518 822 545 ?
842 515 914 556 quid
927 516 1117 544 animadver-

155 558 246 589 fionis
256 559 289 588 in
299 560 472 598 Apronium
484 561 494 588 ?
504 560 585 598 cogit
593 557 780 589 Scandilium
791 557 929 597 Apronio
940 557 980 586 ob
989 554 1116 598 singula-

153 610 220 632 rem
235 600 462 640 improbitatem
476 620 485 634 ,
509 609 596 641 atque
611 599 763 630 audaciam
779 619 788 632 ,
812 599 1116 639 praedicationemque

153 641 274 672 nefariae
293 642 438 672 societatis
448 662 457 676 ‚
482 646 492 662 ¹
507 652 560 672 H-s
580 652 610 672 v.
633 642 731 671 millia
754 644 768 660 ²
782 640 930 670 mercedis
948 650 980 669 ac
997 641 1114 679 praemii

153 684 230 715 dare.
255 683 336 726 Qud
346 683 500 718 interfuit,
512 685 608 714 homo
616 681 802 714 audaciffime
810 702 819 716 ‚
830 680 934 712 utrum
944 682 1002 711 hoc
1012 681 1113 711 decer-

153 735 239 757 neres
250 736 255 755 :
266 735 304 755 an
315 725 345 756 id
356 746 364 760 ,
375 726 456 767 quod
467 728 619 766 Apronius
629 724 791 757 diffitabat,
802 733 864 754 tute
873 723 910 753 de
921 732 949 753 te
958 722 1114 763 profitere—

153 777 185 799 re
196 787 205 802 ,
224 777 258 797 ac
267 767 439 800 manases?
453 778 544 809 quem
554 769 717 797 hominem
729 787 738 799 ‚
753 764 773 795 {i
783 768 851 807 quis
860 765 958 805 pudor
967 768 1000 795 in
1010 774 1038 794 te
1049 784 1057 798 ‚
1071 774 1114 795 at-

152 819 212 851 que
220 808 295 840 adeo
305 808 326 839 si
336 812 402 851 quis
414 819 514 840 metus
525 807 626 839 fuiffet
634 829 642 842 ‚
654 807 715 850 sine
725 808 872 848 supplicio
884 807 1036 837 dimittere
1047 817 1111 836 non

152 850 293 883 debuisti:
303 853 384 882 hunc
393 852 445 881 abs
454 860 480 882 te
491 849 552 881 fine
562 853 689 891 praemio
700 849 848 880 discedere
859 848 1112 879 noluisti.Omnia

153 892 243 924 fimul
254 893 420 935 intelligere
429 892 569 933 potuistis
580 913 588 926 ,
605 892 723 932 judices
734 912 742 924 ,
764 901 801 921 ex
811 901 874 921 uno
884 893 1013 921 crimine
1023 894 1112 921 Scan-

154 935 270 966 diliano
283 945 288 964 :
307 934 442 975 primum
453 954 463 968 ,
483 935 542 965 hoc
551 945 616 964 non
625 932 682 964 effe
693 936 802 964 Romae
810 942 915 964 natum
926 933 963 962 de
973 934 1111 963 societate

151 976 357 1011 decumarum,
367 986 432 1006 non
440 977 476 1007 ab
483 977 648 1007 accusatore
660 975 767 1006 fictum
779 986 784 1005 :
795 985 859 1005 non
869 974 914 1014 (ut
923 975 1054 1005 solemus
1063 976 1112 1004 in-

151 1018 270 1050 terdum
281 1019 314 1048 in
324 1016 548 1048 defensionibus
567 1018 675 1058 dicere)
686 1019 788 1047 crimen
796 1016 972 1053 domesticum
982 1036 990 1050 ,
1005 1027 1037 1046 ac
1046 1027 1112 1046 ver—

152 1060 294 1090 naculum
306 1080 314 1092 ,
331 1070 396 1090 non
405 1069 443 1090 ex
453 1067 588 1100 tempore
599 1061 724 1100 periculi
734 1062 778 1090 tui
788 1058 989 1089 constitutum
1005 1069 1010 1087 :
1036 1062 1048 1086 3
1062 1059 1110 1088 sed

151 1110 237 1133 vetus
247 1121 256 1135 ‚
267 1103 473 1142 excogitatum
478 1102 543 1142 jam
556 1122 564 1136 ,
581 1103 614 1132 &
625 1122 633 1135 ‚
653 1110 681 1132 te
689 1100 963 1142 praerorejaEkuum
975 1120 983 1134 ,
1005 1101 1037 1130 ὃς
1047 1110 1111 1130 non

150 1143 189 1175 ab
197 1145 332 1174 inimicis
342 1146 451 1174 Romae
461 1143 664 1184 compositum
676 1165 685 1177 ,
707 1143 755 1174 sed
765 1145 899 1174 Romam
912 1142 948 1172 de
957 1144 1113 1182 provincia

152 1194 352 1226 exportatum.
365 1186 463 1216 Simul
472 1187 602 1227 intelligi
609 1185 708 1226 potest
717 1185 793 1215 illud
803 1184 887 1214 istius
895 1187 929 1214 iu
939 1186 1111 1224 Apronium

151 1226 296 1261 studium,
307 1229 436 1267 Apronii
444 1227 481 1258 de
489 1227 546 1258 isto
556 1238 621 1258 non
631 1225 726 1258 modo
737 1225 891 1260 confeffio‚
901 1226 1009 1257 verum
1019 1228 1112 1256 etiam

151 1271 418 1301 commemoratio.
442 1269 551 1300 eodem
560 1269 674 1300 accedit
683 1289 692 1304 ‚
710 1267 793 1310 quod
802 1269 860 1299 hoc
869 1278 988 1309 quoque
998 1268 1112 1297 intelli-

150 1321 219 1354 gere
228 1310 350 1351 potestis
361 1331 369 1345 ,
389 1310 480 1341 istum
500 1310 627 1342 statuisse
638 1332 646 1344 ,
667 1314 701 1341 in
711 1312 867 1351 provincia
877 1311 925 1340 sua
939 1330 947 1343 ,
969 1309 1113 1345 exlstlraa-

152 1354 234 1382 tionis
245 1353 301 1393 fica
313 1353 458 1392 judicium
475 1362 556 1383 extra
575 1354 734 1385 cohortem
751 1353 834 1383 suam
851 1351 1111 1382 committendum

88 1395 138 1431 62
152 1393 241 1425 fuifl'e
258 1396 387 1424 nemini.
411 1396 522 1435 Ecquis
532 1393 575 1424 est
588 1394 684 1434 judex
695 1415 703 1427 ‚
724 1396 774 1424 cui
789 1404 855 1424 non
865 1393 901 1423 ab
921 1395 1010 1423 initio
1021 1393 1112 1423 decu·

151 1437 236 1468 mani
243 1437 381 1466 criminis
390 1437 558 1476 persuasum
568 1435 602 1467 fit
610 1457 619 1470 ,
631 1436 724 1466 istum
734 1437 768 1466 in
776 1444 926 1467 aratorum
938 1435 1018 1465 bona
1029 1455 1036 1468 ‚
1049 1434 1112 1465 for-

150 1478 292 1519 tunasque
302 1479 451 1518 impetum
461 1477 561 1509 fecisse
574 1480 585 1507 ?
604 1480 671 1519 quis
682 1480 741 1508 hoc
751 1488 814 1508 non
826 1487 864 1507 ex
874 1487 910 1507 eo
921 1476 1020 1507 statim
1028 1476 1112 1517 judi-

151 1521 230 1552 cavit
239 1540 249 1553 ,
259 1519 341 1560 quod
351 1518 469 1550 ostendi
479 1540 488 1554 ,
499 1519 592 1550 istum
602 1521 744 1551 decumas
753 1529 834 1550 nova
844 1519 908 1561 lege
918 1539 926 1553 ,
941 1529 1026 1560 atque
1035 1517 1110 1549 adeo

149 1562 307 1602 nullalege
317 1581 325 1596 ,
337 1570 441 1592 contra
449 1564 593 1592 omnium
604 1562 858 1592 consuetudinem
870 1581 878 1595 ‚
893 1570 980 1602 atque
991 1560 1111 1591 institu-

150 1602 356 1640 tayendidiffe
366 1606 376 1633 ?
388 1603 515 1638 Verum,
525 1613 559 1634 ut
569 1603 640 1634 istos
651 1614 707 1645 ego
714 1604 829 1644 judices
839 1613 900 1634 tarn
910 1604 1038 1636 severos,
1049 1612 1110 1632 tarn

150 1646 322 1686 diligenteis
329 1666 338 1680 ,
350 1655 410 1676 tam
420 1646 576 1688 religiosos
587 1656 652 1676 non
661 1646 802 1676 haberem
814 1656 820 1676 :
831 1647 933 1686 ecquis
941 1644 984 1684 est
995 1666 1003 1678 ‚
1015 1655 1054 1675 ex
1064 1646 1112 1674 in-

151 1687 294 1725 iuriarum
304 1687 512 1729 magnitudine
523 1708 532 1722 ,
552 1688 744 1729 improbitate
753 1688 940 1718 decretorum
952 1708 961 1721 ‚
978 1688 989 1727 j
994 1687 1112 1717 udicio-

149 1739 218 1762 rum
228 1730 383 1770 iniquitate
394 1750 403 1764 ,
425 1732 478 1771 qui
487 1731 546 1760 hoc
555 1740 619 1760 non
625 1729 806 1769 jamdudum
824 1729 956 1760 statuerit
967 1749 974 1763 ‚
988 1730 1020 1759 &
1028 1728 1111 1769 judi-

147 1772 237 1803 carit?
262 1773 361 1802 Etiam
372 1771 439 1802 sane
451 1771 485 1802 fit
494 1772 601 1813 aliquis
607 1771 764 1810 diffiilutior
772 1772 801 1801 in
805 1771 956 1810 judicando
968 1783 978 1800 .·
996 1772 1109 1812 legum,

148 1812 256 1846 officii,
267 1815 338 1854 reip.
351 1813 513 1848 sociorum,
523 1823 608 1855 atque
617 1816 785 1844 amicorum
794 1814 1007 1863 negligentior:
1023 1812 1110 1854 quid?

149 1857 177 1886 is
187 1853 312 1895 poffitne
329 1855 365 1885 de
384 1855 469 1886 istius
480 1856 673 1897 improbitate
688 1856 822 1886 dubitare
833 1876 841 1890 ,
859 1865 932 1886 cum
943 1864 1022 1886 tanta
1030 1856 1110 1884 lucra

149 1896 228 1928 fasta
238 1916 247 1930 ‚
267 1905 328 1927 tam
337 1898 454 1938 iniquas
463 1897 618 1937 pastiones
629 1918 638 1931 ,
661 1900 693 1928 vi
704 1898 737 1928 ὃς
748 1907 831 1928 metu
841 1895 987 1938 exprefl'as
995 1906 1110 1937 cogno-

115 1952 117 1955 ·
148 1939 247 1970 verit?
261 1938 334 1968 cum
344 1946 423 1969 tanta
431 1941 553 1978 praemia
560 1940 692 1970 civitates
702 1959 710 1972 ‚
722 1941 773 1972 vi,
791 1947 878 1980 atque
887 1941 1016 1979 imperio
1026 1959 1035 1972 ,
1048 1939 1110 1968 vir-

171 1990 274 2014 arum,
293 1990 325 2010 ac
335 1981 441 2010 mortis
458 1989 560 2014 metu,
580 1990 646 2010 non
665 1980 760 2010 modo
771 1982 928 2020 Apronio,
948 1989 1034 2020 atque
1046 1980 1109 2019 ejus

151 1990 302 2052 {milibus
312 2041 320 2056 ,
331 2020 439 2052 verum
451 2024 539 2051 etiam
549 2023 687 2051 Veneriis
698 2023 789 2052 servis
800 2022 868 2051 dare
878 2021 1002 2052 coa&as.
1020 2020 1109 2060 Qod

153 2063 245 2104 siquis
255 2064 406 2094 sociorum
417 2063 625 2093 incommodis
635 2065 739 2093 minus
749 2072 891 2093 movetur
902 2074 908 2092 ;
920 2062 940 2092 si
947 2073 1039 2103 quem
1049 2072 1111 2092 ara-

152 2113 255 2137 torum
264 2104 342 2146 fugae
351 2125 360 2139 ,
373 2105 554 2135 calamitates
564 2126 573 2138 ‚
587 2106 699 2135 exsulia
710 2125 719 2138 ,
736 2105 893 2146 suspendia
901 2105 1031 2145 denique
1044 2114 1110 2134 non

153 2156 334 2188 permovent
345 2158 349 2176 :
361 2157 425 2177 non
434 2145 554 2187 pofl‘um
564 2146 698 2177 dubitare
708 2167 716 2180 ,
729 2150 803 2186 quin
812 2149 837 2176 is
847 2156 947 2177 tamen
958 2167 967 2180 ,
978 2146 1050 2177 cum
1061 2156 1111 2176 va-

152 2188 257 2220 statam
267 2189 400 2219 Siciliam
411 2208 419 2222 ,
435 2187 557 2219 reliCms
574 2198 677 2229 agros,
699 2198 737 2218 ex
754 2190 910 2218 civitatum
931 2189 1037 2218 litteris
1048 2209 1056 2222 ,
1077 2188 1111 2218 &

149 2230 277 2272 epistola
285 2231 443 2260 L.Metelli
450 2232 627 2272 cognoverit
639 2241 644 2259 :
666 2229 769 2260 statuat
780 2251 789 2264 ‚
811 2228 877 2260 fieri
886 2240 950 2260 non
960 2229 1043 2270 poss'e
1054 2250 1063 2264 ,
1079 2238 1111 2259 ut

152 2272 190 2304 de
199 2272 257 2303 isto
266 2283 329 2303 non
336 2271 502 2312 severissime*
505 2271 660 2311 judicetur.
683 2274 748 2302 Erit
757 2281 848 2302 etiarn
858 2273 977 2313 aliquis,
989 2274 1040 2313 qui
1049 2273 1110 2302 haec

152 2316 260 2346 omnia
276 2313 475 2348 diffimulare,
495 2325 528 2344 ac
538 2314 687 2355 negligere
705 2313 801 2354 poffit.
825 2315 922 2344 Attuli
939 2312 1111 2354 sponsiones

151 2357 217 2398 ipso
227 2357 369 2397 praesente
376 2355 467 2386 fafitas
477 2356 514 2386 de
533 2356 727 2386 decumarum
744 2356 881 2386 societate
891 2376 899 2389 ,
920 2356 956 2386 ab
966 2356 1030 2396 ipso
1040 2365 1112 2396 pro-

153 2398 264 2429 hibitas
274 2398 409 2438 judicari.
432 2398 505 2439 quid
525 2397 586 2431 est,
606 2398 686 2439 quod
698 2397 793 2438 poffet
808 2399 965 2439 quisquam
981 2397 1111 2428 manife-

150 2440 225 2472 stius
235 2441 294 2471 hoc
304 2439 463 2470 desiderare
474 2442 485 2469 ?
496 2442 571 2470 Non
582 2439 689 2470 dubito
700 2460 709 2473 ‚
722 2442 797 2480 quin
807 2440 895 2470 vobis
905 2440 1109 2474 satisfecerim,

148 2483 161 2524 j
167 2483 276 2514 udices.
299 2490 511 2512 verumtamen
520 2482 688 2522 progrediar
697 2480 820 2523 longius
836 2492 841 2511 ε
865 2492 930 2513 non
941 2482 1113 2512 mehercule

153 2534 216 2566 quo
234 2526 329 2566 magis
348 2525 405 2554 hoc
414 2523 503 2554 vobis
510 2523 715 2564 persuadeatur
724 2543 733 2558 ‚
752 2525 843 2565 quarn
859 2525 924 2564 jam
941 2524 1111 2564 persuasum

151 2565 360 2597 ess'econh'do:
380 2565 429 2596 sed
447 2575 480 2596 ut
497 2566 549 2596 ille
559 2565 720 2607 aliquando
730 2565 929 2606 impudentiae
940 2567 999 2596 suae
1018 2565 1112 2596 finem

150 2608 254 2640 faciat:
272 2608 432 2649 aliquando
449 2606 560 2638 definat
579 2627 587 2642 ,
609 2618 641 2638 ea
658 2608 686 2637 se
704 2615 807 2648 putare
823 2606 907 2648 poffe
924 2617 1009 2637 emere
1020 2628 1028 2641 ‚
1048 2618 1113 2649 quae

151 2650 212 2691 ipse
223 2651 338 2690 semper
347 2650 575 2680 habuitvenalia
586 2669 594 2683 ‚
615 2648 707 2680 fidem
719 2670 728 2682 ‚
751 2649 964 2689 jusjurandum
976 2670 984 2684 ,
1005 2653 1114 2680 verita-

152 2701 216 2724 tem
226 2712 235 2728 =
258 2691 397 2723 officium
407 2711 415 2726 ,
435 2692 618 2733 religionem
630 2703 635 2722 :
656 2690 790 2722 desinant
805 2692 895 2723 amici
904 2693 969 2733 ejus
979 2702 1013 2722 ea
1023 2691 1113 2723 dieti-

189 2830 200 2848 ι
208 2842 214 2848 .
234 2822 295 2848 1-1-s
307 2830 335 2847 v.
346 2821 445 2855 millia]
465 2820 566 2847 Nanuii
578 2820 645 2848 liber
657 2840 666 2854 ,
685 2821 758 2848 H-s.
769 2824 895 2856 quingenta
909 2823 991 2847 millia.
1011 2821 1052 2847 cui
1065 2830 1107 2847 re-
1130 2823 1134 2862 l

150 2857 307 2894 fragrantur
316 2865 372 2894 quae
383 2857 505 2893 proxime
516 2855 675 2892 praeceil’ere'.

188 2903 217 2921 2.
235 2894 369 2922 emercediae
379 2903 408 2919 ac
411 2897 502 2927 praemii
509 2894 592 2928 dare]
604 2895 630 2920 N
635 2894 704 2921 annii
716 2893 786 2920 idem
796 2893 933 2930 exemplar
944 2893 1012 2921 istud
1022 2893 1111 2921 habet.

151 2930 310 2966 vulgabatur
319 2937 395 2956 antea
404 2930 517 2966 amplius
529 2949 538 2962 ,
547 2931 655 2956 mercedis
664 2933 752 2956 nomine
763 2939 791 2956 ac
795 2934 896 2964 pr.emii.

190 2974 217 3002 3.
236 2966 280 2992 Sed
287 2974 358 2992 ’ναμε
370 2985 378 2997 ,
388 2969 541 2999 excogitatum
543 2967 625 3001 jam.]
638 2966 763 3002 Corrigit
772 2966 946 2999 Gulielmius,
957 2969 1113 3000 magnatum.

155 3002 172 3029 ὲ
182 3001 300 3033 Rubrio,
320 3001 420 3028 scilicet
432 3002 459 3027 8(
470 3002 615 3029 scandilia.

191 3035 220 3071 4’.
240 3040 346 3071 Infamiae
361 3038 424 3064 nobis
441 3040 547 3065 omnibus
563 3039 604 3073 ψ
615 3039 725 3074 pestium]
746 3039 867 3075 conjicit
877 3039 1040 3067 Gulielmius
1052 3057 1060 3072 ‚
1075 3040 1116 3065 bo-

154 3073 192 3099 m‘a
210 3076 323 3100 omnihm.

196 3118 221 3141 5.
241 3114 323 3135 Omnes
332 3113 409 3136 omnia
417 3111 500 3138 dicant
508 3113 534 3138 in
543 3112 607 3137 illum
618 3122 624 3137 :
639 3111 757 3146 nifi&c.]
777 3111 963 3148 InrerpunCtio
979 3113 994 3138 a
1005 3121 1047 3138 me
1058 3111 1094 3138 est
1106 3130 1114 3142 ,

157 3144 239 3171 leetio
249 3146 264 3171 5.
276 3152 364 3172 vetere
374 3146 442 3172 libro
454 3147 601 3174 Hotomani
613 3158 618 3174 ς
631 3148 704 3183 prius
714 3147 779 3174 editi
792 3168 801 3180 ‚
811 3149 907 3175 dicant:
921 3151 946 3174 in
956 3149 992 3174 illo
1001 3149 1054 3182 nisi,
1065 3148 1116 3180 ὺτ,

155 3180 189 3210 Ρ.
200 3181 337 3212 Manutius
348 3181 434 3210 omisit
441 3185 469 3210 in
476 3185 526 3218 illo,
535 3181 603 3212 haud
611 3191 719 3220 poterat
729 3183 754 3213 se
764 3183 890 3222 expedire
901 3183 1016 3213 facilius.

1167 141 1553 191 QVERRi-:zvn
2031 145 2124 210 283

1165 229 1226 251 tare
1237 242 1245 256 ‚
1267 232 1333 264 quae
1343 223 1527 254 detrimento
1541 244 1549 257 ,
1570 222 1693 254 macnlae
1705 243 1712 257 ‚
1733 223 1858 254 invidiae
1874 243 1882 257 ‚
1905 222 2064 256 4infamiae
2075 235 2133 256 no-

1166 263 1210 292 bis
1221 266 1368 295 omnibus
1379 265 1437 295 effe
1446 265 1565 306 poffint.
1589 269 1689 306 Atqui
1700 268 1789 296 amici
1804 270 1813 295 ?
1836 269 1862 296 O
1872 267 2031 300 miserum,
2042 276 2133 308 atque

1164 305 1352 336 invidiosum
1363 328 1371 340 ,
1386 306 1599 349 offensumque
1609 318 1772 348 paucorum
1784 309 1870 348 culpa
1880 329 1888 341 ‚
1901 317 1987 349 atque
1997 308 2134 350 indigni-

1163 353 1220 375 tate
1238 348 1379 378 ordinem
1391 350 1572 380 senatorium
1587 352 1592 378 !
1617 350 1725 380 Albam
1737 350 1901 380 AEmilium
1923 350 2076 380 sedentem
2095 352 2130 381 in

1161 385 1299 417 faucibus
1317 391 1437 420 macelli
1457 391 1542 431 loqui
1551 391 1648 431 palam
1660 412 1668 426 ,
1694 401 1828 422 vrcxssE
1846 395 1971 422 Verrem
1985 412 1993 425 ‚
2009 401 2130 432 emptos

1163 428 1392 468 haberejudices
1404 452 1413 464 ‚
1435 433 1529 462 alium
1553 443 1606 463 ωε
1630 442 1694 462 cco
1706 433 1844 464 millibus
1855 454 1863 468 ,
1878 434 1979 464 'alium
2000 444 2054 464 }1-s
2078 444 2127 468 ro,

1163 479 1253 509 quem
1263 473 1398 516 minimo
1411 492 1420 506 ,
1444 483 1517 502 cce.
1542 478 1641 515 Atque
1652 474 1762 505 eicum
1774 476 1948 515 responsum
1961 474 2050 509 effer,
2063 474 2128 506 fieri

1163 521 1227 540 non
1236 511 1338 551 pofle:
1355 514 1469 544 multos
1481 514 1576 545 testeis
1587 515 1644 546 effe
1657 516 1790 546 didm-os
1802 538 1810 550 ‚
1824 528 1874 547 me
1885 527 2023 557 praeterea
2032 518 2125 549 causae

1162 562 1227 582 non
1238 553 1414 585 defuturum
1428 566 1433 584 :
1456 558 1564 586 LICET
1580 558 1713 587 hercules
1725 579 1732 591 ,
1755 561 1855 600 inquit
1876 563 1890 586 5
1902 569 2009 589 omnes
2021 562 2127 590 omnia

1161 594 1262 625 dicant
1275 597 1308 625 in
1317 597 1406 626 illum
1420 607 1426 626 1
1446 596 1500 627 nisi
1509 600 1548 628 ita
1558 609 1602 628 res
1613 599 1767 630 manifesta
1779 604 1833 630 erit
1848 601 1933 631 allata
1943 621 1951 635 ,
1963 610 1995 631 ut
2005 603 2126 642 respon-

1161 635 1224 666 deri
1235 638 1313 667 nihil
1322 636 1410 678 poffit
1421 659 1428 672 ‚
1440 640 1584 669 vicimus.
1604 643 1682 670 Bene
1692 644 1751 682 agis
1765 642 1840 672 Alba
1851 653 1855 671 2
1866 642 1901 673 ad
1912 653 1991 673 tuam
2002 646 2125 673 veniam

1161 678 1387 710 conditionem.
1410 680 1489 710 nihil
1510 691 1593 721 putas
1622 692 1715 711 vater-e
1737 685 1764 712 in
1778 685 1892 722 jndicns
1908 684 2124 724 conjeetumm,

1158 720 1239 749 nihil
1260 721 1460 761 suspicionem
1477 733 1482 752 :
1506 724 1586 752 nihil
1608 724 1748 755 anteaffitae
1767 728 1835 756 νίς-ε
1855 725 2123 761 existimationem,

1158 762 1237 791 nihil
1247 762 1400 793 bonorum
1410 766 1546 794 virorum
1558 764 1745 799 testimonia,
1760 768 1837 796 nihil
1852 770 2010 798 civitatum
2021 768 2124 799 aufto-

1156 805 1301 837 ritares,ac
1311 804 1495 837 testimonia:
1506 805 1634 836 6litteras
1646 808 1817 837 manifestas
1829 812 1945 848 quaeris.
1958 812 2033 840 Non
2042 821 2125 851 quae-

1157 855 1190 875 ro
1193 846 1328 884 judicesC
1327 847 1591 887 affictum-veterem
1600 848 1787 888 judiciorum
1800 851 1985 881 severitatem
2001 862 2064 881 non
2078 863 2126 882 re-

1157 889 1244 928 quiro
1258 899 1262 917 :
1274 888 1401 919 vestram
1413 892 1445 920 in
1457 891 1515 921 hoc
1527 889 1631 924 fidem,
1644 890 1821 931 dignitatem
1834 912 1842 924 ‚
1855 892 2021 933 religonem
2034 896 2065 923 in
2076 895 2126 933 ju-

1155 929 1282 960 dicando
1294 941 1358 961 non
1371 933 1505 972 imploro
1518 943 1523 962 :
1552 932 1662 962 Albam
1672 933 1788 963 habebo
1808 933 1938 969 judicem
1952 954 1960 967 ,
1981 945 2051 964 eum
2064 936 2120 965 ho—

1156 974 1275 1002 minem
1289 992 1297 1006 ,
1322 975 1375 1014 qui
1392 974 1420 1003 se
1440 975 1500 1014 ipse
1520 975 1651 1005 scurram
1671 973 1931 1015 improbiffimum
1960 976 2120 1006 existimari

1154 1013 1220 1043 vult
1231 1025 1235 1041 :
1246 1016 1300 1054 qui
1310 1013 1326 1045 a
1335 1016 1441 1045 scurris
1451 1015 1552 1056 potius
1563 1016 1679 1056 semper
1689 1017 1832 1057 gladiator
1843 1037 1851 1051 ,
1864 1017 1954 1058 quam
1967 1019 2060 1048 scuria
2071 1029 2122 1058 ap⁹

1154 1055 1279 1095 peilatus
1290 1055 1334 1086 sit.
1359 1055 1479 1088 afferam
1489 1067 1553 1087 rem
1564 1059 1714 1098 ejusmodi
1726 1060 1757 1088 in
1770 1059 1906 1089 decumis
1920 1080 1928 1093 ‚
1950 1068 1980 1088 ut
1994 1060 2069 1090 Alba
2078 1061 2122 1091 ta-

1155 1106 1265 1131 teatur,
1278 1097 1370 1128 istum
1382 1101 1414 1129 in
1424 1109 1455 1129 re
1466 1099 1663 1136 frumentaria
1672 1120 1679 1134 ‚
1693 1100 1725 1130 ὃς
1737 1110 1769 1130 in
1779 1101 1869 1130 bonis
1878 1109 2026 1131 aratorum
2037 1112 2120 1141 aper-

1154 1139 1182 1169 te
1196 1159 1204 1172 ,
1212 1140 1368 1182 palamque
1377 1140 1425 1178 effie
1433 1141 1593 1181 praedatum.
1619 1145 1771 1173 Decumas
1779 1144 1840 1183 agri
1848 1145 1994 1173 Leontini
2006 1154 2117 1185 magno

1154 1181 1228 1211 dicit
1237 1182 1265 1211 se
1274 1181 1451 1212 vendidisse.
1477 1183 1601 1214 Ostendi
1615 1185 1679 1223 jam
1699 1184 1775 1214 illud
1793 1184 1884 1214 initio
1896 1204 1904 1218 ,
1924 1194 1990 1214 non
2011 1185 2117 1215 existi-

1155 1223 1303 1253 mandum
1315 1234 1425 1265 magno
1435 1224 1603 1255 vendidisse
1614 1236 1685 1256 eum
1696 1246 1704 1260 ‚
1724 1228 1776 1267 qui
1787 1226 1879 1256 verbo
1889 1226 2030 1257 decumas
2039 1237 2116 1257 ven-

1154 1265 1280 1295 diderit:
1300 1276 1331 1296 re
1341 1286 1350 1300 ,
1374 1267 1407 1296 &
1416 1267 1595 1297 conditione
1604 1288 1611 1301 ,
1625 1268 1733 1308 &lege
1744 1288 1752 1301 ,
1775 1268 1808 1297 &
1818 1267 1918 1298 edieto
1928 1289 1937 1302 ,
1953 1269 2117 1300 &licentia

1152 1306 1393 1338 decumanorum
1405 1329 1413 1342 ‚
1428 1309 1568 1339 decumas
1579 1310 1741 1339 aratoribus
1751 1310 1852 1340 nullas
1863 1311 1991 1350 reliquas
2003 1310 2117 1341 fecerit.

1153 1350 1244 1379 etiam
1263 1349 1340 1379 illud
1359 1349 1496 1384 ostendi,
1516 1350 1682 1381 vendidisse
1695 1351 1769 1381 alios
1779 1361 1890 1391 magno
1903 1352 2044 1382 decumas
2056 1355 2116 1393 agri

1153 1392 1299 1421 Leontini
1312 1412 1319 1423 ‚
1331 1400 1558 1433 ceterorumque
1568 1403 1706 1434 agrorum
1719 1404 1724 1422 :
1745 1393 1777 1423 δε
1789 1393 1851 1434 lege
1863 1395 2027 1424 Hieronica
2036 1405 2113 1424 veu-

1153 1431 1258 1462 didiffe
1271 1443 1276 1462 :
1292 1433 1325 1462 &
1334 1434 1429 1472 pluris
1440 1436 1530 1464 etiam
1543 1455 1551 1468 ‚
1564 1435 1656 1475 quam
1667 1444 1693 1465 te
1703 1434 1870 1465 vendidiss‘e
1882 1446 1888 1464 :
1903 1445 1959 1466 nec
1969 1444 2115 1466 aratorem

1154 1484 1339 1515 quemquam
1357 1474 1415 1505 effe
1433 1475 1583 1516 questum.
1607 1487 1663 1506 nec
1677 1479 1761 1508 enim
1779 1476 1836 1507 suit
1854 1476 1936 1518 quod
1955 1478 2116 1519 quisquam

1153 1518 1238 1556 queri
1251 1515 1364 1556 pofl'et,
1383 1516 1455 1548 cum
1478 1519 1542 1559 lege
1552 1518 1716 1559 aequiffime
1727 1519 1832 1559 scripta
1842 1521 1998 1549 venirent:
2017 1530 2118 1560 neque.

1153 1558 1230 1588 illud
1244 1568 1388 1599 umquam
1402 1567 1519 1589 aratoria
1532 1561 1666 1599 intersim
1676 1581 1684 1594 ‚
1704 1563 1808 1601 quanti
1821 1561 1954 1591 decumae
1965 1563 2117 1591 venirent.

1154 1610 1219 1630 non
1229 1602 1313 1630 enim
1323 1602 1364 1630 ita
1371 1600 1424 1635 est,
1438 1611 1480 1635 ut,
1491 1600 1512 1631 si
1521 1612 1632 1643 magno
1640 1604 1810 1635 venierint,
1821 1603 1888 1643 plus
1898 1612 1991 1633 arator
2000 1603 2117 1644 debeat:

1153 1641 1292 1682 fiparvo,
1314 1644 1427 1673 minus.
1451 1647 1494 1674 Ut
1510 1643 1662 1675 frumenta
1678 1653 1745 1674 nata
1759 1645 1844 1677 sunt.
1865 1647 1905 1674 ita
1915 1644 2050 1676 decumae
2061 1655 2115 1676 ve-

1154 1693 1259 1714 neunt.
1282 1687 1402 1715 aratoris
1414 1694 1514 1716 autem
1523 1685 1646 1716 interest
1656 1706 1664 1719 ,
1684 1688 1723 1716 ita
1734 1686 1760 1715 se
1770 1685 1922 1717 frumenta
1931 1686 2039 1717 habere
2048 1707 2056 1721 ‚
2078 1696 2111 1717 ut

1153 1726 1288 1757 decumae
1297 1726 1388 1768 quam
1401 1727 1537 1767 plurimo
1554 1728 1657 1758 venire
1666 1726 1786 1768 poffint.
1811 1728 1887 1758 dum
1897 1737 1990 1759 arator
2000 1739 2038 1759 ne
2048 1729 2116 1769 plus

1153 1769 1281 1799 decuma
1300 1769 1370 1802 det,
1392 1769 1514 1810 expedit
1533 1771 1560 1800 ei
1582 1775 1596 1798 7
1609 1769 1769 1800 decumam
1785 1769 1844 1800 effe
1862 1770 1953 1810 quam
1974 1773 2115 1801 maximi.

1154 1809 1270 1841 Verum
1280 1811 1338 1840 hoc
1350 1831 1359 1844 ‚
1371 1820 1540 1851 mopinot,
1552 1810 1609 1842 esse
1617 1813 1663 1841 vis
1673 1821 1759 1852 caput
1767 1811 1952 1842 defensionis
1961 1821 2019 1843 tuae
2028 1833 2036 1846 ‚
2050 1823 2114 1843 ma·

1151 1863 1214 1893 gno
1231 1861 1259 1883 te
1269 1852 1409 1884 decumas
1422 1852 1590 1884 vendidifi'e
1613 1848 1626 1873 8
1640 1853 1742 1894 [atque
1751 1854 1878 1883 aliorum
1891 1854 2017 1893 quidem
2027 1864 2115 1896 agro-

1152 1904 1221 1925 rum
1242 1896 1438 1934 proportione
1460 1906 1571 1936 magno
1592 1895 1732 1925 decumas
1754 1894 1936 1936 vendidifie]
1958 1898 2017 1937 agri
2040 1894 2113 1926 verb

1154 1938 1318 1969 Leontini,
1333 1937 1562 1977 quiplurimum
1574 1936 1665 1966 efficit
1675 1957 1683 1970 ‚
1699 1939 1789 1966 tritici
1802 1936 1884 1966 mod.
1899 1947 2004 1968 ccxvr
2017 1938 2116 1968 milli-

1153 1978 1219 2008 bus.
1242 1980 1272 2008 Si
1282 1977 1377 2007 doceo
1390 1998 1398 2011 ‚
1417 1978 1510 2017 pluris
1519 1979 1672 2018 aliquanto
1681 1976 1809 2018 potuiss‘e
1818 1978 1984 2009 tevvendere
1993 1999 2002 2013 ,
2013 1989 2111 2020 neque

1153 2021 1199 2049 his
1210 2017 1339 2049 voluifl'e
1348 2019 1483 2049 addicere
1492 2040 1502 2053 ,
1519 2030 1572 2060 qui
1581 2029 1684 2050 contra
1694 2022 1864 2060 Apronium
1877 2021 2039 2051 licerentur
2050 2032 2055 2049 :
2077 2021 2111 2050 δε

1154 2062 1291 2101 Apronio
1302 2061 1401 2091 multo
1408 2063 1538 2091 minoris
1550 2081 1557 2095 ,
1569 2062 1661 2102 quam
1671 2062 1736 2092 aliis
1746 2064 1878 2101 potueris
1887 2082 1895 2095 ,
1911 2061 2075 2092 tradidisse:
2087 2061 2109 2092 fi

1153 2104 1212 2133 hoc
1221 2101 1318 2132 doceo
1329 2114 1337 2136 3
1357 2104 1504 2142 poteritne
1522 2112 1550 2133 te
1561 2103 1638 2133 Alba
1648 2123 1655 2136 ‚
1679 2112 1746 2133 tuus
1757 2102 1977 2144 antiquiffimus
1987 2114 2051 2134 non
2063 2104 2111 2134 so-

1154 2144 1219 2175 lum
1229 2146 1344 2174 amicus
1354 2164 1362 2177 ‚
1381 2143 1489 2175 verum
1502 2146 1593 2175 etiam
1603 2154 1717 2175 amator
1726 2165 1734 2178 ‚
1750 2145 1924 2176 absolvere?
1938 2148 2018 2175 Dico
2028 2148 2113 2187 equi-

1152 2196 1214 2217 tem
1225 2187 1523 2217 Roman-hominem
1534 2188 1567 2216 in
1577 2188 1683 2226 primis
1693 2186 1866 2220 honestum,
1875 2189 2112 2227 QMinucium,

1152 2239 1223 2259 cum
1234 2229 1279 2258 sui
1297 2227 1447 2258 fimilibus
1459 2248 1467 2261 ‚
1487 2229 1523 2258 ad
1534 2228 1674 2259 decumas
1684 2231 1743 2271 agri
1757 2231 1903 2259 Leontini
1921 2231 2012 2259 tritici
2022 2230 2105 2260 mod.

1153 2280 1217 2300 non
1238 2280 1299 2299 cm
1311 2289 1320 2303 ,
1340 2280 1406 2300 non
1420 2280 1480 2300 010
1500 2280 1558 2300 cm
1571 2291 1579 2304 ,
1603 2280 1668 2300 non
1679 2281 1740 2301 cir>
1754 2277 1814 2301 olo
1832 2280 1892 2301 010
1905 2291 1914 2304 ,
1933 2271 1982 2301 sed
1992 2272 2027 2301 ad
2039 2281 2113 2302 unas

1153 2314 1242 2343 unius
1252 2313 1313 2353 agri
1321 2311 1461 2343 decumas
1471 2314 1561 2342 tritici
1571 2312 1656 2342 mod.
1670 2323 1740 2343 xxx
1750 2313 1849 2342 millia
1855 2313 1905 2343 vol
1911 2312 1983 2342 uiss'e
1993 2313 2110 2347 addere,

1153 2355 1186 2385 &
1203 2355 1232 2384 ei
1241 2353 1418 2394 potestatem
1437 2354 1559 2384 emendi
1569 2364 1633 2384 non
1650 2353 1708 2384 effe
1716 2354 1827 2385 factam
1839 2375 1846 2387 ‚
1871 2365 1909 2384 ne
1918 2364 1962 2384 res
1974 2355 2066 2385 abiret
2076 2356 2114 2385 ab

1152 2398 1300 2437 Apronio.
1321 2406 1427 2438 negare
1436 2397 1495 2426 hoc
1504 2416 1512 2430 ,
1535 2394 1590 2425 nisi
1600 2395 1677 2426 forte
1688 2407 1792 2438 negare
1802 2399 1906 2426 omnia
1916 2396 2109 2430 constituisti,

1151 2439 1240 2469 nullo
1249 2437 1344 2468 modo
1353 2446 1446 2477 potes.
1468 2433 1564 2479 pallzm
1580 2448 1620 2467 res
1623 2437 1701 2479 gesta
1712 2438 1755 2468 cs?
1764 2459 1772 2472 ,
1795 2440 1935 2468 maximo
1945 2448 2111 2472 conventu,

1152 2478 1295 2521 Syracufis
1307 2490 1313 2509 ;
1324 2479 1405 2510 testis
1414 2479 1457 2510 est
1466 2489 1526 2510 tota
1534 2482 1690 2520 provincia
1699 2501 1706 2514 ‚
1718 2489 1871 2520 propterea
1880 2478 1962 2520 quod
1975 2479 2110 2521 undique

1153 2524 1189 2554 ad
1204 2522 1346 2554 emendas
1359 2522 1500 2552 decumas
1514 2522 1611 2552 solent
1623 2520 1659 2552 eb
1676 2524 1849 2552 convenire.
1873 2521 1955 2561 quod
1966 2520 2025 2552 five
2034 2521 2112 2552 fate-

1153 2567 1193 2596 ris
1205 2585 1213 2599 ,
1225 2564 1285 2595 five
1293 2565 1483 2595 convinceris
1494 2572 1588 2604 ,quot
1597 2583 1605 2596 ,
1619 2563 1651 2593 &
1663 2573 1753 2604 quam
1777 2566 1791 2590 9
1802 2562 1968 2593 manifestis
1978 2564 2013 2593 in
2021 2564 2111 2594 rebus

1154 2617 1270 2638 teneare
1280 2626 1289 2640 ,
1304 2616 1368 2637 non
1378 2605 1461 2636 vides
1474 2608 1484 2634 ?
1503 2604 1639 2644 primum
1652 2614 1732 2635 tuam
1743 2614 1807 2634 rem
1818 2605 1901 2635 illam
1913 2625 1921 2639 ‚
1938 2604 1970 2635 &
1980 2605 2113 2645 praedam

1154 2647 1251 2679 fuisse.
1264 2659 1333 2680 nam
1345 2668 1353 2682 ,
1364 2646 1419 2677 nisi
1427 2649 1466 2677 ita
1474 2645 1555 2680 ess'et,
1566 2657 1619 2676 cur
1627 2656 1658 2676 tu
1669 2648 1841 2687 Apronium
1852 2646 1993 2681 malebas,
2005 2648 2112 2688 (quem

1156 2700 1266 2722 omnes
1282 2700 1369 2721 tuum
1378 2698 1533 2730 procurare
1542 2690 1576 2719 in
1586 2687 1723 2719 decumis
1733 2690 1890 2730 negotium
1899 2688 2114 2729 loquebantur)

2021 2741 2114 2771 quam

1187 2820 1215 2846 6.
1235 2822 1332 2846 Lim-as
1350 2819 1485 2850 manifestas
1503 2817 1610 2851 qum-is]
1633 2817 1698 2843 Haec
1708 2816 1743 2843 est
1753 2816 1873 2842 omnium
1885 2816 1945 2842 edd.
1956 2817 1984 2842 ὃς
1996 2817 2064 2843 l’all.
2075 2817 2116 2843 le·

1153 2856 1218 2883 erio.
1239 2858 1408 2883 Hotomanus
1420 2853 1540 2881 rescribit
1551 2871 1559 2885 ,
1572 2856 1737 2886 wilwimus,
1748 2854 1999 2886 test1m071sa,literat;
2013 2863 2051 2878 res
2061 2862 2115 2879 ma·-

1151 2895 1247 2927 nifistas
1257 2893 1350 2926 qum-is.

1190 2938 1218 2964 7.
1238 2932 1364 2955 Dccumam
1373 2927 1493 2961 effequam
1503 2928 1601 2952 maximi
1605 2926 1626 2962 .]
1647 2925 1690 2953 Est
1703 2925 1717 2952 a
1729 2926 1788 2953 cod.
1800 2925 1896 2962 scripto
1909 2925 2075 2952 Hotomanui
2088 2925 2117 2952 ὅτ

1155 2965 1291 2992 Lambini.
1304 2964 1384 2999 vulgo
1395 2966 1533 2988 maximam.

1192 3001 1220 3028 8,
1243 3001 1337 3035 [Atque
1354 3000 1479 3033 afiorum]
1509 2998 1592 3025 Uncis
1607 2997 1703 3025 inclusa
1714 2997 1775 3025 sunt
1786 2999 1800 3024 :i
1812 2997 1860 3024 ms.
1871 2997 1996 3024 Lambini
2009 3017 2017 3029 ‚
2037 3006 2116 3034 quem

1157 3048 1208 3065 non
1221 3036 1356 3063 describit.
1377 3035 1449 3061 nolui
1460 3033 1648 3061 auetoritatem
1667 3035 1721 3069 ejus
1735 3042 1906 3061 contemnere
1919 3053 1926 3065 ,
1946 3032 1988 3059 sed
2008 3033 2120 3068 dignum

1158 3084 1208 3101 non
1220 3072 1285 3099 duxi
1300 3092 1307 3103 ,
1319 3072 1360 3097 cui
1371 3070 1487 3107 plenaria
1497 3070 1668 3097 adhiberetur
1680 3070 1755 3097 fides.
1781 3071 1869 3106 itaque
1881 3071 1969 3096 locum
1981 3069 2031 3095 feci
2042 3077 2120 3096 nota-

1157 3110 1250 3140 bilem,
1262 3117 1346 3143 neque
1356 3107 1427 3133 cuim
1438 3106 1532 3133 horum
1544 3107 1621 3134 litera
1634 3107 1687 3133 ulla
1699 3107 1725 3133 in
1737 3107 1805 3133 Pall.
1817 3115 1861 3133 aut
1872 3105 1933 3132 edd.
1945 3106 2064 3132 vetustis.

1193 3154 1221 3180 9.
1241 3144 1393 3176 &ilamsestis
1402 3146 1427 3169 in
1438 3144 1508 3169 rebus
1517 3143 1636 3177 teneam]
1661 3143 1776 3179 Vulgata
1788 3162 1796 3177 ‚
1815 3143 1934 3170 maximis.
1953 3140 1996 3169 sed
2005 3141 2120 3168 alterum

1162 3180 1232 3209 eruit
1242 3184 1256 3208 c
1267 3179 1312 3207 suo
1323 3179 1458 3208 Nunnius.

1576 3216 1604 3244 N
1616 3225 1633 3243 n
1652 3223 1669 3242 2
2013 3220 2036 3239 1.
2049 3212 2127 3238 Tbium

2139 1148 2182 1189 63
