2295 3400
174 139 273 189 334
583 117 649 166 M.
733 114 1094 163 TULL11

176 207 270 237 riores
290 207 322 236 in
335 201 451 245 agendo
468 210 529 232 non
546 199 679 230 futuros:
700 201 709 217 ¹
733 195 775 227 firi
794 196 810 227 a
829 192 1049 226 consuetudine
1058 201 1139 239 rece-

179 247 281 280 datur,
303 247 329 277 se
341 266 348 279 ‚
371 244 432 287 quo
449 240 656 291 impudentius
672 241 783 282 egerit,
807 240 865 268 hoc
882 237 1066 282 superiorem
1078 233 1139 281 dis-

178 288 337 319 celsarum.
355 285 434 328 quasi
445 295 516 315 vero
535 292 584 314 aut
607 293 618 312 1
633 291 654 311 N
675 291 721 320 Ju
733 291 753 310 t>
767 291 777 310 i
791 290 809 310 c
822 290 833 310 x
845 289 865 309 0
886 275 971 318 possit
984 276 1066 325 idexm
1078 285 1138 306 im-

177 330 310 370 probitas
320 350 328 362 ‚
343 327 423 369 quod
434 328 467 356 in
477 328 507 356 vi
517 323 701 356 confidentia
715 333 719 351 2
734 331 855 352 autnon
866 320 903 350 εἰ)
915 319 1059 366 libentius
1069 326 1135 348 tum

175 372 303 402 audacia:
314 369 485 401 cesserimus
495 388 502 401 ‚
521 377 583 408 quo
595 375 677 396 nunc
687 364 881 404 impudentiae
890 361 1008 392 facilius
1018 358 1139 390 obfiste-

181 423 291 443 iremus.
304 415 403 452 Itaque
414 410 504 450 longi}
514 411 569 439 alia
580 410 703 440 ratione,
715 402 983 445 recupel‘atol'cs‚ad
993 401 1137 442 agendam

181 465 233 484 cau
240 456 297 484 firm
309 455 360 483 hac
371 452 488 483 aCtione
499 452 692 490 veni0‚atque
701 446 791 477 initio
801 447 1042 476 veneram.Tum
1052 446 1136 473 enim

182 495 289 525 nostrae
305 495 397 525 causae
416 495 478 534 spes
496 501 555 523 erat
572 489 662 532 posita
677 492 709 519 in
721 487 892 519 defensione
907 496 990 519 mea,
1007 495 1088 515 nunc
1104 487 1137 514 in

181 537 339 578 confessione
359 535 533 575 adverfiwii:
559 543 624 564 tum
642 534 675 562 in
685 530 793 562 nostris
805 551 812 564 ‚
833 539 915 559 nunc
927 527 999 558 verb
1019 529 1051 557 in
1069 527 1138 574 illo-v

182 574 249 608 rum
261 577 372 614 testibus
381 590 390 605 .·
402 578 438 607 de
448 576 556 618 quibus
565 585 621 617 ego
631 583 714 605 antea
724 571 901 605 laborabam,
913 581 964 603 ne,
976 567 997 599 si
1006 576 1138 610 improbi

180 619 275 650 effent
286 640 294 653 ‚
305 618 366 649 falsi
378 618 490 660 aliquid
504 617 654 647 dicerent:
667 614 687 645 si
696 615 783 656 probi
794 612 1047 644 existimarentur.
1058 611 1139 652 quod

180 660 335 694 dixiss'ent,
348 661 521 701 probarent:
536 668 617 689 nunc
628 658 693 688 sum
703 658 807 687 animo
818 653 998 696 aequiss'imo.
1014 656 1041 683 Si
1053 655 1139 682 enim

183 704 251 734 sunt
267 705 324 733 viri
344 704 434 733 boni:
455 712 505 732 me
518 701 676 740 adjuvant,
694 697 807 741 cumqid
820 696 1019 735 juratidicunt
1031 716 1038 727 ,
1057 694 1138 734 quod

183 756 239 787 ego
264 746 408 785 injuratus
434 743 587 774 insimulo.
618 740 661 771 sin
688 749 789 770 autem
814 740 917 768 minus
938 737 1042 766 idonei
1059 747 1064 764 :
1090 745 1138 765 me

184 797 249 817 non
266 787 396 817 laedunt:
419 795 488 816 curn
503 805 511 819 ,
533 786 569 814 iis
580 782 638 813 sive
647 782 774 813 creditur
784 782 841 810 hoc
852 780 948 819 ipsum
959 798 967 811 ‚
987 777 1069 818 quod
1084 787 1138 822 nos

183 831 345 870 arguimus,
356 827 413 858 five
426 826 498 857 fides
513 836 576 856 non
588 825 710 856 liabetur
721 843 728 856 ‚
740 823 776 853 de
786 821 940 852 adversarii
950 819 1071 850 testium
1083 819 1140 849 lide

182 870 255 901 dero
292 880 350 901 tur.
394 872 612 900 Verumtamen
632 865 704 896 cum
726 865 853 895 illorum
874 862 966 893 causae
987 861 1140 910 aditionem

183 922 242 944 con
256 912 337 942 idero
348 932 357 946 ‚
375 921 440 942 non
449 910 540 941 video
552 929 560 943 ,
579 908 651 950 quid
663 904 869 947 impudentius
878 905 937 934 dici
949 901 1042 943 poffit.
1066 912 1138 949 cum

181 963 284 985 autern
293 953 463 985 vesti-amin
470 950 633 992 judicando
645 949 865 980 dubitationem
879 957 884 975 :
904 954 1028 989 vereor,
1049 954 1086 973 ne
1098 944 1139 976 id,

183 996 267 1038 quod
276 995 418 1026 videntur
428 993 620 1034 impudenter
627 988 878 1025 feciffc‚astutc‘‚&
888 987 996 1033 callide
1006 988 1137 1015 iecerint

183 1040 267 1068 Nam
278 1058 286 1072 ,
300 1036 320 1067 si
330 1035 480 1078 negassent
489 1037 554 1065 vim
566 1032 743 1064 hominibus
751 1032 869 1061 armatis
879 1028 937 1059 esse
953 1027 1061 1058 faciam
1073 1047 1080 1060 ‚
1095 1026 1139 1057 fa-

181 1080 241 1110 cile
261 1076 476 1110 honestiffirnis
494 1075 617 1106 testibus
636 1077 669 1104 in
687 1084 716 1103 re
735 1072 885 1112 perspicua
895 1078 1073 1100 tenerentur.
1097 1067 1140 1098 sin

184 1120 308 1152 confeffi
322 1119 415 1151 ess'ent
425 1140 432 1152 ,
445 1118 518 1148 &id
529 1138 537 1151 ‚
548 1116 629 1157 quod
640 1115 726 1145 nullo
737 1123 870 1153 tempore
880 1114 945 1152 jure
957 1109 1137 1158 fieripotest‚

183 1173 250 1194 tum
261 1163 297 1193 ab
306 1159 520 1202 sejtcrefizffum
530 1158 587 1189 effe
597 1157 807 1188 defenderent:
834 1155 1002 1194 sperarunt,
1015 1152 1044 1200 id
1059 1152 1141 1199 quod

184 1204 304 1235 assecuti
314 1205 392 1237 sunt,
406 1203 433 1233 se
447 1200 611 1241 injeEmros
622 1199 708 1230 vobis
718 1198 832 1228 causam
844 1194 1038 1227 deliberandi,
1051 1194 1140 1233 &Ju-

184 1246 302 1277 dicandi
317 1244 422 1282 iustam
436 1253 552 1273 moram
564 1262 572 1277 ‚
590 1252 623 1272 ac
633 1241 820 1281 religionem.
846 1236 933 1268 firmil
943 1236 1019 1266 illud
1032 1256 1039 1268 ‚
1060 1235 1141 1283 quod

185 1286 427 1328 indigniffimum
438 1284 480 1316 est
490 1306 498 1319 ,
518 1284 654 1314 futurum
663 1282 792 1312 arbitrati
803 1281 872 1310 sunt
881 1299 889 1313 ‚
913 1288 944 1308 ut
955 1280 987 1307 in
997 1279 1050 1308 hac
1059 1282 1142 1323 caula

186 1340 251 1360 non
264 1329 300 1360 de
310 1328 501 1369 improbitate
511 1329 579 1357 Sex.
590 1325 717 1356 AEbutii‚
734 1322 782 1353 sed
792 1322 828 1352 de
839 1323 901 1358 iure
910 1320 993 1351 civili
997 1319 1142 1359 judicium

177 1371 246 1411 sieri
263 1370 424 1402 videretur.
456 1371 521 1410 Qa
541 1371 573 1398 in
592 1377 642 1400 re,
664 1364 684 1395 si
704 1362 862 1394 mibieffet
870 1364 960 1392 unius
970 1364 1005 1400 ᾼ.
1017 1363 1142 1392 Caecinae

183 1414 267 1444 causa
276 1412 395 1455 agenda,
410 1411 564 1451 profiterer
578 1409 643 1440 satis
655 1408 802 1438 idoneum
812 1404 870 1435 effe
880 1414 930 1434 me
939 1403 1140 1436 defensorem,

186 1464 341 1496 propterea
358 1452 440 1495 quod
450 1451 543 1482 fidem
557 1460 655 1481 meam
667 1470 675 1483 ‚
695 1448 942 1490 diligentiamque
954 1443 1121 1492 praestarem
1134 1455 1139 1473 :

187 1507 254 1538 quae
263 1495 334 1527 cum
345 1496 412 1525 sunt
426 1497 458 1525 in
473 1493 572 1524 adiere
591 1492 682 1522 causae
694 1511 702 1523 ‚
724 1490 801 1521 nihil
811 1488 853 1519 est
863 1508 872 1522 ‚
892 1491 925 1518 in
939 1498 969 1517 re
980 1487 1141 1534 praesertim

187 1547 284 1578 aperta
294 1558 302 1572 ‚
322 1548 354 1568 ac
374 1535 500 1576 simplici
513 1555 520 1569 2
541 1533 622 1576 quod
638 1533 788 1563 excellens
799 1532 957 1572 ingenium
969 1537 1140 1570 requiratur.

186 1580 244 1611 Sed
263 1578 334 1610 cum
355 1579 391 1609 de
412 1579 520 1618 eojure
530 1574 779 1606 niihidicendum
791 1571 841 1606 sit,
864 1571 945 1613 quod
955 1569 1147 1610 pertineatad

186 1623 286 1651 omneis
294 1642 302 1656 ‚
313 1620 395 1663 quod
405 1619 604 1650 constitutum
614 1616 646 1646 sit
656 1617 672 1646 a
681 1615 845 1655 majoribus
856 1634 864 1647 ‚
877 1614 1085 1644 conservatum
1096 1611 1145 1658 us-

187 1674 246 1706 que
255 1663 290 1694 ad
302 1665 360 1693 hoc
369 1671 488 1702 tempus
501 1671 506 1689 z
525 1670 587 1701 quo
599 1658 713 1689 sublato
726 1667 790 1687 non
802 1654 901 1686 solum
910 1665 975 1695 pars
989 1655 1144 1695 aliqua-Ju-

187 1709 231 1736 ris
243 1706 398 1736 deminuta
407 1724 415 1738 ‚
429 1703 477 1734 sed
487 1704 576 1732 etiam
587 1703 632 1731 vis
643 1710 685 1734 ea,
704 1700 833 1741 quaejuri
845 1696 980 1727 maxime
991 1695 1033 1726 est
1041 1695 1145 1726 adver-

188 1747 260 1779 saria
271 1768 279 1781 ‚
288 1746 404 1787 judicio
414 1743 589 1775 confirmata
599 1741 657 1772 effe
668 1742 818 1772 videatur:
837 1739 928 1770 video
938 1739 1051 1769 summi
1062 1739 1145 1779 inge-

188 1792 234 1820 nii
243 1790 359 1820 caufiim
370 1785 428 1818 ess'e
439 1798 444 1815 :
455 1796 519 1816 non
529 1787 573 1815 uti
583 1782 802 1814 demonstretur
810 1781 891 1822 quod
900 1789 967 1811 ante
975 1779 1079 1810 oculos
1089 1778 1140 1812 est,

189 1831 240 1863 sed
252 1841 300 1864 ne,
311 1828 332 1859 si
343 1831 409 1871 quis
418 1828 505 1858 vobis
517 1836 597 1857 error
608 1828 638 1855 in
649 1830 728 1856 tanta
735 1835 765 1854 re
774 1822 808 1853 sit
815 1821 963 1868 obje&us,
974 1831 1082 1851 omnes
1090 1831 1146 1861 po-

188 1876 249 1904 tius
263 1883 313 1902 me
330 1868 605 1901 arbitrenturcausae
616 1887 624 1901 ‚
645 1866 735 1908 quam
752 1875 805 1896 vos
827 1865 954 1905 religioni
971 1863 1073 1894 vestrae
1093 1862 1147 1892 de-

190 1913 289 1946 fuiffe.
313 1915 503 1954 Qamquam
514 1919 569 1952 ego
578 1910 654 1939 mihi
666 1907 704 1938 fic
711 1906 871 1948 persuadeo
885 1926 893 1940 ‚
916 1914 1144 1945 recuperatores,

192 1967 257 1987 non
267 1965 320 1985 vos
331 1964 390 1984 tam
402 1962 521 1994 propter
533 1953 603 1990 juris
614 1951 767 1980 obscuram
778 1968 786 1983 ‚
805 1948 985 1988 dubiamque
996 1948 1145 1976 rationem

146 882 166 905 μ

191 2000 239 2030 bis
253 1999 316 2038 jam
335 1996 371 2026 de
391 1995 495 2025 eadem
513 1993 596 2024 causa
606 1989 750 2022 dubitasse
761 2011 769 2024 ‚
793 1989 883 2030 quam
894 1989 976 2030 quod
986 1987 1146 2018 videturad
1167 2005 1169 2016 ι

191 2041 343 2071 summani
370 2037 452 2067 illius
472 2035 729 2066 existimationem
748 2034 804 2062 hoc
817 2031 969 2072 judicium
988 2031 1146 2070 pertinere,

191 2086 323 2111 ²moram
338 2079 376 2108 ad
391 2076 623 2108 condemnandum
640 2074 782 2117 acquififfe
795 2095 802 2108 ,
823 2072 910 2103 simul
921 2073 953 2102 &
964 2073 1010 2101 illi
1021 2072 1147 2111 spatium

190 2124 227 2155 ad
247 2123 307 2154 sese
322 2119 528 2161 colligendum
549 2116 672 2148 dediffe.
705 2117 794 2156 Qod
805 2115 1019 2156 quoniamjam
1030 2118 1061 2144 in
1073 2123 1149 2143 con*

192 2163 384 2198 suetudinem
400 2163 484 2192 venit
494 2181 502 2195 ‚
518 2159 589 2190 &id
600 2161 657 2189 viri
667 2158 741 2188 boni
753 2177 760 2191 ‚
783 2157 873 2187 vestri
882 2156 992 2185 similes
1003 2176 1011 2189 ‚
1024 2155 1146 2195 injudi-

192 2206 290 2238 cando
308 2204 438 2236 faciunt,
457 2199 737 2243 reprehendendum
747 2197 864 2229 fortasse
875 2196 996 2230 minus,
1018 2206 1149 2238 queren-

192 2249 268 2280 dum
278 2245 350 2278 verb
362 2255 456 2286 magis
476 2246 564 2274 etiam
581 2242 715 2272 videtur:
732 2239 801 2270 ideb
819 2238 902 2280 quod
921 2248 1037 2268 οΜΝιΑ
1054 2248 1148 2277 Juni-

197 2300 259 2321 crA
271 2310 279 2323 ‚
301 2297 350 2318 aut
360 2286 613 2317 distrahendarum
623 2280 888 2314 controversiarum
901 2300 909 2314 ,
919 2289 968 2310 aut
977 2279 1148 2320 puniendo-

197 2342 266 2364 rum
277 2327 499 2360 maleficiorum
510 2327 591 2357 causa
601 2334 712 2365 reperta
722 2325 806 2354 sunt:
827 2332 957 2362 quorum
971 2323 1096 2351 alterum
1108 2321 1151 2351 le-

194 2377 262 2405 vius
273 2371 315 2403 est
325 2391 332 2405 ‚
353 2379 505 2411 propterea
514 2367 596 2409 quod
607 2368 639 2397 &
650 2365 755 2396 minus
765 2364 845 2395 laedit
855 2384 863 2398 ‚
885 2364 917 2394 &
929 2363 1057 2403 persaepe
1065 2363 1150 2401 disce-

191 2423 305 2458 ptatore
321 2411 463 2448 domestico
489 2409 684 2450 dijudicatur;
705 2408 832 2438 alterum
858 2404 900 2435 est
926 2402 1151 2435 vehementiffi-
1170 2428 1172 2434 ,

184 2459 186 2461 ’
195 2467 294 2490 mum,
304 2454 385 2496 quod
395 2454 427 2484 &
437 2453 471 2483 ad
480 2453 627 2493 graviores
638 2460 682 2480 res
692 2451 830 2490 pertinet,
841 2447 873 2478 &
881 2457 946 2477 non
956 2447 1149 2476 honorariam

195 2508 318 2540 operam
335 2497 442 2528 amici,
465 2493 513 2525 sed
533 2494 717 2524 severitatem
734 2491 861 2530 judicis,
888 2499 920 2519 ac
936 2498 1001 2518 Vim
1016 2489 1149 2528 requirit.
1170 2491 1172 2516 ε
1738 2531 1741 2534 1
1980 2530 1984 2534 Ι

1171 2527 1325 2558 ifruCtum
1357 2528 1473 2558 mature
1498 2527 1620 2558 fortuna
1644 2529 1767 2558 ademit.
1806 2538 1876 2558 nam
1904 2528 1987 2558 brevi
2015 2537 2150 2569 tempore

196 2540 287 2581 Quod
297 2538 338 2569 est
345 2539 474 2579 graviuS,
487 2536 518 2566 &
529 2535 613 2574 cujus
623 2536 665 2564 rei
675 2533 758 2563 causa
768 2528 1146 2571 maximejudiciaconsti-

195 2589 260 2614 tuta
274 2582 342 2611 sunt
351 2600 360 2613 ‚
380 2579 410 2609 id
425 2581 489 2618 jam
509 2577 588 2607 mala
604 2574 796 2615 consuetudine
807 2571 985 2604 diss'olutum
1005 2570 1056 2601 est.
1079 2580 1149 2600 nam

193 2635 240 2656 *ir-r
259 2631 412 2662 QJAEQE
430 2628 475 2650 res
491 2619 537 2650 est
556 2616 738 2658 turpiffima3
757 2615 795 2646 sic
809 2614 944 2645 maxime
955 2633 964 2646 ‚
982 2614 1014 2643 δε
1029 2616 1040 2640 3
1053 2622 1151 2642 matu-

196 2665 307 2697 rissime
317 2662 475 2702 judicanda
488 2660 539 2691 est.
571 2669 599 2690 at
609 2669 641 2689 ea
649 2679 657 2693 ‚
681 2661 714 2689 in
724 2668 782 2700 qua
792 2656 1025 2687 existimationis
1034 2656 1150 2694 pericu-

164 2715 178 2745 3
198 2709 262 2738 lum
277 2704 319 2736 est
329 2725 337 2738 ,
358 2702 517 2734 tardiffime
526 2701 684 2741 judicatur.
730 2698 890 2741 Qiigitur
899 2699 1043 2728 convenit
1054 2716 1062 2730 ‚
1084 2705 1149 2737 quae

193 2749 278 2780 eausa
285 2747 376 2778 fuerit
385 2745 419 2775 ad
428 2742 830 2782 constituendumjudicium
842 2760 851 2774 ,
873 2739 999 2770 eandem
1011 2759 1019 2773 ‚
1031 2747 1149 2767 moram

193 2790 251 2822 ess'e
260 2790 295 2821 ad
303 2786 520 2830 judicandum?
531 2788 561 2817 Si
570 2787 649 2826 quis,
660 2783 740 2825 quod
742 2782 897 2825 spopondit,
908 2783 1007 2823 quain
1016 2780 1149 2810 reverbo

1175 111 1717 160 ClcERours

1180 192 1208 222 ff:
1220 201 1282 222 uno
1292 192 1446 235 obligavit,
1459 193 1489 224 id
1499 204 1563 225 non
1573 193 1659 228 facit,
1672 202 1794 225 maturo
1801 191 1812 234 J'
1816 192 1918 225 udicio
1931 213 1939 228 ‚
1951 192 2013 225 fine
2022 194 2082 227 ulla
2090 202 2138 227 re-

1180 233 1294 275 ligione
1300 235 1410 275 judicis
1419 236 1646 267 condemnatur.
1669 237 1723 277 qui
1731 245 1782 275 per
1790 236 1913 266 tutelam
1925 256 1934 269 ‚
1955 245 2004 267 aut
2015 237 2136 268 societa-

1180 284 1242 305 tem
1253 296 1261 309 ,
1282 285 1330 306 aut
1339 287 1402 307 rem
1414 278 1582 308 mandatam
1594 298 1601 311 ‚
1622 286 1672 307 aut
1681 276 1796 307 fiduciae
1807 279 1956 308 rationem
1967 297 1976 312 ,
1992 277 2137 310 fraudavit

1179 321 1364 358 quempiam,
1377 321 1409 349 in
1419 329 1468 353 eo,
1479 317 1541 360 quo
1553 319 1701 349 <relietum
1711 320 1808 356 majus
1819 317 1871 352 est,
1883 317 1919 349 eo
1929 328 2016 359 poena
2026 319 2068 350 est
2079 329 2137 351 tar-

1180 361 1258 389 dior.
1282 359 1324 390 est
1340 363 1424 391 enim
1444 369 1529 401 turpe
1545 360 1706 400 judicium.
1738 359 1771 390 δε
1781 364 1798 387 4
1806 359 1886 391 fasto
1903 360 2027 402 quidem
2041 370 2134 402 turpe.

1182 401 1288 432 Videte
1298 404 1391 443 igitur
1398 401 1490 443 quam
1499 402 1603 443 inique
1614 401 1735 436 accidat,
1744 404 1814 443 quia
1823 411 1868 432 res
1876 403 2000 443 indigna
2009 401 2052 437 sit,
2063 403 2135 434 ideo

1182 451 1299 483 turpem
1315 442 1574 474 existimationem
1592 444 1690 484 sequi:
1713 446 1782 485 quia
1794 445 1887 484 turpis
1897 443 2080 475 existimatio
2090 446 2135 476 se-

1180 494 1285 525 quatur
1295 506 1303 518 ,
1324 484 1394 515 ideo
1413 495 1477 515 rem
1495 486 1651 527 indignam
1670 495 1734 515 non
1747 485 1881 525 judicari.
1904 484 1971 516 Atsi
1979 488 2047 527 quis
2057 488 2135 517 mihi

1181 527 1239 556 hoc
1245 528 1256 566 j
1262 526 1350 560 udex,
1363 536 1583 567 recuperatorve
1597 525 1812 563 dicat,1²0tussti
1825 528 1909 557 enim
1920 528 2033 558 leviore
2042 527 2139 559 adilo-

1183 577 1220 597 ne
1240 567 1402 609 confligere
1414 579 1420 597 :
1442 568 1566 609 potuisti
1576 569 1611 599 ad
1621 569 1765 609 tuumjus
1774 568 1906 599 faciliore
1916 589 1925 603 ,
1951 569 1983 599 ὃς
1993 579 2136 600 commo·-

1183 609 1266 639 diore
1273 610 1390 650 judicio
1401 612 1565 650 pervenire.
1582 621 1671 651 quare
1681 619 1730 641 aut
1740 619 1823 640 muta
1832 609 1997 643 affionem,
2010 620 2061 642 aut
2070 612 2137 642 noli

1184 652 1262 681 mihi
1276 651 1382 682 instare
1393 672 1401 685 ‚
1423 661 1455 682 ut
1469 652 1614 691 judicem.
1640 661 1741 682 tamen
1753 654 1776 682 is
1787 661 1836 682 aut
1845 652 1982 682 timidior
1992 653 2135 687 videatur,

1182 692 1273 733 quam
1282 692 1391 723 fortem
1403 714 1410 726 ‚
1430 702 1479 724 aut
1493 694 1632 734 cupidior
1642 714 1650 727 ‚
1666 694 1755 734 quam
1766 694 2070 734 sapientemjudicem
2080 694 2140 725 effe

1182 745 1303 775 aequum
1315 735 1356 765 est
1367 755 1375 769 ‚
1392 734 1413 764 si
1422 744 1472 765 aut
1481 737 1558 765 mihi
1568 735 1750 776 praescribat,
1763 735 2020 776 quemadmodum
2035 746 2140 767 meum

1181 777 1231 816 jus
1241 777 1394 817 persequar
1404 797 1412 810 ‚
1432 787 1481 807 aut
1490 778 1551 817 ipse
1562 778 1591 807 id
1603 797 1611 810 ‚
1630 777 1711 818 quod
1721 777 1756 807 ad
1766 778 1793 807 se
1804 777 1936 807 delatum
1949 776 1999 812 sit,
2014 787 2079 809 non
2087 788 2140 808 au-

1184 817 1249 848 deat
1259 818 1403 858 judicare.
1437 821 1560 849 Etenim
1571 818 1590 848 si
1601 828 1707 859 praetor
1717 820 1742 848 is
1753 839 1761 853 ,
1780 819 1951 860 quijudicia
1960 819 2027 853 dat,
2047 829 2140 850 num-

1185 869 1274 900 quam
1285 862 1405 899 petitori
1415 860 1571 900 praestituit
1580 881 1587 894 ,
1600 871 1657 901 qua
1666 858 1774 890 afflone
1784 861 1872 890 illum
1884 862 1927 890 uti
1937 862 2019 891 velit.
2041 861 2142 892 videte

1184 901 1275 941 quam
1286 903 1426 942 iniquum
1438 900 1481 935 sit,
1497 901 1724 942 constitutajam
1739 913 1768 932 re
1779 902 1940 942 ‚judicem
1954 903 2026 944 quid
2034 905 2080 944 agi
2087 912 2143 943 po·-

1185 945 1285 976 tuerit,
1296 953 1345 974 aut
1354 943 1426 984 quid
1436 942 1531 983 possit,
1544 954 1607 974 non
1617 944 1689 985 quid
1696 943 1846 985 assumsit,
1859 954 1996 985 quaerere.
2008 948 2140 974 Verum-

1184 993 1284 1014 tamen
1295 988 1398 1015 nimiae
1408 985 1510 1015 vestra:
1523 986 1700 1028 benignitati
1711 995 1880 1026 pareremus
1891 1006 1899 1020 ‚
1922 985 1943 1016 {i
1960 987 2017 1017 alia
2027 988 2143 1017 ratione

1182 1027 1231 1066 jus
1241 1025 1377 1056 nostrum
1389 1037 1558 1067 recuperare
1575 1026 1738 1068 possemus.
1771 1030 1803 1058 N
1806 1038 1864 1059 unc
1880 1027 1953 1058 vero
1974 1037 2052 1067 Qus
2072 1038 2142 1062 EST,

1184 1069 1235 1108 qui
1245 1077 1294 1098 aut
1303 1070 1366 1098 vim
1377 1078 1495 1099 armatis
1507 1069 1686 1099 hominibus
1696 1068 1805 1100 faCtam
1815 1070 1947 1110 relinqui
1956 1078 2041 1109 putet
2050 1079 2143 1109 opor-

1183 1118 1244 1139 tere
1254 1130 1262 1141 ‚
1282 1119 1331 1140 aut
1349 1110 1411 1149 ejus
1429 1112 1471 1140 rei
1490 1114 1503 1137 5
1516 1111 1662 1142 leviorem
1678 1111 1832 1142 afflonern
1847 1112 1936 1141 nobis
1946 1112 2077 1152 aliquam
2087 1112 2141 1142 de-

1186 1150 1350 1181 monstrare
1359 1150 1445 1192 poffit
1456 1158 1466 1183 ?
1485 1155 1531 1182 Ex
1540 1162 1600 1192 quo
1610 1162 1716 1194 genere
1726 1154 1837 1192 peccati
1848 1172 1856 1186 ‚
1878 1161 1910 1182 ut
1920 1153 1966 1182 illi
1975 1154 2140 1187 clamitant,

1184 1194 1234 1223 vel
1245 1193 1434 1233 injuriarum,
1446 1194 1495 1223 vel
1510 1196 1613 1234 capitis
1617 1196 1628 1233 j
1633 1193 1731 1225 udicia
1740 1194 1898 1224 constituta
1907 1195 1986 1227 sunt,
1996 1196 2029 1224 in
2038 1204 2075 1224 eo
2085 1204 2141 1235 po-

1184 1233 1265 1265 testis
1275 1237 1459 1265 atrocitatem
1471 1234 1603 1265 nostram
1614 1235 1839 1275 reprehendere,
1848 1235 1919 1266 cum
1930 1236 2054 1266 videatis
2064 1237 2144 1266 nihil

1181 1276 1263 1306 aliud
1272 1275 1372 1306 aetum
1385 1298 1393 1310 ‚
1412 1275 1468 1306 nisi
1478 1275 1686 1317 pofl‘effionem
1696 1287 1749 1317 pei·
1757 1277 1952 1308 interdiaum
1962 1275 2020 1308 effe
2030 1280 2142 1319 repeti-

1182 1325 1243 1348 tam
1255 1325 1264 1350 ?
1286 1317 1401 1349 Verum
1420 1317 1478 1348 sive
1495 1329 1550 1348 vos
1567 1317 1777 1354 existimationis
1785 1320 1868 1350 illius
1876 1320 2044 1360 periculum
2055 1339 2064 1354 ,
2083 1318 2143 1351 five
2157 1329 2181 1361 4

1182 1359 1258 1400 juris
1268 1360 1416 1390 dubitatio
1429 1360 1571 1391 tardiores
1585 1361 1657 1391 fecit
1671 1361 1767 1392 adhuc
1784 1361 1819 1392 ad
1835 1361 2049 1401 judicandum:
2067 1362 2144 1392 alte-

1184 1404 1245 1432 rius
1254 1403 1296 1432 rei
1304 1402 1419 1432 causam
1430 1402 1602 1443 vosmetipsi
1610 1404 1673 1443 jam
1683 1403 1771 1433 vobis
1780 1423 1788 1437 ‚
1808 1403 1913 1443 saepius
1933 1403 2050 1444 prolato
2059 1403 2144 1443 judi-

1183 1445 1232 1474 cio
1241 1464 1249 1477 ,
1274 1443 1432 1474 sustulistis
1444 1455 1449 1473 :
1470 1444 1589 1474 alterius
1606 1455 1662 1485 ego
1684 1444 1772 1475 vobis
1790 1445 1938 1475 hodierno
1959 1444 2007 1475 die
2024 1445 2142 1476 causam

1183 1484 1320 1526 profeta-o
1328 1484 1460 1517 auferam
1473 1505 1481 1520 ,
1502 1495 1540 1516 ne
1549 1486 1662 1517 diutius
1672 1487 1708 1517 de
1717 1484 1916 1517 controversia
1924 1483 2024 1517 nostra
2033 1506 2041 1521 ,
2062 1497 2094 1517 ac
2105 1487 2144 1517 de

1184 1528 1346 1558 communi
1362 1529 1422 1565 jure
1433 1527 1584 1558 dubitetis.
1603 1531 1651 1561 Et,
1661 1527 1682 1558 fi
1692 1528 1770 1558 forte
1784 1528 1911 1559 videbor
1918 1527 2008 1560 altifis
2016 1530 2143 1559 initium

1184 1571 1226 1600 rei
1236 1568 1474 1599 demonstmndae
1484 1568 1586 1609 petiffe
1597 1590 1606 1604 ,
1623 1568 1737 1611 6quarn
1747 1580 1796 1600 me
1808 1571 1965 1610 ratioju'ris
1975 1591 1983 1603 ‚
1997 1571 2095 1610 &jus,
2106 1569 2144 1601 de

1185 1622 1246 1653 quo
1251 1611 1401 1651 judicium
1414 1610 1458 1641 est
1467 1631 1475 1644 ‚
1488 1611 1520 1640 δε
1530 1620 1634 1642 natura
1641 1612 1732 1642 causa:
1743 1613 1890 1654 coegerit,
1902 1612 2003 1653 quaeso
2011 1621 2045 1642 ut
2054 1614 2144 1653 igno-

1186 1654 1281 1684 scatis.
1304 1662 1369 1683 non
1379 1654 1462 1683 enirn
1473 1652 1699 1684 minuslaborat
1709 1655 1743 1683 A.
1756 1656 1871 1684 Caecina
1881 1674 1889 1686 ‚
1911 1663 1948 1683 ne
1961 1654 2144 1693 summojure

1187 1694 1287 1736 egiffe,
1299 1694 1389 1735 quarn
1400 1705 1438 1725 ne
1447 1702 1554 1724 certum
1560 1696 1610 1734 jus
1621 1705 1686 1725 non
1697 1694 1860 1725 obtinuiss'e
1869 1695 2011 1725 videatur.
2024 1696 2144 1726 M.Fu1-

1187 1739 1285 1767 cinius
1294 1736 1363 1771 fuit,
1373 1746 1602 1777 recuperatores,
1614 1736 1630 1767 ὲ
1640 1739 1810 1776 municipio
1819 1735 2038 1777 Tarquinienfi,
2049 1737 2144 1778 qui&

1188 1778 1274 1809 domi
1284 1779 1340 1808 suae
1351 1789 1421 1808 cum
1430 1780 1536 1818 primis
1545 1778 1688 1808 honestus
1702 1778 1888 1809 existimatus
1898 1777 1941 1808 est
1953 1798 1961 1812 ‚
1981 1778 2014 1808 &
2032 1781 2144 1810 Romae

1188 1822 1382 1861 argentariam
1393 1830 1456 1850 non
1466 1820 1635 1861 ignobilem
1644 1820 1723 1850 fecit.
1755 1823 1783 1850 Is
1793 1819 1897 1850 habuit
1905 1821 1938 1850 in
1947 1821 2146 1851 matrimonio

1190 1862 1376 1892 Caesenniam
1388 1881 1395 1896 ‚
1407 1862 1516 1893 eodem
1529 1862 1545 1892 ὲ
1555 1864 1725 1902 municipio
1736 1882 1744 1896 ‚
1758 1862 1879 1892 summo
1890 1862 1960 1892 loco
1971 1870 2070 1892 natam
2082 1882 2091 1897 ‚
2112 1863 2147 1893 &

1188 1902 1423 1944 probatissimam
1432 1903 1588 1934 faeminam
1598 1923 1606 1937 ‚
1628 1902 1700 1934 ficut
1717 1904 1751 1933 ὅτ.
1766 1907 1855 1933 vivus
1868 1904 1973 1933 multis
1984 1904 2044 1944 ipse
2059 1904 2148 1934 rebus

1190 1945 1331 1979 ostendit,
1343 1945 1413 1975 &in
1424 1953 1511 1974 morte
1515 1946 1571 1985 sua
1580 1944 1738 1981 testamento
1748 1945 1916 1974 declaravit.
1937 1947 2020 1976 Huic
2029 1946 2147 1976 Caesen-

1191 1989 1248 2017 nia:
1260 1986 1391 2017 fundum
1400 1989 1434 2016 in
1442 1997 1512 2028 agro
1521 1986 1730 2028 Tarquiniensi
1740 1987 1877 2018 vendidit
1886 1987 2073 2027 temporibus
2082 1987 2145 2018 illis

1190 2028 1382 2059 difficillimis
1393 2029 1564 2059 solutionis.
1597 2028 1675 2059 Cum
1696 2036 1827 2059 uteretur
1846 2028 1915 2058 dote
1926 2030 2028 2059 uxoris
2038 2039 2149 2059 nume-

1190 2080 1264 2101 rata:
1284 2080 1345 2111 quo
1355 2071 1476 2100 mulieri
1486 2069 1555 2101 effet
1564 2081 1609 2101 res
1617 2072 1748 2105 cautior,
1770 2072 1885 2100 curavit
1893 2089 1902 2103 ‚
1923 2079 1955 2100 ut
1966 2072 1998 2100 in
2008 2080 2044 2100 eo
2053 2070 2145 2109 fund·

1191 2113 1246 2143 dos
1256 2113 1461 2142 collocaretur.
1485 2113 1648 2153 Aliquanto
1658 2111 1734 2152 post,
1746 2113 1809 2151 jam
1823 2113 1983 2152 argentaria
1992 2110 2144 2146 dissoluta,

1192 2155 1346 2185 Fulcinius
1361 2155 1431 2184 huic
1451 2153 1547 2184 fundo
1567 2156 1671 2184 uxoris
1684 2155 1872 2183 continentia
1880 2152 2016 2193 quaedam
2025 2154 2146 2193 praedia,

1192 2205 1278 2236 atque
1288 2196 1333 2234 adj
1338 2195 1426 2225 ωιὲὶα
1435 2205 1589 2225 mercatur.
1609 2196 1738 2225 Moritur
1748 2195 1900 2225 Fulcinius
1914 2205 1918 2223 :
1931 2194 2038 2234 (multa
2047 2196 2145 2229 enim,

1192 2248 1259 2278 quae
1269 2238 1377 2267 suntin
1387 2247 1436 2270 re,
1456 2238 1525 2277 quia
1533 2245 1651 2266 remota
1667 2237 1737 2266 sunt
1755 2236 1771 2266 a
1786 2236 1869 2266 causa
1881 2257 1890 2269 ,
1909 2237 2146 2278 praetermittam)

1192 2278 1371 2310 testamento
1389 2278 1465 2308 facit
1476 2278 1616 2308 heredem
1629 2297 1637 2312 ‚
1657 2288 1749 2319 quem
1768 2277 1891 2307 habebat
1910 2279 1925 2308 ἐ
1946 2278 2099 2308 Caesennia
2112 2277 2149 2308 fi-

1194 2322 1289 2350 lium:
1307 2319 1530 2349 usumfrue‘tum
1541 2322 1685 2349 omnium
1693 2321 1845 2350 bonorum
1857 2319 1979 2349 suorum
1989 2320 2150 2351 Caesenniae

1192 2363 1277 2402 legat,
1288 2370 1321 2390 ut
1329 2360 1476 2391 frueretur
1486 2371 1543 2391 una
1552 2360 1623 2391 cum
1637 2360 1710 2391 filio.
1736 2364 1864 2403 Magnus
1872 2362 1952 2391 honos
1961 2363 2029 2396 viri,
2038 2362 2150 2401 jucun-

1193 2404 1248 2433 dus
1259 2403 1380 2432 mulieri
1392 2401 1492 2432 fuiffet
1502 2423 1510 2436 ,
1533 2402 1553 2432 sl
1571 2403 1751 2433 diuturnum
1771 2402 1828 2433 efl'e
1846 2401 1982 2433 licuisset.
2004 2402 2150 2434 frueretur

1194 2447 1278 2475 enim
1298 2444 1387 2474 bonis
1397 2454 1466 2474 cum
1478 2455 1514 2474 eo
1524 2465 1532 2478 ‚
1554 2455 1646 2486 quem
1658 2446 1716 2475 suis
1727 2445 1969 2476 bonisheredem
1980 2443 2038 2474 ess'e
2046 2447 2148 2485 cupie-

1194 2487 1251 2520 bat,
1263 2487 1296 2516 &
1305 2496 1343 2516 ex
1352 2496 1412 2527 quo
1429 2488 1600 2516 maximum
1610 2486 1745 2517 fruEtum
1756 2488 1817 2527 ipsa
1825 2487 1964 2526 capiebat.
1976 2491 1990 2515 7
2001 2486 2057 2517 Sed
2068 2488 2148 2518 hunc

1194 2572 1238 2599 M.
1250 2570 1404 2599 Fulcinius
1422 2570 1592 2601 adolescens
1611 2580 1748 2600 mortuus
1757 2569 1814 2600 est:
1836 2569 1977 2600 heredem
1991 2573 2021 2601 P.
2033 2570 2150 2600 Caesen-

1194 2614 1281 2641 nium
1290 2610 1376 2641 fecit:
1394 2614 1481 2642 uxori
1496 2612 1604 2654 grande
1612 2612 1734 2653 pondus
1743 2612 1868 2652 argenti,
1881 2613 2025 2652 matrique
2033 2620 2148 2652 partem

1195 2654 1347 2683 bonorum
1360 2654 1506 2693 majorem
1518 2654 1636 2695 legavit.
1665 2657 1767 2694 Itaque
1778 2656 1810 2682 in
1819 2662 1932 2693 partem
1941 2654 2083 2683 mulieres
2091 2663 2148 2684 vo·

1193 2704 1261 2725 catae
1282 2695 1360 2725 sunt.
1405 2694 1484 2725 Cum
1501 2694 1570 2725 ess'et
1586 2697 1648 2726 haec
1664 2695 1765 2725 auditio
1788 2694 1960 2725 hereditaria
1971 2694 2147 2725 constituta:
2165 2704 2186 2736 5

1195 2737 1336 2767 AEbutius
1346 2735 1468 2777 iste,qui
1476 2737 1593 2776 jamdiu
1605 2738 1764 2768 Caesenniae
1775 2736 1918 2766 viduitate
1926 2757 1935 2770 ‚
1945 2746 1978 2766 ac
1988 2736 2150 2767 solitudine

1193 2780 1328 2813 aleretur,
1339 2789 1372 2809 ac
1381 2779 1409 2809 se
1418 2789 1442 2819 eJ
1449 2789 1481 2808 us
1492 2780 1525 2809 in
1534 2779 1769 2810 familiaritatem
1779 2776 1948 2809 infinuaffet
1957 2779 2011 2809 hac
2019 2776 2146 2812 ratione,

2026 2827 2067 2850 'ut
2079 2824 2149 2850 cum
2180 2843 2184 2845 .

233 2904 255 2922 1.
274 2898 316 2921 sin
326 2893 340 2920 λ
352 2893 510 2926 <enfin-tudine
519 2891 668 2925 recedatur]
682 2891 723 2916 Im
734 2888 890 2920 Lambinus,
903 2889 930 2914 S(
942 2886 1114 2923 adstipulatur
1123 2885 1147 2911 ci

191 2932 234 2960 ed.
245 2929 420 2967 antiquissima
430 2928 489 2954 anni
500 2927 555 2953 stil.
566 2935 745 2953 εςεςικκκιιι
757 2926 784 2951 &
796 2933 950 2951 mcxxviii.
961 2930 1090 2963 quatenus
1102 2922 1143 2948 lia-

191 2970 238 2996 bet
249 2988 257 3000 ‚
275 2979 282 2993 i
291 2977 336 2993 nun
347 2965 361 2992 ἂ
373 2965 432 2998 ιοη]ἰ
445 2973 502 2990 nam
514 2964 586 2990 annis
597 2963 698 2989 duobus
707 2963 797 2995 junior
810 2961 916 2996 vulgato
928 2959 1054 2986 subservit
1066 2977 1074 2991 ‚
1087 2958 1147 2992 fin&

189 3006 252 3039 cons,
263 3003 334 3040 quod
344 3003 370 3027 81.
382 3001 407 3026 iu
421 2999 487 3025 l‘all.
496 3007 610 3034 quorum
622 3007 723 3025 tantum
736 2998 800 3024 hanc
810 2996 904 3023 habent
914 3003 1074 3022 orationem.

229 3051 258 3067 2.
268 3045 365 3067 ,Horam
373 3037 406 3062 ad
413 3035 578 3061 condemnand.
589 3035 730 3068 acqmfiffc]
743 3033 872 3060 Gulielm.
884 3032 1003 3065 conjicit,
1014 3031 1146 3065 anqufifi.

230 3085 256 3107 2.
277 3071 570 3107 Maturiffimejuditanda
579 3072 640 3105 effi]
661 3069 859 3106 Erplinrdieulis
870 3068 953 3096 codex
967 3087 974 3101 ,
985 3067 1144 3094 vindicanda.

183 3109 274 3143 Jor'san
286 3110 390 3138 melius.
1015 3139 1020 3144 ¹

168 3145 175 3148 ’
221 3157 251 3184 4.
270 3148 372 3182 Etfailv
381 3144 472 3181 quidem
482 3142 576 3178 turpe]
587 3142 618 3171 Ρ.
628 3141 764 3172 Manutius
770 3142 876 3176 fimum,
887 3140 928 3170 sed
940 3144 954 3169 t·
965 3138 1126 3178 comestura.

1230 2894 1255 2918 5.
1276 2888 1397 2911 Leviorem
1415 2887 1526 2911 aaronem
1537 2904 1545 2917 ‚
1566 2886 1633 2921 dm]
1655 2884 1752 2912 Nescio
1762 2894 1796 2912 an
1808 2895 1859 2912 non
1869 2884 1945 2921 poffit
1956 2884 2043 2911 locum
2054 2884 2149 2912 habere

1193 2921 1263 2957 quod
1275 2923 1309 2949 est
1323 2922 1348 2948 in
1361 2921 1417 2948 Pal.
1428 2924 1545 2947 leniorem.

1227 2958 1254 2983 6.
1273 2956 1352 2990 Qaim
1361 2967 1394 2983 me
1404 2961 1464 2983 ratio
1467 2958 1531 2992 juris
1536 2958 1573 2989 ,ὠν
1574 2958 1620 2991 jus
1629 2958 1655 2982 de
1663 2957 1786 2991 quo,&c.]
1799 2956 1957 2989 Lambinus,
1967 2959 1996 2989 ὼ·
2004 2958 2043 2983 ‘vis
2053 2957 2079 2982 de
2088 2965 2145 2992 qua,-

1191 2993 1352 3020 Gulielmius
1362 2995 1442 3028 ‚jurir
1450 2997 1500 3028 ejus
1508 2993 1534 3019 de
1544 3003 1597 3027 quo.
1618 3000 1762 3028 natumque
1773 3002 1781 3018 i
1791 2994 1830 3019 ult
1841 3002 1958 3019 errorem
1971 3012 1979 3026 ,
1990 2992 2061 3028 quod
2073 3000 2145 3019 vete-

1190 3038 1230 3054 res
1242 3029 1408 3065 duplicarent
1419 3033 1442 3059 i,
1458 3036 1487 3055 ut
1497 3029 1575 3055 docet
1585 3029 1770 3065 Qintilianus
1781 3038 1790 3060 5
1809 3029 1943 3056 affirmans
1953 3029 2074 3055 Tullium
2084 3037 2145 3065 per-

1189 3073 1270 3101 petuo
1281 3065 1401 3101 scripsisse
1411 3069 1453 3100 ayo
1465 3085 1473 3097 ,
1484 3068 1586 3100 Maffam
1598 3084 1605 3097 ‚
1615 3067 1666 3096 dyc.
2132 3088 2136 3091 i

1224 3109 1251 3136 7.
1271 3102 1384 3127 Sedhunc
1395 3103 1500 3134 fiuflum
1517 3102 1609 3127 manare*
1622 3103 1722 3133 famma
1740 3100 1852 3134 ademit]
1872 3100 2015 3129 Lambinus
2035 3098 2143 3134 conjicit

1185 3138 1334 3170 praematnrh.
1354 3137 1529 3170 Gulielmius,
1539 3145 1640 3165 natura.
1660 3146 1713 3165 non
1727 3136 1803 3165 video
1815 3146 1903 3172 quare.

2028 3169 2140 3204 1.Set‘ps⁸
