2337 3400
190 140 286 189 992
569 107 1090 160 M.Tu1.1,11

180 212 278 232 -vctus
288 197 444 230 Academia
458 192 612 224 concedit:
638 197 693 218 vos
702 187 813 227 negatis
827 204 835 218 ,
856 183 1025 214 Antiochus
1039 181 1072 209 in
1086 179 1145 218 pri-

197 254 255 274 nus
279 254 282 270 :
311 250 362 280 qui
383 248 431 266 me
447 235 532 265 valde
550 239 667 261 movet:
690 229 738 258 vel
755 224 838 268 qubd
858 226 954 269 amavi
974 222 1146 252 hominem,

197 285 267 314 sicut
285 283 335 310 ille
347 289 412 308 me:
433 277 480 306 vel
493 271 755 314 quoditajudico‚
776 265 988 308 politissimum
1005 284 1013 297 ,
1038 263 1147 293 &acu—

195 324 341 355 tissimum
365 320 506 349 omnium
527 313 633 344 nostras
654 320 813 342 memoriae
837 307 1112 349 philosophorum:
1133 302 1148 333 a

196 375 257 406 qam
269 363 401 403 primum
411 368 512 399 quaero
523 377 532 391 ,
544 365 604 396 quo
614 354 735 384 tandem
747 351 842 381 modo
853 348 886 379 sit
896 350 959 388 ejus
970 346 1149 378 Academiae,

195 415 281 438 cuius
303 405 329 433 se
347 400 404 432 esse
422 398 615 440 profiteatur?
639 399 680 426 Ut
691 396 830 424 omittam
846 392 919 422 alia:
941 391 1004 419 haec
1013 388 1095 421 duo,
1114 387 1151 417 de

197 448 306 488 quibus
325 452 420 484 agitur
432 462 440 475 ,
469 442 536 481 quis
548 446 691 478 umquam
704 436 782 466 dixit
789 443 839 464 aut
850 434 958 463 veteris
968 429 1149 462 Academiae,

198 498 247 518 aut
266 486 548 524 Peripateticorum?
571 483 618 510 vcl
637 479 668 507 id
678 478 770 518 fitium
789 476 891 517 percipi
899 472 986 515 P⁰ffi>
1005 470 1080 513 quod
1089 470 1151 507 efflet

201 539 299 558 verum
320 536 376 555 rczie
385 546 393 559 ‚
417 522 615 566 quai'efai'sum
625 520 672 558 effi
682 531 731 549 »ion
743 517 824 559 poffcr
837 528 848 544 .·
861 515 1068 557 velfizpr'emcm
1081 511 1155 540 niln‘l

198 571 334 613 opinari?
360 576 438 598 certe
468 574 571 595 nemo.
604 565 713 592 horum
737 569 879 591 neutrum
902 567 969 588 ante
990 558 1151 586 Zenonem

201 619 381 653 magnopere
398 607 556 638 defensum
579 604 630 635 est.
664 613 720 645 ego
743 611 845 632 tamen
866 608 1028 638 utrumque
1046 605 1150 627 verum

200 663 293 695 puto:
311 662 364 682 nec
383 651 453 680 dico
471 656 641 678 τεΜνοιυε
658 654 785 675 eausa:
806 642 853 673 sed
870 643 908 672 ita
933 640 1022 681 plani:
1044 637 1149 678 probo.

141 697 182 739 36
201 695 279 726 Illud
297 694 372 723 ferre
393 701 456 722 non
476 688 605 730 possum.
628 690 678 718 Tu
692 707 701 721 ,
721 685 794 716 cum
814 694 863 714 me
883 678 1152 723 incogmtoaffintirz

201 745 291 769 vetes,
313 735 401 775 idque
420 730 626 772 turpissimum
647 727 703 759 esse
713 728 793 759 dicas
806 747 814 760 ,
839 727 872 756 &
892 721 1099 765 plenissimum
1111 730 1153 750 te-

201 780 345 808 meritatis
367 787 375 810 ·‚
394 783 510 805 mutum
530 773 586 803 tibi
604 780 739 811 arroges,
761 778 794 799 ut
811 776 948 807 exponas
963 764 1151 808 disciplinam

199 821 347 860 sapientia:
361 837 369 851 ,
387 825 523 847 naturam
533 824 631 845 rerum
642 814 784 843 omnium
795 810 927 841 evolvas,
941 816 1040 837 mores
1053 809 1156 846 lingas,

199 861 287 892 fineis
298 861 450 890 bonorum
462 877 470 891 ,
482 857 693 895 malorumque
704 851 878 885 constituas,
892 847 993 880 officia
1000 848 1157 878 describas,

221 912 290 933 uam
302 904 393 931 vitam
405 895 704 941 ingrediandefinias:
723 895 864 934 idemque
875 895 965 921 etiam
976 888 1156 929 disputandi,

197 914 233 975 ἓ(
244 941 590 984 intelligendijudicium
602 939 681 968 dicas
693 946 720 967 te
733 957 742 970 ‚
754 936 786 966 &
797 933 958 965 artificium
970 932 1154 962 traditurum:

199 985 346 1027 perficies,
358 994 390 1015 ut
407 994 462 1024 ego
471 982 525 1012 ista
536 979 770 1011 innumerabilia
779 974 996 1016 compleEtens,
1009 973 1154 1013 nusquam

201 1029 280 1058 labar
301 1031 312 1054 ἓ
337 1027 414 1056 nihil
432 1026 538 1065 opiner
558 1027 569 1051 Ξ
589 1031 655 1062 quae
674 1019 795 1050 tandem
814 1029 847 1049 ea
864 1017 907 1047 est
927 1015 1104 1056 disciplina,
1120 1012 1154 1042 ad

198 1079 290 1111 quam
313 1078 360 1098 mc
372 1067 515 1099 deducas,
541 1063 562 1094 si
574 1064 609 1094 ab
620 1065 673 1093 hac
682 1060 856 1092 abstraxeris
866 1060 881 1086 ἲ
896 1067 1000 1089 vereor
1010 1078 1018 1091 ,
1040 1066 1076 1086 ne
1087 1054 1155 1085 sub·

198 1120 366 1152 arroganter
373 1108 461 1139 facias
472 1128 479 1141 ‚
501 1105 521 1136 si
532 1106 646 1136 dixeris
656 1113 748 1142 tuam.
771 1104 853 1143 atqui
867 1103 906 1131 ita
917 1100 996 1131 dicas
1011 1118 1020 1132 ,
1041 1094 1155 1128 neceffe

199 1153 254 1183 est.
278 1155 385 1191 Neque
403 1149 476 1180 verb
488 1158 519 1180 tu
532 1148 612 1179 solus
624 1167 632 1181 ‚
653 1145 701 1176 sed
712 1155 762 1175 me
772 1145 808 1175 ad
818 1145 899 1175 suam
909 1141 1036 1183 quisque
1050 1140 1154 1178 rapiet.

200 1199 263 1235 Age
273 1215 280 1228 ,
292 1194 427 1224 restitero
438 1191 650 1231 Peripateticis,
660 1189 713 1229 qui
723 1185 776 1217 fibi
792 1195 865 1216 cum
874 1184 1039 1215 oratoribus
1049 1189 1157 1221 cogna-

186 1246 319 1266 tionem
340 1233 418 1267 ess‘e,
439 1235 492 1275 qui
511 1233 605 1263 claros
624 1229 771 1260 virosase
783 1225 944 1258 instru&os
954 1225 1156 1261 dicantremp.

199 1279 275 1318 slepe
292 1275 420 1308 rexisse:
445 1274 612 1306 sustinuero
631 1273 792 1312 Epicureos
807 1276 962 1299 :totmeos
971 1265 1156 1296 familiarem,

201 1331 262 1350 tarn
285 1319 403 1351 bonos,
423 1327 482 1348 tam
505 1320 583 1346 inter
604 1314 631 1345 se
650 1314 795 1344 amanteis
814 1314 916 1340 viros.
935 1307 1075 1338 Diodoto
1085 1305 1157 1346 quid

190 1361 309 1392 -faciam
333 1362 434 1391 Stoico
453 1379 462 1392 ,
490 1367 580 1399 quem
601 1357 616 1386 a
635 1365 728 1396 puero
747 1353 876 1384 audivi?
903 1353 954 1391 qui
972 1358 1092 1379 mecum
1111 1349 1157 1377 vi-

188 1406 245 1434 .vit
263 1412 309 1433 tot
330 1404 447 1432 annos?
467 1404 519 1441 qui
536 1399 646 1429 habitat
668 1395 747 1437 apud
767 1398 838 1425 me?
854 1403 945 1434 quem
966 1390 1154 1422 &admiroi·‚

201 1446 233 1475 δε
245 1444 339 1486 diligo
352 1447 363 1473 ?
376 1445 429 1484 qui
438 1442 491 1472 ista
501 1441 670 1472 Antiochea
679 1438 850 1469 contemnit
861 1440 871 1461 ἓ
883 1433 992 1465 Nostra
1003 1453 1012 1467 ‚
1025 1433 1156 1472 inquies,

201 1487 339 1517 (blavera
351 1486 428 1515 snnt.
451 1484 536 1514 Certe
546 1483 625 1515 sola,
653 1480 760 1510 slvera.
781 1479 864 1519 plura
883 1478 967 1506 enim
979 1484 1048 1504 vera
1057 1473 1159 1512 distre-

189 1528 300 1569 -pantia
317 1526 364 1564 effe
384 1537 434 1555 non
442 1525 560 1567 possunr.
583 1523 696 1553 Utrum
708 1523 797 1562 igitur
809 1529 864 1549 nos
876 1517 1067 1559 impudentes
1080 1535 1088 1548 ,
1107 1516 1159 1554 qui

201 1570 263 1599 labi
281 1569 442 1598 nolumus:
466 1577 503 1596 an
526 1566 573 1596 illi
593 1572 760 1604 arrogantes
775 1582 784 1595 ‚
804 1564 857 1602 qui
876 1559 929 1590 sibi
952 1557 1156 1598 persuaserint,

202 1611 277 1641 scire
296 1611 324 1640 se
343 1609 422 1640 solos
444 1607 567 1638 omnia?
590 1608 665 1636 Non
685 1615 735 1634 me
747 1604 871 1644 quidem
888 1623 896 1635 ‚
916 1602 1035 1641 inquit,
1055 1598 1103 1629 sed
1115 1598 1158 1627 sa—

203 1654 340 1692 pientem
361 1651 431 1681 dico
440 1650 521 1681 scire.
546 1647 689 1687 Optime:
708 1643 881 1685 nempeista
892 1643 962 1673 scire
978 1661 986 1676 ‚
1012 1650 1077 1681 quae
1092 1639 1159 1669 sunt

204 1697 239 1724 in
251 1703 299 1723 tua
309 1693 478 1731 disciplina.
502 1693 570 1720 Hoc
579 1687 714 1729 primum
726 1688 811 1728 quale
820 1684 863 1716 est
873 1706 881 1718 ‚
892 1680 909 1714 ἃ
920 1695 970 1714 non
979 1683 1101 1723 sapiente
1111 1691 1160 1710 ex-

202 1735 306 1778 pi'icari
325 1734 495 1776 sapientiam
515 1735 526 1761 ἓ
551 1731 599 1762 sed
616 1730 803 1760 discedamus
822 1728 838 1758 a
853 1722 1076 1764 nobismetipsis
1096 1734 1101 1751 ι
1124 1723 1160 1752 de

203 1778 333 1817 sapiente
344 1772 638 1816 loquamur2dequo
661 1770 864 1809 (utsaepejam
878 1768 962 1806 dixi)
987 1765 1159 1796 omnishaec

193 1817 329 1860 ‚quaestio
339 1817 388 1846 est.
413 1819 450 1846 In
462 1817 530 1845 treis
543 1817 633 1855 igitur
640 1815 745 1853 parteis
757 1813 788 1841 &
799 1814 814 1841 a
824 1810 970 1850 plerisque
982 1828 990 1841 ,
1013 1807 1046 1837 &
1058 1805 1160 1836 nobis-

203 1858 334 1900 metipsis
354 1857 508 1888 distributa
525 1857 667 1895 sapientia
687 1853 737 1884 cst.
759 1852 894 1893 primum
907 1859 998 1890 ergo,
1019 1847 1154 1889 fiplacet‚

203 1912 266 1943 qua:
288 1902 324 1931 de
343 1909 444 1930 natura
465 1908 564 1928 rerum
576 1893 788 1937 suntquaesita,
803 1893 962 1923 videamus
974 1902 979 1920 2
991 1887 1158 1921 velutillud

203 1953 280 1973 ante.
305 1941 394 1974 Estne
412 1941 569 1982 quisquam
592 1947 674 1968 tanto
694 1935 814 1967 inflatus
828 1944 944 1968 errore,
963 1942 996 1963 ut
1009 1931 1063 1962 fibi
1073 1931 1161 1961 seilla

204 1987 277 2016 scire
297 1984 488 2024 persuaserit?
510 1991 575 2011 non
593 1989 695 2021 quaero
706 1981 835 2008 rationes
849 1997 858 2010 ‚
879 1985 944 2009 eas,
962 1984 1027 2015 quae
1038 1982 1158 2004 excon-

201 2026 315 2067 je-stura
324 2026 456 2066 pendent
468 2035 474 2053 ;
486 2033 551 2064 quae
559 2022 611 2052 dis
627 2021 809 2051 mationibus
821 2021 880 2049 huc
889 2038 898 2052 ‚
911 2017 944 2047 δε
956 2017 1028 2047 illuc
1038 2016 1159 2045 trahun-

204 2078 262 2101 tur,
274 2069 388 2097 nullam
399 2066 541 2097 adhibent
551 2033 745 2105 persuadendi
755 2059 966 2091 necessitatem.
989 2060 1160 2088 Geometrae

204 2109 400 2151 provideant,
419 2110 472 2148 qui
493 2107 520 2137 se
540 2104 721 2146 profitentur
733 2114 784 2133 non
799 2101 979 2144 persuadere,
993 2099 1044 2140 [ἑά
1052 2109 1162 2139 cogere.-

209 2157 219 2172 ¹
234 2152 266 2181 &
277 2154 328 2191 qui
340 2153 448 2180 omnia
456 2149 555 2182 vobis,
568 2157 632 2188 quae
642 2146 824 2179 describunt,
836 2144 972 2184 probant.
983 2152 1048 2172 non
1061 2151 1162 2181 quaero

205 2203 244 2224 ex
268 2195 315 2222 his
329 2193 382 2222 illa
393 2190 769 2221 initiamathematicorum
787 2197 792 2216 :
831 2185 919 2216 uibus
929 2194 992 2215 non
1002 2181 1161 2216 concessis,

203 2236 334 2275 digitum
355 2233 494 2274 progredi
517 2241 580 2262 non
589 2229 721 2271 possunt.
743 2231 808 2261 Pun
844 2237 896 2257 um
908 2225 986 2260 effe,
1005 2224 1086 2266 quod
1097 2234 1162 2255 ma-

204 2276 396 2318 gnitudinem
407 2275 522 2304 nullam
533 2273 645 2303 habeat.
670 2272 902 2302 Extremitatem
914 2289 922 2302 ,
935 2269 967 2299 ὃς
979 2265 1058 2309 quasi
1070 2267 1163 2296 libra-

203 2327 344 2348 mentum
358 2337 367 2352 ,
379 2320 412 2346 in
420 2325 480 2357 quo
491 2315 573 2345 nulla
583 2314 712 2344 omnino
722 2311 877 2342 craffitudo
890 2314 903 2330 2
914 2309 947 2340 sit
958 2331 965 2343 ,
981 2311 1163 2339 liniamento

204 2359 264 2390 line
277 2360 336 2390 ulla
347 2358 505 2389 latitudine
515 2364 674 2387 carentem.
699 2356 771 2384 Haec
782 2352 854 2384 cnm
864 2362 930 2382 vera
941 2349 998 2381 esse
1009 2348 1162 2382 concelse—

204 2412 239 2432 ro
255 2413 260 2431 :
284 2405 297 2429 3
308 2400 328 2430 fi
341 2401 480 2440 adjiciam
490 2396 701 2438 jusjurandum
714 2415 722 2429 ‚
735 2396 940 2435 sapientemne
951 2391 1035 2433 prius
1047 2412 1055 2426 ,
1067 2391 1157 2432 quam

205 2443 400 2474 Archimedes
428 2452 465 2472 co
483 2438 668 2480 inspe&ante
686 2439 816 2468 rationes
834 2445 956 2466 omneis
975 2433 1159 2473 descripserit

491 2527 862 2536 W

246 2559 268 2575 ι.
290 2553 320 2573 Ei
330 2552 370 2582 qui
389 2551 465 2574 omnia
482 2547 545 2573 nobis
558 2555 607 2581 qux
625 2545 757 2578 describunt
771 2542 903 2575 probam]
925 2541 968 2567 Sic
979 2539 1163 2576 Pal.pi·im.&

204 2587 230 2610 5.
241 2584 359 2611 Victoris
372 2603 379 2616 ,
398 2585 462 2610 item
475 2583 568 2609 Lamb.
579 2582 674 2608 editio.
693 2580 750 2606 alia:
762 2589 770 2609 3
789 2581 819 2610 ὼ·
829 2582 885 2613 qula
895 2580 972 2603 omnia
989 2578 1055 2602 vohis
1068 2595 1075 2607 ‚
1095 2584 1164 2610 quo—

206 2621 286 2647 ⁴nodo
298 2621 352 2647 Pal.
365 2620 413 2647 sec.
435 2619 596 2647 Gulielmius
616 2616 774 2652 conjiciebat
785 2624 793 2647 5
814 2624 878 2649 ecqui
888 2615 965 2639 omnia
975 2613 1037 2638 nobis
1047 2621 1094 2647 quie
1104 2611 1130 2635 dt·
1143 2620 1163 2636 c.

209 2660 316 2688 probam.

244 2701 270 2717 τ..
288 2696 334 2724 Sit,
343 2692 529 2724 liniamento-fine
538 2691 598 2722 ulla,
608 2689 674 2724 dyc]
697 2689 740 2714 Sic
749 2687 836 2714 editus
849 2687 863 2713 a
873 2684 1007 2715 victorio,
1019 2691 1104 2719 neque
1113 2682 1165 2708 ali-

207 2734 248 2752 ’,τ
262 2729 316 2753 Pal.
328 2729 406 2764 prim.
418 2737 475 2754 nam
487 2726 582 2759 stc.fir.
605 2726 824 2758 Lineamenrafine.
838 2721 1001 2757 vulgata‚fit.
1021 2722 1165 2745 Lineamen-

213 2766 307 2794 'musta-e
317 2766 376 2795 ulla,
387 2765 436 2794 ὼε.
456 2761 591 2798 quomodo
601 2760 748 2796 &scriptus
760 2762 787 2786 S.
799 2758 926 2785 Victoris.

248 2807 271 2831 ς.
290 2804 313 2823 51
325 2797 636 2833 afficiam-jmjurandnmss
660 2797 703 2822 Sic
712 2805 803 2822 omnes
813 2794 875 2821 edd.
885 2800 947 2821 ante
959 2793 990 2819 Ρ.
1002 2791 1165 2819 Manutium.

212 2844 233 2873 ’.3-
243 2835 310 2859 enini
325 2835 501 2868 conjteiuram
514 2834 582 2860 litam
594 2832 697 2859 admisit
706 2833 800 2865 adigam
812 2851 820 2863 ,
839 2839 917 2867 quein
928 2828 1029 2856 secutus
1042 2828 1069 2854 &
1082 2829 1164 2853 Lam-

211 2870 296 2894 binus.
320 2870 378 2895 MK.
392 2871 470 2896 nostri
484 2879 536 2897 tres
555 2871 621 2897 stant
640 2878 687 2905 pro
709 2868 836 2903 vulgata;
856 2867 895 2894 ita
905 2873 993 2893 tamen
1003 2871 1034 2891 ut
1052 2863 1165 2890 habeant

210 2913 354 2938 adjiciamus
365 2906 508 2937 Jirrandum.

244 2948 277 2979 4.¹
293 2941 347 2972 §aa
363 2942 618 2974 potiffinmmscntemiri
628 2942 710 2966 melius
719 2941 784 2972 eliget
793 2937 964 2972 disciplinam]
986 2935 1069 2962 Liber
1079 2936 1106 2961 S.
1117 2934 1166 2962 Vi-

212 2976 294 3002 ttoni
312 2978 665 3009 quan5poiisjim11nrjcnten11am
685 2977 766 3001 melius
775 2977 839 3007 eliget
851 2994 859 3006 ,
878 2981 921 3000 aut
931 2973 1076 3006 disciplinam
1089 2975 1100 2999 ?
1120 2972 1169 2997 Pa-

210 3012 259 3038 lat.
280 3011 356 3046 prim.
371 3019 419 3043 qua
435 3013 568 3043 pmffimum
580 3014 682 3045 stit-mia
693 3014 775 3037 melius
792 3013 855 3043 eliger
866 3010 1034 3043 disciplinam?
1053 3007 1102 3034 sec.
1121 3016 1170 3042 qua

210 3049 324 3078 {inventia
334 3047 416 3085 melius
428 3047 489 3077 cltgct
502 3047 631 3078 discspli'na.
653 3048 722 3073 forte
733 3055 781 3081 qua
796 3047 1039 3080 fititntiapotrffi‘mum
1048 3045 1112 3077 eliget
1121 3053 1169 3069 me-

211 3086 259 3109 liuae
274 3086 285 3108 ,²
303 3082 452 3114 Atjciplmam
462 3082 501 3113 rifi
509 3090 673 3114 quamcumque
682 3085 757 3115 eliget,
766 3092 818 3112 (γε.

257 3127 283 3146 ς.
307 3118 432 3150 Concqfflst
445 3116 563 3149 priman]
586 3118 625 3141 lta
642 3117 738 3143 diserte
759 3117 825 3143 liber
845 3116 892 3143 ms.
912 3116 1027 3152 Gryphii
1041 3134 1048 3147 ‚
1069 3114 1087 3141 si
1105 3113 1169 3141 sides

211 3154 294 3181 Muli.
306 3155 400 3182 Bruto.
422 3153 448 3178 ἃ
461 3151 561 3180 accedit
572 3152 690 3186 alioquin
710 3152 795 3179 codex
815 3154 842 3179 S.
854 3151 972 3180 Vifi’toris
986 3171 995 3185 ‚
1015 3152 1106 3187 inquo
1116 3160 1171 3178 cm-

1179 103 1718 150 Creanours

1182 190 1229 211 cas
1240 201 1249 214 ,
1266 180 1377 221 quibus
1386 178 1514 227 efficitur
1523 200 1532 214 ,
1545 181 1649 212 multis
1658 177 1788 222 partibus
1800 181 1894 213 solem
1906 180 2050 219 maiorem
2062 179 2134 216 effe,

1183 232 1272 263 quam
1287 232 1392 252 terram
1404 241 1413 255 ,
1431 230 1599 260 juraturum
1611 227 1715 262 putas?
1738 223 1757 254 si
1770 224 1892 255 fecerit:
1911 225 2004 254 solem
2022 223 2133 262 ipsum,

1183 274 1276 305 quem
1286 264 1387 311 'deum
1398 262 1498 293 censet
1507 262 1575 297 effe,
1586 265 1788 296 contemserit.
1811 265 1901 304 Quod
1913 264 1930 294 fi
1940 266 2135 307 geometricis

1184 305 1349 336 rationibus
1370 314 1434 335 non
1455 303 1498 334 est
1515 305 1701 338 crediturus,
1723 316 1788 346 qua:
1808 309 1872 336 vim
1888 307 2008 347 afferunt
2028 309 2058 336 in
2077 305 2136 336 do-

1185 347 1293 378 cendo.
1322 356 1378 377 vos
1400 344 1453 386 ipsi
1472 355 1505 376 ut
1522 346 1622 376 dicitis
1642 357 1649 374 ·.
1669 356 1714 377 nae
1731 348 1783 377 ille
1800 349 1889 387 longe
1910 349 2017 381 aberit,
2041 357 2073 378 ut
2090 356 2136 378 ar-

1186 390 1338 430 gumentis
1354 389 1451 418 credat
1468 388 1737 427 philosophorum:
1756 398 1804 419 aut
1824 409 1832 422 .
1853 388 1874 419 si
1890 389 1931 420 est
1946 390 2110 420 crediturus
2121 408 2134 422 .

1186 440 1316 471 quorum
1329 428 1518 470 potissimum
1535 431 1546 458 ?
1560 431 1664 459 omnia
1679 427 1868 469 physicorum
1890 432 1959 462 licet
1980 431 2136 472 explicare.

1188 472 1236 502 sed
1255 473 1380 513 longum
1401 470 1453 516 ei}
1483 481 1587 512 quaero
1606 480 1706 510 tamen
1722 491 1731 504 ,
1760 481 1851 511 quem
1871 472 2013 513 sequatur.
2045 474 2139 513 Finge

1187 514 1317 555 aliquem
1328 523 1409 543 nunc
1421 514 1484 543 neri
1496 514 1658 553 sapientem
1672 534 1680 545 ,
1700 513 1839 542 nondum
1852 511 1908 542 esse
1923 525 1928 542 .·
1945 519 1962 540 4
1976 525 2032 553 qua
2041 514 2139 554 potis-

1190 554 1300 585 simum
1311 555 1455 585 sententia
1472 554 1584 584 melius
1600 555 1690 593 eliget
1707 554 1896 593 disciplinam
1918 557 1930 583 ?
1964 554 2014 584 etsi
2033 565 2141 595 quarn-

1188 606 1319 637 cumque
1337 597 1444 637 eliget,
1461 596 1603 636 infipiens
1624 598 1723 637 eliget.
1747 595 1804 626 Sed
1823 594 1856 625 sit
1875 597 1999 635 ingenio
2018 597 2139 630 divino,

1189 648 1281 680 quem
1291 648 1387 668 unum
1399 640 1416 668 e
1426 636 1549 678 physicis
1560 635 1749 678 potissimum
1761 637 1918 677 probabit?
1935 647 1990 667 nec
1999 638 2064 677 plus
2079 648 2142 668 uno

1190 683 1309 721 poterit.
1332 690 1395 710 non
1412 680 1572 721 persequor
1587 678 1769 720 quaestiones
1786 677 1919 709 infinitas
1939 690 1945 708 :
1969 678 2085 709 tantum
2105 679 2143 709 de

1190 724 1346 762 principiis
1363 731 1462 752 rerum
1483 741 1492 754 ,
1521 722 1538 751 ὲ
1555 722 1665 762 quibus
1687 722 1792 751 onmia
1812 719 1967 754 constant,
1988 720 2146 751 videamus

1191 774 1282 810 quem
1309 764 1424 804 probet·
1458 762 1501 794 est
1526 773 1610 793 enim
1627 766 1850 804 intersmagnos
1869 763 2010 792 homines
2027 762 2144 793 summa

1192 805 1341 836 dissenfio.
1365 807 1506 845 Princeps
1515 806 1638 837 Thales.
1649 814 1727 835 unu-s
1737 805 1753 834 ὲ
1764 806 1939 844 septem,cui
1951 804 2001 834 sex
2012 804 2143 844 reliquos

1196 852 1208 876 5
1221 845 1399 879 consensisse
1410 849 1526 887 primos
1536 845 1637 877 serunt
1648 858 1656 879 5
1668 857 1702 875 ex
1710 856 1790 888 aqua
1799 846 1876 875 dixit
1885 845 2018 876 constare
2028 847 2144 876 omnia.

1194 894 1232 921 At
1252 891 1309 920 hoc
1322 888 1570 922 Anaximandro,
1594 890 1748 928 populari,
1769 888 1801 917 &
1814 887 1904 918 sodali
1915 888 1985 922 suo,
2007 897 2069 918 non
2080 897 2151 927 pei·-

1195 930 1286 963 suasit.
1307 933 1332 961 is
1352 940 1435 960 enim
1457 929 1631 969 infinitatem
1653 938 1757 959 natura
1777 930 1856 960 dixit
1871 927 1964 960 esse-e
1973 939 2029 969 qua
2039 930 2147 960 omnia

1193 975 1398 1016 gignerentur.
1430 971 1497 1012 pbst
1521 973 1584 1011 ejus
1604 972 1722 1002 auditor
1737 974 1944 1002 Anaximenes
1962 992 1971 1004 ‚
1999 970 2147 1008 infinitum

1192 1026 1278 1045 aera:
1297 1014 1346 1045 sed
1365 1023 1397 1044 ea
1408 1033 1417 1048 ‚
1437 1023 1503 1054 qua:
1512 1023 1550 1043 ex
1560 1023 1596 1044 eo
1606 1015 1754 1044 orirentur
1768 1033 1776 1045 ‚
1796 1011 1934 1043 definita:
1953 1015 2035 1054 gigni
2047 1021 2147 1042 autem

1194 1066 1300 1101 terram
1313 1076 1321 1089 ,
1341 1065 1461 1096 aquam,
1473 1057 1574 1094 ignem
1587 1074 1596 1088 ,
1614 1063 1679 1084 tum
1693 1064 1730 1084 ex
1742 1055 1788 1084 his
1799 1056 1920 1084 omnia:
1943 1058 2145 1094 Anaxagoras,

1195 1107 1344 1128 materiam
1363 1096 1508 1134 infinitam
1517 1106 1528 1123 :
1554 1093 1570 1116 ⁶
1585 1096 1633 1126 sed
1642 1105 1680 1126 ex
1690 1106 1722 1126 ea
1730 1096 1885 1136 particulas
1895 1094 2019 1126 simileis
2032 1089 2108 1126 inter
2119 1095 2150 1125 se

1197 1143 1346 1173 minutas,
1365 1147 1412 1168 eas
1429 1136 1567 1177 primum
1584 1136 1740 1171 confusas,
1760 1137 1862 1177 postea
1883 1139 1916 1167 in
1934 1138 2073 1168 ordinem
2095 1137 2150 1167 ad-

1195 1181 1298 1212 ductas
1307 1183 1323 1210 a
1331 1188 1436 1210 mente
1446 1179 1766 1219 divina2Xenophanes
1776 1179 1876 1219 paullo
1885 1180 1973 1208 etiam
1985 1180 2149 1218 antiquior,

1195 1232 1291 1253 unum
1302 1220 1359 1252 effe
1369 1223 1473 1252 omnia
1482 1241 1491 1255 ,
1513 1231 1608 1262 neque
1619 1221 1650 1251 id
1661 1219 1718 1251 effe
1729 1220 1873 1251 mutabile
1884 1240 1892 1253 ,
1905 1220 1980 1250 &id
1990 1218 2047 1251 effe
2055 1220 2150 1253 deum,

1197 1274 1295 1306 neque
1315 1270 1329 1293 7
1350 1272 1455 1294 natum
1476 1263 1600 1304 usquam
1621 1283 1630 1296 ‚
1655 1262 1688 1292 &
1704 1262 1922 1302 sempiternum
1943 1281 1952 1295 ,
1975 1261 2152 1302 conglobata

1197 1306 1308 1348 figura:
1328 1304 1540 1338 Parmenides,
1560 1306 1653 1346 ignem
1664 1325 1673 1338 ,
1692 1307 1746 1344 qui
1760 1312 1880 1334 moveat
1889 1312 1996 1334 terram
2008 1323 2017 1337 ‚
2037 1313 2103 1344 quae
2113 1302 2152 1334 ab

1196 1359 1232 1379 eo
1249 1348 1413 1379 formetur:
1433 1349 1620 1387 Leucippus,
1635 1346 1766 1386 plenum,
1788 1346 1934 1379 (pr-inane:
1954 1346 2151 1376 Democritus

1196 1392 1265 1421 huic
1278 1391 1310 1420 in
1319 1391 1377 1420 hoc
1387 1387 1492 1419 similis
1503 1408 1512 1421 ‚
1535 1389 1656 1418 uberior
1667 1390 1699 1418 in
1709 1390 1814 1418 ceteris
1827 1398 1832 1417 ι
1844 1387 2044 1427 Empedocles
2056 1406 2065 1420 ,
2088 1387 2150 1417 haec

1194 1433 1376 1473 pervulgata,
1387 1430 1419 1461 &
1429 1437 1496 1472 {iota
1503 1437 1640 1471 quattuor
1648 1441 1659 1457 .·
1671 1431 1839 1460 Heraclitus
1849 1449 1858 1463 ,
1872 1429 1965 1468 ignem
1974 1440 1985 1456 .·
1998 1426 2148 1462 Melissus,

1195 1477 1264 1507 hoc,
1276 1473 1359 1514 quod
1369 1471 1594 1511 efletinfinitum
1604 1491 1613 1506 ‚
1625 1471 1856 1502 &immutabile
1868 1490 1876 1504 ‚
1888 1467 2013 1500 &fuisse
2024 1470 2152 1510 semper.

1200 1516 1233 1546 δε
1248 1516 1323 1545 fore.
1347 1515 1429 1544 Plato
1442 1524 1476 1542 cx
1486 1515 1608 1542 materia
1619 1514 1651 1542 in
1665 1513 1693 1543 se
1702 1515 1807 1543 omnia
1816 1514 1988 1551 recipiente,
1999 1511 2153 1542 mundum

1196 1555 1254 1587 esse
1276 1555 1391 1586 factum
1410 1555 1509 1586 censet
1527 1556 1543 1585 a
1562 1556 1619 1585 deo
1628 1555 1856 1595 sempiternum.
1880 1550 2077 1594 8Pythagorei
2089 1573 2099 1586 ,
2117 1562 2153 1582 ex

1196 1608 1311 1628 numeru
1322 1617 1331 1631 ‚
1352 1597 1385 1627 δε
1395 1597 1679 1628 mathematicorum
1691 1597 1788 1627 initiis
1800 1594 1946 1636 proficisci
1956 1598 2066 1626 volunt
2080 1604 2153 1625 om-

1198 1642 1257 1670 nia.
1282 1642 1328 1671 Ex
1338 1640 1393 1669 his
1410 1640 1498 1680 eliget
1518 1638 1615 1669 vester
1630 1639 1745 1678 sapiens
1763 1647 1859 1668 unum
1876 1638 2007 1678 aliquem
2019 1657 2028 1670 ‚
2050 1636 2153 1670 credo.

1195 1692 1287 1723 quem
1309 1681 1462 1722 sequatur:
1482 1682 1571 1710 ceteri
1590 1689 1633 1710 tot
1650 1682 1728 1713 viri,
1749 1680 1863 1710 &tanti
1876 1700 1885 1713 ,
1905 1677 2153 1719 repudiatiabeo‚

1201 1724 1454 1762 condemnatique
1463 1721 1623 1752 discedent.
1647 1724 1879 1763 Qamcumque
1888 1719 1961 1750 vero
1973 1721 2152 1750 sententiam

1201 1765 1389 1804 probaverit,
1409 1772 1475 1793 eam
1494 1762 1532 1792 fic
1552 1764 1658 1793 animo
1668 1762 1913 1802 comprehensam
1923 1761 2060 1794 habebit,
2079 1769 2112 1791 ut
2121 1770 2156 1792 ea

1195 1816 1262 1847 quae
1281 1803 1427 1836 sensibus:
1448 1814 1503 1834 nec
1514 1806 1607 1844 magis
1618 1800 1906 1845 9approbabitnuiic
1915 1803 2013 1833 lucere
2025 1814 2030 1832 :
2050 1802 2154 1843 quam,

1196 1848 1343 1889 quoniam
1353 1847 1471 1876 Stoicus
1483 1845 1525 1876 est
1538 1858 1546 1880 3
1559 1847 1639 1877 hunc
1651 1855 1803 1876 muNDUM
1814 1855 1887 1875 Essa
1898 1845 2060 1885 sapientem
2071 1863 2080 1878 ,
2104 1845 2157 1874 ha-

1202 1891 1271 1920 bere
1283 1896 1418 1918 mentem
1434 1907 1442 1922 ,
1454 1897 1519 1928 quae
1531 1888 1563 1918 &
1574 1888 1602 1918 se
1611 1907 1620 1922 ,
1632 1888 1774 1928 &ipsum
1785 1887 1922 1917 fabricata
1932 1886 1966 1917 sit
1976 1906 1985 1920 ,
2006 1886 2039 1917 ὅ(
2050 1886 2157 1916 omnia

1203 1931 1375 1962 moderetur
1388 1950 1397 1963 ,
1417 1938 1656 1970 moveat,regat.
1680 1932 1742 1961 Erit
1754 1929 1921 1970 persuasum
1933 1930 2036 1961 etiam,
2048 1927 2157 1961 solem,

1198 1975 1319 2006 lunam,
1330 1971 1428 2002 stellas
1437 1974 1557 2002 omneis
1568 1991 1577 2005 ‚
1590 1981 1708 2006 terram,
1720 1981 1811 2004 mare,
1823 1971 1895 2001 deos
1906 1969 1973 2005 effe,
1984 1968 2066 2011 quod
2075 1978 2158 2010 quae-

1200 2016 1270 2046 darn
1281 2013 1422 2045 animalis
1432 2013 1630 2054 intelligentia
1641 2023 1694 2053 per
1704 2015 1809 2044 omnia
1817 2022 1851 2043 ea
1859 2022 1992 2053 permeet
2000 2032 2009 2046 ,
2021 2011 2054 2042 &
2064 2010 2160 2042 trans-

1201 2066 1262 2087 eat:
1282 2056 1347 2086 fore
1368 2064 1468 2086 tamen
1487 2055 1668 2096 aliquando,
1688 2065 1720 2086 ut
1729 2056 1833 2085 omnis
1851 2056 1901 2085 hic
1911 2054 2045 2085 mundus
2053 2052 2158 2083 ardore

1202 2097 1351 2139 deflagret.
1374 2100 1439 2128 Sint
1448 2095 1502 2127 ista
1512 2107 1578 2128 vera
1589 2108 1594 2126 z
1607 2097 1713 2136 (vides
1725 2098 1809 2127 enim
1816 2097 1879 2135 jam
1892 2107 1941 2127 me
1949 2096 2034 2126 fateri
2044 2093 2156 2134 aliquid

1201 2138 1259 2171 esse
1289 2139 1376 2179 veri)
1392 2139 1611 2179 comprehendi
1630 2148 1662 2169 ea
1670 2148 1790 2172 tamen,
1809 2138 1842 2168 &
1855 2139 1965 2178 percipi
1976 2146 2061 2178 nego.
2084 2145 2156 2167 cum

1203 2184 1288 2212 enim
1307 2190 1376 2211 tuus
1395 2180 1450 2211 iste
1469 2182 1587 2211 Stoicus
1597 2180 1708 2221 sapiens
1717 2180 1886 2220 syllabatim
1903 2180 1958 2210 tibi
1968 2178 2021 2210 ista
2032 2177 2155 2212 dixerim

1200 2225 1303 2254 veniet
1320 2221 1438 2252 flumen
1455 2223 1600 2253 orationis
1617 2233 1740 2254 aureum
1751 2221 1882 2252 fundens
1894 2220 2065 2252 Aristoteles
2077 2239 2086 2254 ‚
2103 2221 2158 2260 qui

1200 2266 1290 2296 illum
1298 2264 1415 2305 desipere
1426 2264 1519 2295 dicat:
1532 2274 1629 2305 neque
1639 2267 1724 2295 enim
1733 2273 1834 2294 ortum
1844 2262 1901 2294 effe
1913 2272 2056 2303 umquam
2066 2270 2160 2291 mun-

1201 2307 1288 2340 dum,
1299 2306 1381 2347 quod
1391 2307 1474 2337 nulla
1483 2305 1585 2341 fuerit,
1603 2309 1634 2326 ¹0
1642 2316 1725 2338 novo
1737 2304 1863 2336 consilio
1873 2306 1950 2335 inito
1959 2313 2018 2334 tam
2029 2303 2162 2345 proeclari

1201 2350 1299 2388 operis
1318 2350 1451 2390 inceptio
1460 2369 1469 2383 ,
1494 2349 1526 2379 &
1541 2350 1581 2379 ita
1590 2358 1661 2379 eum
1671 2346 1729 2378 effe
1741 2347 1873 2388 undique
1887 2355 1988 2387 aptum
1999 2365 2008 2379 ‚
2033 2354 2066 2376 ut
2075 2344 2162 2375 nulla

1200 2393 1247 2420 vis
1268 2398 1365 2420 tantos
1385 2399 1472 2431 queat
1494 2399 1616 2424 motus,
1641 2391 1903 2429 mutationemque
1927 2388 2051 2420 moliri,
2075 2385 2162 2418 nulla

1201 2430 1338 2462 senectus
1355 2433 1553 2462 diuturnitate
1571 2440 1745 2473 temporum
1762 2430 1909 2464 existere,
1929 2438 1963 2460 ut
1982 2430 2030 2460 hic
2039 2436 2163 2460 ornatus

2015 2478 2162 2511 umquam

1197 2539 1396 2572 finfiſjkprimat.
1418 2545 1477 2563 iiam
1492 2536 1583 2571 vulgg.
1593 2536 1717 2569 consmfiffi
1723 2537 1821 2564 primos.
1839 2534 1952 2561 alterum
1965 2532 2031 2560 illud
2041 2533 2147 2566 conjece
2155 2546 2162 2553 ·

1206 2582 1247 2601 rat
1265 2574 1329 2600 olim
1351 2575 1381 2600 1’.
1402 2573 1538 2599 Manutius
1550 2591 1558 2604 ,
1578 2572 1717 2606 statimque
1735 2570 1864 2598 intulerat
1881 2571 1909 2597 in
1929 2569 2072 2597 editionem
2091 2567 2162 2594 stiam

1208 2610 1365 2638 Lambinus.

1242 2648 1270 2673 6,
1289 2647 1334 2672 Sed
1341 2656 1370 2672 ex
1379 2655 1407 2672 ea
1414 2647 1549 2679 particulas
1563 2664 1571 2678 ,
1589 2644 1656 2679 ἐγὼ]
1678 2643 1787 2679 Vulgati
1799 2654 1806 2671 :
1822 2643 1867 2676 sed
1873 2652 1913 2668 eu·
1927 2642 2062 2676 particulae
2075 2640 2164 2673 fimi-'es

1205 2684 1298 2716 interfi
1309 2702 1317 2714 ,
1336 2683 1490 2713 &maman
1511 2690 1602 2708 verum
1613 2681 1698 2707 altera
1716 2679 1798 2706 lectio
1808 2679 1906 2715 perstat
1923 2679 1949 2705 in
1962 2677 2029 2703 Pall.
2049 2676 2077 2702 ἔτ
2097 2674 2165 2701 edit.

1207 2718 1280 2746 viti.
1301 2728 1385 2754 neque
1397 2717 1496 2744 recedit
1506 2718 1534 2743 S.
1544 2717 1661 2743 Victoris
1673 2716 1837 2747 membrana,
1849 2723 1928 2751 quam
1940 2712 2009 2749 quod
2019 2721 2060 2742 ca,
2074 2720 2102 2736 ex
2112 2720 2162 2735 eas.

1245 2764 1272 2788 7.
1291 2759 1392 2790 ‘Rerum
1400 2754 1500 2788 ufiquam
1507 2754 1537 2784 (25-
1540 2754 1709 2786 sempiternum
1721 2771 1728 2782 ,
1748 2753 1879 2785 conglobata
1883 2749 1992 2784 figuras]
2013 2747 2056 2773 Est
2067 2749 2082 2773 a
2095 2746 2164 2773 Pan.

1207 2791 1302 2817 nostris
1314 2810 1322 2823 ,
1341 2790 1383 2816 cui
1394 2789 1494 2816 accedit
1512 2790 1594 2816 etiam
1605 2788 1689 2815 editio
1698 2786 1814 2815 Victorii
1826 2805 1834 2819 ‚
1852 2785 1900 2813 nili
1917 2784 1988 2820 quod
1999 2792 2028 2810 ea
2039 2782 2166 2818 amplius,

1204 2828 1305 2861 usquam
1315 2826 1455 2861 quidquam.

1244 2864 1272 2889 8.
1291 2862 1447 2900 Pythagorei]
1459 2861 1572 2892 numeris,
1584 2860 1651 2894 dria]
1673 2859 1742 2886 Pau.
1758 2858 1786 2884 Sc
1794 2855 1920 2893 publicati
1933 2856 1948 2881 a
1959 2853 2082 2882 Vittorio
2094 2873 2102 2886 ,
2113 2863 2166 2881 non

1207 2898 1352 2936 agnoscunt
1362 2897 1519 2934 particulam
1532 2906 1570 2923 ex.

1244 2943 1261 2970 9
1268 2933 1280 2961 .’
1292 2934 1452 2967 tApproh'abEt
1460 2941 1525 2958 nunc
1534 2934 1620 2963 lucere,
1629 2938 1701 2965 quam
1709 2930 1819 2963 quoniam
1827 2929 1918 2954 Stoicus
1927 2929 1971 2958 eff,
1980 2927 2021 2957 &c
2027 2926 2048 2960 .]
2066 2926 2109 2952 Sic
2118 2924 2168 2951 Vi-

1209 2970 1288 2997 &orii
1298 2971 1378 2997 etiam
1389 2968 1490 3003 editio„
1504 2967 1546 2994 sed
1558 2966 1625 2992 Pali.
1645 2965 1724 3000 prim.
1738 2963 1816 2990 habet
1827 2982 1836 2994 ,
1854 2965 2001 2995 approbabit.
2023 2966 2086 2987 Num
2094 2963 2171 2986 lucere

1209 3015 1352 3042 quamquam
1359 3007 1449 3040 Stoicus
1456 3005 1494 3029 eff
1510 3004 1554 3027 hnc
1573 3002 1694 3027 mundum.
1715 3001 1766 3026 icc.
1781 3001 1920 3032 approbabit
1937 3008 1993 3024 unm
2003 3000 2079 3023 lucere
2095 3005 2169 3032 quam

1210 3045 1319 3077 qnoniam
1328 3040 1418 3066 stoicas
1427 3038 1472 3070 eft,
1480 3039 1532 3068 &cn
2128 3032 2139 3036 ἃ

1250 3086 1291 3104 ιο.
1302 3080 1366 3103 Novo
1376 3075 1460 3109 consilio
1468 3072 1553 3106 inum]
1564 3071 1608 3098 Sic
1618 3071 1645 3097 δε
1656 3071 1740 3098 editio
1752 3070 1922 3102 Vi&oi·ii,12e
1931 3069 1990 3105 quis
2000 3075 2077 3105 putet
2086 3067 2170 3094 Lani-

1212 3113 1268 3139 bini
1279 3112 1339 3139 esse.
1359 3109 1473 3137 Palatini
1484 3115 1570 3134 tamen
1581 3107 1716 3134 adhaerent
1728 3107 1853 3142 vulgatis.
1863 3107 1889 3133 in
1901 3106 1995 3146 quibus
2004 3107 2083 3132 initio.
2092 3103 2172 3131 &Vi-

1216 3148 1300 3176 &otis
1310 3146 1387 3174 habet
1396 3147 1462 3172 nudo
1472 3153 1533 3171 cuin
1545 3144 1648 3180 virgula
1657 3143 1825 3179 undiquaque
1835 3143 2024 3180 superjacente.
2099 3176 2125 3201 s,

2066 3184 2091 3201 1.
2115 3179 2164 3202 ient

2169 807 2209 841 37

2180 2076 2220 2131 3³⁸
