2316 3395
151 445 200 478 95
215 435 404 465 indicabunt.

220 161 309 208 152
623 142 692 189 M.
775 139 1133 186 Tur-„1211

211 225 322 257 tensius
335 246 342 259 .
354 233 455 257 tamen
463 226 546 256 hunc
554 224 672 256 cursum
684 220 856 253 confecerit.
880 219 978 249 Annis
987 216 1056 248 ante
1066 217 1172 247 decem

212 269 311 299 causas
322 279 403 307 agere
415 270 514 308 coepit,
526 267 616 307 quam
630 275 660 295 tu
671 274 699 294 es
710 272 807 293 natus.
826 261 909 291 idem
917 268 1033 300 quarto,
1047 259 1080 290 δε
1091 260 1174 290 sexa-

211 309 326 350 gesimo
334 320 414 340 anno
424 311 575 350 perpaucis
584 317 650 337 ante
662 313 794 335 mortem
804 303 910 334 diebus
921 322 929 336 ,
942 301 1000 332 una
1013 310 1115 332 tecum
1127 302 1174 332 so-

212 361 317 382 cerum
327 361 413 382 tuum
423 351 560 381 defendit
570 350 716 389 Appium.
735 345 865 376 Dicendi
875 353 976 375 autem
988 353 1081 374 venus
1091 343 1173 385 quod

213 392 305 424 fucrit
316 396 347 423 in
357 403 483 433 utroque
492 413 500 427 ‚
512 393 662 421 orationes
671 388 822 429 utriusque
833 388 922 416 etiarn
931 368 1055 426 posseris
1065 385 1175 416 nostris

448 434 503 464 Sed
515 454 522 467 ‚
545 432 566 463 si
575 433 739 473 quaerimus
750 450 758 464 ‚
776 439 829 459 cur
837 428 1007 459 adolescens
1018 429 1111 469 magis
1116 427 1176 466 flo-

213 478 302 505 ruerit
312 475 453 509 dicendo,
466 475 557 516 quam
568 475 668 504 senior
677 470 852 502 Hortensius
863 481 869 499 ;
885 470 982 501 causas
991 471 1174 509 reperiemus

212 517 341 548 veriliim
347 529 374 547 as
385 521 456 547 duas
468 529 473 546 ;
496 516 633 547 Primum
645 536 653 549 ‚
676 513 759 555 quod
769 523 862 555 genus
872 521 930 542 erat
939 513 1084 542 orationis
1095 510 1176 541 Afia-

212 562 319 593 ticum,
329 560 533 589 adolescentiae
545 560 640 599 magis
650 553 928 596 concesium,qu?2m
940 552 1095 584 senestuti.
1114 555 1175 583 Ge-

213 612 284 631 nera
293 611 393 631 autem
402 601 540 641 ,Asiana
547 600 674 629 didiionis
684 619 693 633 ,
715 598 776 628 duo
785 598 852 627 sunt
864 606 869 625 :
892 598 1002 626 Unum
1012 595 1177 626 sententio-

214 643 282 673 sum
293 663 301 677 ‚
314 643 347 673 ὃς
357 653 495 683 argutum
504 662 512 676 ,
526 643 681 672 sententiis
690 650 754 670 non
764 648 825 669 tam
835 637 973 679 gravibus
982 657 990 671 ,
1013 637 1046 667 δε
1056 638 1175 670 severis,

213 685 304 726 quam
316 687 476 715 concinnis
487 685 520 714 ὃς
528 683 660 714 venustis
673 694 678 712 :
695 682 790 723 qualis
800 683 832 710 in
841 679 964 710 historia
974 681 1111 709 Timaeus
1122 699 1129 712 ,
1142 680 1175 708 in

213 726 343 757 dicendo
353 736 466 760 autem,
476 728 575 767 pueris
585 725 684 759 nobis,
696 723 852 753 Hierocles
864 720 1071 755 Alabandaeus,
1083 722 1178 762 magis

214 770 304 798 etiarn
317 769 481 802 Menecles,
492 767 581 798 frater
589 768 653 807 ejus
664 765 738 796 fuit:
760 774 890 806 quorum
901 763 1053 803 utriusque
1064 772 1177 792 oratio-

215 820 269 840 nes
281 811 348 841 sunt
359 813 391 840 in
401 812 520 851 primis,
531 818 563 840 ut
572 808 702 839 Asiatico
713 810 745 837 in
756 816 872 847 genere,
884 804 1058 835 laudabiles.
1082 804 1175 834 Aliud

214 861 316 882 autem
333 862 427 893 genus
444 851 486 883 est
503 861 568 882 non
586 860 647 881 tam
660 850 814 880 sententiis
823 847 1043 888 frequentatum
1055 866 1063 880 ,
1082 845 1189 887 quam.

213 894 315 924 verbis
330 894 469 927 volucre,
490 903 576 934 atque
596 894 752 922 incitatum
765 902 770 919 :
794 888 926 930 qualiest
936 898 1017 917 nunc
1028 886 1094 917 Asia
1104 896 1176 920 tota,

214 946 270 966 nec
282 935 411 966 flumine
420 936 518 966 solum
531 936 675 965 orationis
686 954 693 966 ,
707 933 755 963 sed
765 935 856 962 etiam
868 938 1026 963 exornato,
1039 929 1071 959 &
1081 928 1176 959 faceto

212 988 322 1019 genere
331 978 494 1008 verborum
506 988 511 1006 t
531 979 564 1006 in
575 986 635 1017 quo
644 975 704 1005 fuit
714 973 871 1013 AEschylus
882 972 1012 1002 Gnidius
1025 991 1032 1004 ,
1047 971 1080 1001 &
1090 980 1176 1000 meus

216 1021 341 1061 aequalis
350 1019 485 1050 Milesius
497 1019 663 1049 AEsclnnes.
683 1019 716 1046 in
726 1018 762 1046 iis
772 1024 831 1045 erat
840 1014 1023 1044 admirabilis
1031 1014 1176 1043 orationis

213 1062 327 1096 cursus,
340 1071 440 1092 ornata
451 1062 663 1092 sententiarum
674 1059 860 1089 concinnitas
872 1066 935 1086 non
944 1064 1012 1085 erat.
1041 1057 1113 1084 Haec
1123 1065 1176 1084 au-

215 1112 277 1134 tem
290 1104 335 1143 (ut
345 1104 422 1144 dixi)
432 1112 539 1141 genera
548 1101 687 1134 dicendi,
707 1101 820 1140 aptiora
838 1099 906 1128 sunt
923 1097 1159 1128 adolescentibus
1171 1106 1176 1124 z

213 1147 248 1176 in
254 1144 367 1185 finibus
376 1139 550 1186 gra-{itatem
561 1153 624 1173 non
634 1142 752 1173 habent.
784 1144 886 1181 Itaque
906 1137 1082 1169 Hortenfius
1094 1147 1177 1168 utro-

214 1197 273 1228 que
282 1198 388 1229 genere
398 1186 509 1216 florens
520 1206 529 1220 ‚
548 1186 694 1216 clamores
703 1182 827 1214 faciebat
837 1182 1015 1212 adolescens.
1041 1180 1177 1210 Habebat

213 1232 299 1259 enim
309 1230 342 1259 ἃς
351 1229 539 1259 Meneclium
550 1227 626 1257 illud
637 1225 768 1257 studium
777 1225 955 1256 crebrarum,
966 1222 1175 1252 venustarum—

213 1281 272 1312 que
281 1271 514 1301 sententiarum:
531 1271 563 1299 in
573 1269 683 1310 quibus
694 1288 703 1301 ,
725 1269 800 1298 utin
809 1267 864 1296 illo
876 1268 980 1295 Graeco
991 1285 999 1298 ,
1011 1263 1049 1293 fic
1060 1267 1093 1294 in
1104 1265 1174 1297 hoc,

214 1322 300 1343 erant
307 1312 443 1354 quaedam
454 1313 548 1353 magis
556 1309 690 1342 venustae
701 1330 709 1344 ,
721 1309 881 1350 dulcesque
890 1308 1042 1337 sentcntiae
1050 1326 1058 1339 ‚
1082 1305 1174 1347 quam

213 1364 265 1388 aut
273 1354 419 1392 neceffizriae
429 1375 438 1389 ‚
456 1363 506 1384 aut
514 1352 666 1383 interdum
676 1352 773 1382 utiles.
797 1354 834 1381 Et
844 1358 902 1380 erat
912 1351 1005 1379 oratio
1016 1347 1087 1378 curn
1098 1349 1175 1378 inci-

215 1405 272 1427 tata
280 1417 288 1430 ‚
313 1397 346 1427 ὃς
356 1397 477 1427 vibrans
486 1416 494 1429 ‚
514 1405 581 1425 tum
591 1396 681 1425 etiam
691 1401 821 1423 accurata
832 1412 840 1426 ‚
852 1392 884 1422 δε
893 1391 996 1432 polita.
1021 1392 1096 1420 Non
1105 1399 1174 1430 pro-

215 1439 327 1470 bantur
335 1439 398 1469 haec
407 1438 538 1469 senibus.
571 1437 645 1476 saepe
655 1435 795 1466 videbam
806 1433 878 1464 cum
890 1433 1064 1463 irridentem
1075 1452 1084 1466 ‚
1107 1441 1174 1461 tum

215 1483 308 1511 etiam
323 1481 497 1512 irascentem
508 1499 518 1513 ,
541 1479 574 1509 δε
585 1478 820 1508 stomachantem
831 1476 1004 1515 Philippum
1018 1485 1023 1503 :
1046 1474 1095 1504 sed
1116 1483 1177 1503 Ml—

215 1532 406 1553 RABANTUR
423 1522 623 1552 adolescentes
635 1540 643 1554 ,
657 1517 823 1549 multitudo
834 1518 1023 1547 movebatur.
1047 1518 1177 1546 Eratex—

215 1566 329 1595 cellens
343 1564 461 1605 judicio
479 1564 579 1605 vulgi,
605 1562 638 1592 ὃς
651 1560 738 1591 facile
748 1562 858 1601 primas
869 1559 987 1589 tenebat
995 1557 1174 1588 adolescens.

215 1605 277 1638 Etsi
287 1609 372 1637 enim
382 1616 474 1649 genus
484 1605 560 1635 illud
569 1603 690 1634 dicendi
701 1623 709 1637 ‚
732 1601 915 1632 autstoritatis
925 1600 1049 1631 habebat
1058 1610 1173 1640 parum,

215 1659 317 1681 tamen
327 1658 431 1689 aptum
441 1646 498 1677 effe
507 1648 586 1677 aetati
596 1645 751 1676 videbatur
762 1654 767 1673 z
783 1644 817 1674 ὃς
826 1643 915 1677 certe,
927 1641 1008 1683 quod
1017 1642 1050 1672 ὃς
1061 1643 1177 1683 ingenii

215 1691 354 1733 quaedarn
365 1689 464 1720 forma
472 1689 603 1722 lucebat,
614 1688 648 1717 ὃς
658 1687 872 1716 exercitatione
881 1683 1010 1725 perrefita
1019 1693 1079 1714 erat
1090 1704 1097 1717 ,
1111 1694 1178 1714 ver-

214 1735 386 1774 borumque
395 1730 532 1762 πάθει-’κᾶε
538 1727 776 1770 comprehensio,
790 1728 941 1758 summam
952 1727 1117 1756 hominum
1127 1725 1179 1755 ad-

216 1777 412 1806 mirationem
421 1773 577 1804 excitabat.
609 1770 666 1801 Sed
679 1791 687 1804 ,
707 1769 780 1800 cum
786 1770 850 1809 jam
860 1770 1008 1801 honores,
1028 1768 1123 1798 &illa
1134 1768 1179 1797 se-

215 1820 287 1849 nior
295 1816 453 1847 austoritas
456 1815 579 1855 gravius
587 1813 724 1855 quiddam
734 1810 1075 1853 requireretzremanebat
1085 1809 1177 1843 idem,

218 1871 274 1891 nec
293 1859 414 1889 decebat
431 1858 514 1887 idem
527 1868 531 1886 :
551 1855 692 1897 quodque
702 1855 950 1884 exercitationem
959 1872 967 1886 ,
987 1851 1180 1892 studiumque

218 1902 372 1933 dimiserat
380 1921 388 1934 ‚
412 1899 494 1940 quod
504 1900 536 1928 in
547 1908 583 1927 eo
593 1897 687 1938 suerat
696 1898 875 1926 acerrimum
889 1915 897 1929 ,
919 1895 1107 1925 concinnitas
1116 1893 1177 1927 illa,

218 1943 414 1983 crebritasque
430 1941 645 1972 sententiarum
664 1937 787 1978 pristina
796 1937 933 1967 manebat
942 1956 950 1970 ‚
971 1936 1020 1966 sed
1030 1945 1063 1965 ea
1071 1934 1180 1965 vestitu

217 1987 275 2016 illo
287 1986 432 2015 orationis
444 2004 452 2016 ,
476 1993 538 2024 quo
548 1981 740 2011 consueverat
750 1999 758 2012 ‚
779 1988 882 2009 ornata
890 1988 954 2009 non
964 1986 1033 2008 erat.
1056 1978 1114 2007 hoc
1124 1977 1179 2007 tibi

216 2029 281 2061 ille,
294 2029 393 2061 Brute,
404 2028 507 2056 minus
517 2021 635 2055 fortasse
644 2022 764 2062 placuit,
776 2030 866 2062 quam
875 2018 1045 2061 placuisset,
1058 2017 1080 2048 fi
1088 2019 1179 2050 illurn

219 2070 395 2111 flagrantem
407 2067 508 2098 studio
520 2087 528 2100 ‚
553 2065 586 2095 δε
597 2063 756 2094 florentem
765 2062 902 2093 facultate
912 2062 1015 2093 audire
1024 2059 1178 2101 potuisses.

154 2120 177 2151 9
186 2110 203 2143 6
220 2116 305 2144 Tum
316 2113 422 2141 Brutus
431 2130 439 2143 ,
466 2112 529 2149 Ego
537 2106 610 2138 vero
621 2126 628 2139 ,
651 2107 769 2145 inquit,
782 2103 879 2134 &ista
889 2125 896 2137 ‚
907 2114 972 2145 quae
985 2103 1060 2133 dicis
1071 2123 1079 2137 ‚
1089 2102 1180 2133 video

218 2154 317 2196 qualia
327 2151 393 2186 sint,
405 2153 437 2182 &
447 2148 645 2180 Hortensium
656 2156 803 2187 magnum
812 2154 962 2175 oratorem
972 2146 1088 2184 semper
1096 2153 1182 2184 puta-

218 2199 251 2227 vi
263 2217 272 2229 ,
284 2196 478 2233 maximeque
488 2191 611 2231 probavi
621 2199 676 2229 pro
687 2186 820 2217 Messalla
827 2187 996 2219 dicentem,
1007 2185 1079 2216 cum
1089 2194 1121 2215 tu
1130 2185 1182 2214 ab·

219 2237 314 2269 fuisti.
347 2239 394 2267 Sic
403 2234 502 2264 ferunt
512 2253 520 2267 ,
544 2236 668 2273 inquam
679 2251 687 2264 ,
709 2229 797 2269 idque
808 2228 933 2258 declarat
942 2227 1092 2272 totidem„
1107 2234 1183 2267 quot

221 2281 300 2310 dixit
311 2280 354 2317 [ut
364 2276 461 2317 ajunt)
471 2276 575 2314 scripta
583 2273 680 2304 verbis
692 2280 797 2301 oratio,
819 2273 897 2311 Ergo
908 2270 960 2299 ille
970 2269 986 2299 a
997 2267 1097 2298 Crasso
1107 2277 1182 2297 con-

223 2323 285 2353 sule
298 2342 306 2354 ‚
328 2320 360 2350 &
370 2318 501 2350 scaevola
510 2318 601 2357 usque
611 2314 646 2345 ad
657 2313 795 2344 Paullum
807 2312 839 2341 ὃς
850 2311 1030 2341 Marcellum
1045 2309 1181 2339 consules

224 2365 343 2394 floruit:
367 2371 422 2391 nos
442 2363 475 2389 in
493 2358 600 2388 eodem
620 2356 706 2386 cursu
723 2354 839 2384 fuimus
850 2352 866 2382 a
875 2353 955 2383 Sulla
963 2351 1107 2382 diffilatore
1117 2370 1126 2384 ,
1148 2350 1183 2380 ad

224 2405 346 2436 eosdem
368 2402 428 2433 fere
440 2401 588 2431 consules.
620 2402 667 2429 Sic
680 2393 884 2436 QHortensli
894 2404 956 2427 vox
966 2392 1114 2424 exstinCm
1122 2392 1184 2422 fato

223 2449 278 2479 suo
285 2446 328 2477 est
339 2466 348 2480 ,
362 2443 462 2475 nostra
473 2463 481 2476 ,
492 2442 625 2482 publico.
647 2441 759 2468 Melius
769 2458 777 2471 ‚
789 2437 889 2478 quaeso
898 2457 907 2470 ,
920 2438 1054 2466 ominare
1066 2454 1074 2468 ,
1086 2436 1186 2475 inquit

225 2492 341 2520 Brutus.
371 2489 415 2518 Sit
425 2485 492 2516 sane
505 2485 601 2517 utris,
613 2484 738 2522 inquam
750 2490 756 2509 2
780 2479 854 2509 &id
865 2488 929 2509 non
940 2487 1001 2508 tam
1013 2486 1081 2507 mea
1089 2476 1184 2509 causa,

1213 136 1746 183 Cxcss‘aonts

1218 216 1310 262 quarn
1322 226 1372 248 tua
1381 227 1388 247 t
1398 217 1623 259 sedformnatus
1633 218 1715 249 illius
1725 216 1895 259 exitus,qui
1905 224 1938 248 ea
1946 224 2012 248 non
2019 215 2099 248 vidit
2107 216 2180 250 cum

1220 261 1326 290 herent
1335 280 1344 295 ,
1362 270 1427 301 quae
1438 260 1571 301 providit
1580 260 1689 293 futura.
1705 267 1707 269 ’
1721 263 1803 301 Saepe
1813 263 1898 290 enim
1909 261 1988 290 inter
1997 269 2052 290 nos
2061 261 2184 300 impen-

1220 301 1335 332 denteis
1345 302 1426 332 casus
1435 301 1626 336 deflevimus,
1639 301 1712 333 cum
1721 302 1795 333 belli
1804 302 1902 332 civilis
1912 301 2009 341 causas
2019 321 2027 335 ,
2040 302 2073 331 in
2082 303 2182 341 priva-

1219 352 1320 374 torum
1330 344 1543 384 cupiditatibus
1553 345 1680 374 inclusas
1691 364 1700 378 ,
1717 346 1796 385 pacis
1805 345 1887 384 spem
1898 343 1913 374 a
1923 344 2046 384 publico
2055 342 2183 374 consilio
2205 371 2209 375 .

1220 384 1278 415 ess'e
1288 386 1438 416 exclusam
1448 386 1631 416 videremus.
1646 386 1702 417 Sed
1714 386 1804 416 illum
1814 385 1934 417 videtur
1943 385 2070 416 felicitas
2079 383 2180 425 ipsius.

1219 437 1276 467 qua
1285 429 1401 468 semper
1411 427 1453 458 est
1462 428 1529 458 usus
1542 448 1550 461 ‚
1570 428 1606 457 ab
1615 430 1658 457 cis
1669 427 1797 458 miseriis
1808 448 1817 460 ,
1847 437 1913 468 quae
1924 428 2089 457 consecutae
2101 427 2181 461 sunt,

1220 479 1316 499 morte
1327 467 1499 499 vindic-affe.
1523 472 1589 499 Nos
1599 478 1699 499 autem
1710 488 1719 503 ,
1741 471 1830 499 Brute
1840 489 1849 503 ,
1865 471 2010 510 quoniam
2021 469 2089 509 post
2099 471 2182 500 Hor-

1220 509 1304 541 tenfii
1314 530 1323 544 ‚
1346 509 1497 542 clariffimi
1514 512 1639 541 oratoris
1650 530 1659 543 ‚
1678 520 1810 541 mortem
1820 510 1900 540 orbae
1910 510 2091 551 eloquentiae
2099 509 2181 552 quasi

1222 559 1325 582 tutores
1344 552 1441 583 reliffl
1454 553 1556 582 sumus
1565 573 1574 586 ‚
1593 552 1680 582 domi
1693 561 1848 582 teneamus
1857 562 1921 582 eam
1935 553 2055 592 saeptam
2067 552 2183 583 liberali

1220 593 1362 625 custodia:
1374 595 1407 624 &
1415 596 1469 624 hos
1483 596 1704 636 ignotos,atque
1715 594 1919 634 impudenteis
1928 603 2035 633 procos
2044 594 2184 634 repudie-

1219 646 1299 670 mus,
1310 645 1515 677 tueamurque,
1529 645 1562 666 ut
1572 635 1703 666 adultam
1711 637 1874 677 virginem,
1887 636 1963 665 caste
1975 656 1985 669 ,
1999 636 2032 666 δε
2040 636 2076 666 ab
2086 637 2184 666 arma-

1220 687 1320 708 torum
1330 680 1446 718 impetu
1457 699 1465 712 ,
1476 687 1622 719 quantum
1633 677 1788 718 possumus
1800 697 1808 711 ,
1832 677 2054 717 prohibeamus.
2087 680 2182 718 Equi-

1221 719 1302 753 dem,
1322 719 1372 750 etsi
1391 720 1481 750 doleo
1491 740 1499 754 ,
1525 730 1575 749 me
1596 722 1628 750 in
1646 722 1740 750 vitam
1760 720 1860 759 paullo
1871 719 1961 749 serius
1973 740 1981 753 ‚
1999 728 2140 761 tanquam
2150 722 2184 751 in

1221 764 1314 796 viam,
1326 760 1499 804 ingressum,
1510 762 1681 802 priusquam
1691 760 1866 791 confe&um
1877 762 1933 791 iter
1943 760 1986 795 sit,
1998 764 2031 791 in
2042 763 2118 792 hanc
2127 764 2188 792 rei-

1222 804 1292 842 pub.
1316 803 1442 833 noCtem
1458 802 1596 834 incidisse
1608 814 1614 832 ;
1637 813 1739 834 tamen
1758 814 1792 833 ea
1808 803 2015 833 consolatione
2026 803 2185 838 sustentor,

1221 855 1312 885 quam
1333 855 1365 875 tu
1383 845 1460 874 mihi
1473 866 1481 879 ‚
1506 847 1594 875 Brute
1605 865 1613 879 ‚
1633 845 1794 875 adhibuisti
1805 846 1863 875 tuis
1874 843 2048 875 suaviffimis
2060 846 2164 876 litteris
2177 857 2184 875 ε

1221 887 1331 957 quibus
1342 897 1391 916 me
1400 885 1472 917 forti
1483 889 1586 917 animo
1597 885 1655 916 esse
1666 897 1802 927 oportere
1812 887 1949 917 censebas
1959 908 1968 920 ‚
1988 886 2071 929 quod
2081 897 2114 917 ea
2121 887 2188 929 ges-

1235 926 1332 961 issem,
1341 939 1406 969 quae
1415 929 1450 959 de
1462 939 1522 963 me,
1534 931 1625 958 etiarn
1637 939 1685 958 me
1695 929 1884 969 tacente,ipsa
1894 929 2188 970 loquerentur,m0r-

1224 978 1335 1011 tuoque
1346 973 1498 1001 viverent:
1521 981 1587 1011 quae
1598 991 1605 1005 ‚
1618 969 1636 1000 sl
1649 970 1727 1000 108ae
1739 969 1822 1004 esset,
1834 971 1923 1000 salute
1932 973 2005 1012 reip.
2018 983 2027 1006 3
2039 970 2081 1001 fin
2092 972 2185 1005 secuS,

1223 1013 1346 1042 interitu
1363 1013 1427 1052 ipso
1438 1033 1446 1046 ‚
1467 1012 1679 1043 testimonium
1701 1022 1843 1043 meorum
1861 1012 1897 1042 de
1917 1023 1977 1054 rep.
1988 1012 2185 1043 confiliomm

1223 1053 1336 1084 darent.

1223 1096 1367 1125 scentiam
1378 1116 1386 1129 ‚
1415 1106 1467 1136 per
1476 1096 1590 1126 medias
1598 1096 1699 1126 laudes
1711 1117 1719 1130 ,
1742 1100 1751 1115 ¹
1762 1095 1841 1137 quasi
1851 1096 2001 1137 quadrigis
2010 1098 2186 1132 vehentem,

1224 1137 1384 1168 transversa
1392 1140 1517 1168 incurrit
1526 1138 1632 1168 misera
1640 1137 1759 1171 fortuna
1768 1140 1838 1178 reip.
1857 1142 1871 1157 ²
1883 1140 1933 1168 hic
1953 1148 2003 1168 me
2021 1138 2109 1169 dolor
2118 1146 2185 1170 tan-

1222 1181 1265 1219 git
1276 1199 1284 1212 ‚
1296 1181 1358 1209 haec
1370 1189 1419 1208 me
1429 1190 1498 1209 cura
1506 1180 1644 1218 sollicitat
1654 1199 1661 1212 ,
1687 1180 1720 1209 &
1729 1180 1809 1209 hunc
1818 1190 1940 1210 mecum
1951 1175 1964 1214 ,⁸
1981 1181 2098 1211 socium
2107 1182 2187 1218 ejus-

1222 1221 1293 1250 dem
1304 1221 1336 1250 &
1346 1223 1466 1254 amoris,
1479 1221 1512 1251 ὃς
1520 1221 1640 1255 judicii.
1664 1221 1737 1251 Tibi
1746 1220 1894 1255 favemus,
1908 1231 1934 1251 te
1946 1231 1994 1252 tua
2005 1221 2065 1252 frui
2074 1218 2186 1254 virtute

1222 1265 1379 1302 cupimus:
1402 1263 1457 1292 tibi
1476 1272 1615 1303 optamus
1631 1272 1699 1293 eam
1716 1273 1814 1303 remp.
1834 1265 1868 1293 in
1886 1274 1944 1304 qua
1953 1264 2085 1294 duorum
2094 1275 2186 1306 gene-

1222 1314 1289 1334 rum
1310 1303 1562 1344 ampliffimorum
1581 1315 1724 1335 renovare
1744 1306 1926 1335 memoriam
1945 1325 1953 1339 ‚
1978 1315 2064 1347 atque
2081 1317 2188 1348 augere

1222 1344 1320 1387 poffis.
1352 1349 1458 1377 Tuum
1478 1348 1562 1376 enirn
1582 1346 1685 1377 forum
1696 1367 1705 1381 ‚
1726 1356 1813 1377 tuum
1826 1355 1887 1377 erat
1895 1347 1971 1378 illud
1981 1349 2164 1379 curriculum
2176 1359 2185 1378 :

1221 1398 1253 1418 tu
1261 1389 1335 1418 illuc
1343 1398 1466 1419 veneras
1478 1399 1566 1422 unus,
1576 1390 1629 1429 qui
1639 1399 1704 1418 non
1713 1389 1847 1430 linguam
1859 1388 1955 1419 modo
1964 1388 2087 1420 acuiffes
2097 1401 2185 1421 exer-

1221 1432 1364 1461 citatione
1374 1430 1513 1464 dicendi,
1526 1431 1574 1461 sed
1587 1431 1722 1471 &ipsam
1732 1432 1938 1472 eloquentiam
1948 1431 2187 1472 locupletavisses

1224 1474 1397 1514 graviorum
1415 1475 1524 1503 artium
1542 1471 1720 1508 instrumento
1731 1493 1740 1506 ,
1762 1473 1795 1503 δε
1814 1473 1922 1503 iisdem
1929 1473 2040 1503 artibus
2050 1474 2139 1505 decus
2149 1485 2185 1504 o-

1226 1525 1299 1544 mne
1316 1516 1435 1544 virtutis
1454 1525 1526 1544 cum
1546 1514 1664 1545 summa
1672 1515 1852 1555 eloquentiae
1863 1514 1949 1551 laude
1955 1514 2113 1555 junxisses.
2136 1520 2186 1547 Ex

1224 1566 1253 1587 te
1263 1556 1376 1596 duplex
1386 1565 1442 1586 nos
1451 1555 1543 1586 afficit
1554 1557 1738 1590 sollicitudo,
1751 1556 1832 1597 quod
1841 1556 1941 1596 &ipse
1951 1558 2066 1597 republ.
2076 1568 2183 1593 careas,

1224 1599 1318 1628 &illa
1327 1607 1365 1628 te.
1388 1601 1440 1628 Tu
1449 1607 1550 1628 tamen
1561 1596 1622 1637 (etsi
1631 1599 1750 1628 cursum
1762 1600 1878 1639 ingenii
1888 1601 1932 1629 tui
1942 1618 1950 1632 ‚
1963 1601 2062 1634 Brute,
2073 1602 2185 1640 premit

1226 1641 1288 1670 haec
1299 1642 1473 1681 importuna
1482 1639 1578 1670 clades
1589 1641 1718 1671 civitatis
1732 1641 1742 1680 )
1761 1642 1885 1670 contine
1895 1649 1923 1671 te
1933 1642 1966 1671 in
1976 1643 2034 1672 tuis
2042 1644 2186 1682 perenni-

1226 1682 1281 1712 bus
1292 1681 1408 1715 studiis,
1419 1681 1454 1711 &
1464 1680 1548 1712 effice
1560 1681 1590 1712 id
1600 1701 1609 1716 ,
1623 1682 1704 1723 quod
1711 1683 1774 1722 jam
1784 1682 2007 1723 propemodum
2017 1704 2026 1718 ,
2037 1685 2087 1714 vel
2095 1684 2185 1724 plane

1225 1726 1324 1764 potius
1343 1722 1480 1754 effeceras
1490 1744 1498 1758 ‚
1520 1732 1553 1754 ut
1570 1731 1598 1754 te
1610 1725 1714 1764 eripias
1724 1734 1763 1754 ex
1773 1734 1806 1754 ea
1815 1745 1823 1758 ,
1844 1735 1935 1766 quarn
1945 1735 2001 1765 ego
2011 1724 2141 1766 congeffi
2151 1728 2186 1757 in

1226 1768 1307 1796 hunc
1325 1766 1497 1796 sermonem
1509 1785 1518 1800 ,
1540 1765 1624 1796 turba
1641 1774 1848 1806 patronorum.
1877 1769 1945 1797 Nec
1955 1769 2039 1797 enirn
2050 1767 2134 1798 decet
2144 1776 2185 1802 te,

1226 1817 1366 1838 ornatum
1376 1808 1534 1838 uberrimis
1545 1807 1655 1839 artibus
1665 1827 1673 1842 ,
1691 1817 1763 1849 quas
1779 1806 1852 1838 cum
1870 1807 1966 1839 domo
1984 1810 2101 1840 haurire
2120 1820 2186 1840 non

1225 1848 1321 1890 poffes
1332 1870 1340 1884 ,
1353 1848 1520 1880 arceffivisti
1530 1859 1570 1879 ex
1583 1849 1655 1879 urbe
1665 1860 1698 1880 ea
1709 1869 1717 1882 ,
1730 1860 1794 1890 quae
1806 1849 1902 1879 domm
1914 1849 1956 1880 est
1965 1851 2080 1891 semper
2088 1852 2187 1883 habita

1226 1891 1371 1922 d0&1·inae
1381 1911 1390 1926 ,
1411 1893 1561 1921 numerari
1579 1893 1614 1921 in
1632 1892 1725 1933 vulgo
1741 1900 1949 1931 patronorum.
1982 1895 2064 1923 Nam
2074 1893 2147 1934 quid
2157 1902 2188 1924 te

1225 1936 1359 1964 exercuit
1378 1936 1556 1964 Pammenes
1567 1953 1576 1967 ,
1598 1934 1645 1963 vir
1662 1933 1753 1974 longe
1772 1932 2031 1974 eloquentissimus
2043 1937 2189 1966 Graeciae?

1225 1976 1298 2017 quid
1308 1976 1360 2006 illa
1369 1984 1453 2006 vetus
1464 1975 1626 2006 Academia
1636 1995 1645 2009 ,
1656 1983 1742 2015 atque
1754 1976 1817 2015 ejus
1827 1976 1911 2005 heres
1921 1975 2035 2007 Aristus
2047 1997 2056 2010 ‚
2068 1978 2187 2018 hospes,

1227 2021 1261 2048 ὅε
1278 2017 1435 2047 familiaris
1453 2027 1557 2051 meus,
1578 2015 1724 2058 siquidem
1735 2015 1847 2047 similes
1857 2018 1981 2057 majoris
1989 2020 2078 2059 partis
2088 2029 2188 2050 orato-

1226 2070 1295 2090 rum
1304 2059 1398 2090 futuri
1408 2059 1426 2090 s
1424 2069 1512 2089 umus
1523 2062 1534 2088 ?
1556 2069 1660 2089 nonne
1670 2061 1834 2093 cernimus,
1846 2061 1901 2089 vix
1916 2059 2049 2100 3s1'ngulis
2057 2059 2190 2090 maribus

1226 2102 1316 2132 binos
1335 2110 1466 2131 oratores
1484 2101 1658 2131 laudabileis
1674 2099 1836 2130 constitifle
1849 2102 1859 2129 ?
1887 2101 1980 2131 Galba
1988 2100 2046 2131 fuit
2056 2103 2133 2132 inter
2144 2111 2188 2134 tot

1227 2144 1365 2183 aequaleis
1383 2152 1461 2172 unus
1477 2142 1628 2171 excellens
1639 2161 1648 2174 ,
1668 2140 1996 2181 cui(quemadmodum
2005 2145 2188 2184 accepimus)

1229 2185 1262 2214 &
1281 2187 1354 2214 Cato
1371 2183 1492 2213 cedebat
1502 2183 1619 2215 senior,
1640 2183 1673 2212 &
1683 2185 1735 2222 qui
1744 2183 1932 2223 temporibus
1943 2185 2004 2214 illis
2014 2194 2098 2216 aetate
2106 2185 2186 2216 infe-

1227 2227 1319 2255 riores
1328 2224 1451 2254 fuerunt
1461 2244 1469 2258 ,
1481 2224 1612 2264 Lepidus
1621 2223 1722 2263 postea
1732 2244 1740 2258 ,
1752 2224 1862 2254 deinde
1874 2225 1978 2255 Carbo.
2002 2229 2084 2257 Nam
2096 2229 2187 2258 Grac-

1228 2268 1277 2296 chi
1287 2268 1321 2296 in
1331 2266 1531 2296 concionibus
1541 2266 1640 2295 multo
1650 2264 1784 2296 faciliore
1795 2286 1804 2300 ,
1824 2267 1857 2296 &
1872 2267 2013 2297 liberiore
2021 2279 2128 2310 genere
2138 2269 2187 2300 di-

1228 2308 1316 2338 cendi
1329 2318 1334 2336 z
1357 2317 1487 2348 quorum
1506 2316 1606 2337 tamen
1616 2307 1750 2346 ipsorum
1761 2308 1796 2338 ad
1806 2317 1923 2338 aetatem
1933 2309 1995 2339 laus
2006 2312 2186 2351 eloquentiae

1228 2349 1356 2389 perfecta
1365 2349 1505 2378 nondum
1514 2347 1581 2378 fuit.
1610 2351 1761 2380 Antonius
1772 2370 1780 2384 ,
1793 2348 1907 2380 Crass'us
1915 2370 1924 2385 ‚
1935 2351 2002 2392 post
2012 2355 2107 2386 Cotta,
2118 2347 2188 2383 sul-

1229 2393 1336 2431 picius,
1349 2389 1536 2424 Hortensius,
1553 2391 1631 2421 nihil
1642 2389 1710 2421 dico
1720 2392 1865 2432 amplius:
1877 2401 1993 2422 tantum
2004 2394 2083 2428 dico,
2095 2392 2116 2424 fi
2125 2396 2188 2424 mi-

1230 2434 1262 2462 hi
1273 2431 1420 2463 accidifi'et
1430 2452 1438 2465 ‚
1461 2441 1493 2463 ut
1502 2441 1674 2463 numerarer
1682 2435 1715 2463 in
1725 2434 1830 2463 multis
1840 2453 1849 2468 ‚
1870 2432 1886 2447 ³*
1896 2432 1918 2464 fi
1929 2437 2049 2475 operosa
2059 2434 2102 2467 est
2112 2446 2188 2468 con-

1230 2475 1356 2505 cursatio
1366 2476 1462 2515 magis
1472 2483 1725 2517 opportunorum.
1735 2474 1751 2489 ’Β
1762 2474 1778 2489 '²‘
2023 2519 2073 2566 T

1898 2554 1900 2556 -
1923 2520 1991 2565 M.
2086 2537 2119 2566 u
2132 2537 2187 2566 L-

234 2593 1534 2614 W

267 2666 290 2684 ι.
311 2657 385 2688 94⁶st
391 2653 512 2689 quadrigis
521 2652 666 2685 vehentem]
688 2649 833 2676 Lambinus
845 2645 939 2674 maluit
948 2646 1067 2669 volantem
1079 2661 1087 2675 ‚
1106 2651 1185 2679 quem

225 2692 284 2724 iure
295 2689 463 2728 reprehendit
473 2688 611 2714 Rubenius
623 2688 699 2713 liba.
711 2686 865 2712 Eleetorum
879 2692 934 2718 cap.
943 2688 971 2713 4.

264 2738 292 2754 2.
312 2731 356 2753 hic
367 2737 400 2752 me
409 2727 468 2752 dolor
478 2727 572 2757 tangit,
590 2726 634 2749 hx:
651 2731 685 2748 me
702 2731 762 2747 cura
773 2719 910 2755 follit-itan]
931 2715 1066 2756 Corradus
1078 2714 1189 2755 corrigit

230 2768 304 2799 angit.
325 2772 403 2800 quem
421 2761 523 2789 &cutus
542 2760 577 2788 est
588 2758 747 2795 Lambinus.
770 2751 1056 2786 sedsiauscultabnnus
1068 2750 1189 2779 Palatino
1210 2772 1211 2785 2

1227 2649 1283 2668 tota
1293 2651 1323 2668 ea
1335 2651 1386 2667 vox
1397 2640 1543 2674 abjicienda
1555 2642 1654 2668 veniet.

1266 2686 1292 2713 3.
1311 2679 1411 2711 Singulis
1420 2679 1529 2703 atatibm
1538 2679 1680 2714 corz-slinffi]
1702 2678 1849 2705 Inclinabat
1859 2677 1956 2703 Rivius
1967 2677 1992 2703 in
2003 2675 2129 2709 exstifflfi,
2147 2673 2185 2701 ita

1225 2721 1314 2740 tamen
1325 2721 1354 2740 ut
1366 2724 1417 2739 non
1430 2713 1585 2739 sollicitaret
1598 2714 1743 2749 vulgatam,
1760 2713 1802 2741 sed
1813 2713 1840 2742 id
1850 2713 1954 2752 prorius
1964 2713 2065 2749 recepit
2073 2710 2185 2739 Lambi-

1231 2759 1278 2778 nus
1292 2769 1300 2783 ,
1311 2757 1403 2778 contra
1413 2750 1495 2777 libros
1506 2749 1590 2778 editos
1602 2749 1773 2789 scriptosque.
2113 2759 2115 2761 ·

2088 3052 2186 3078 &Nam

1379 1054 1436 1085 Sed
1448 1056 1481 1084 in
1491 1063 1519 1084 te
1531 1057 1653 1084 intuens
1665 1075 1673 1087 ‚
1693 1056 1781 1085 Brute
1791 1074 1800 1089 ‚
1815 1054 1906 1084 doleo
1918 1067 1926 1088 3
1946 1056 2031 1094 cujus
2042 1058 2075 1085 in
2084 1055 2186 1085 adole·
2200 1057 2223 1090 9
2231 1059 2249 1093 7
