2337 3400
174 133 265 200 588
569 130 634 178 M.
720 127 1084 175 TULer

175 217 240 247 dies
256 219 298 246 M.
311 216 425 246 Antoni
438 212 514 243 fuit?
532 221 712 254 quamquam
725 213 803 242 mihi
814 212 911 243 subito
923 213 1066 243 inimicus
1077 220 1130 242 ex-

127 256 165 288 :6
180 258 277 290 stitisti
291 278 298 290 ‚
313 265 413 286 tamen
424 265 473 284 me
484 256 526 285 tui
539 255 656 284 miseret
668 274 676 286 ,
691 253 772 294 qubd
786 255 841 284 tibi
854 254 1005 284 invideris.
1029 256 1133 294 Qtu

129 294 135 297 ’
180 302 242 333 vir,
266 298 307 328 dii
320 297 506 326 immortales
516 317 523 329 ‚
539 297 571 326 ὃς
582 305 708 336 quantus
717 294 819 326 fuiss'es
829 316 838 329 ‚
854 295 873 325 si
884 297 965 326 illius
976 296 1037 326 diei
1047 306 1135 326 men-

179 352 239 373 tem
260 341 370 369 servare
388 336 548 378 potuisses!
568 347 670 378 pacem
682 338 860 368 haberemus
872 358 880 370 ,
902 348 968 378 qua:
985 347 1044 368 erat
1061 337 1137 368 frusta

180 393 231 423 pei·
241 379 373 411 obsidem
384 389 523 420 puerum,
536 379 684 413 nobilem,
696 382 870 410 M.Antonii
881 379 990 414 filium,
1001 381 1136 410 M.B:rn-

182 424 312 454 balionis
322 432 474 461 nepotem.
485 431 666 462 quamquam
676 431 704 451 te
714 421 830 451 bonum
842 423 926 451 rimor
934 421 1134 456 faciebatmon

183 466 342 496 diuturnus
353 463 488 505 magister
497 462 608 493 officii:
627 463 802 503 improbum
814 463 886 493 fecit
894 473 926 494 ea
937 483 944 497 ‚
959 473 1024 505 quae
1035 484 1043 498 ,
1060 464 1132 494 dum

184 509 278 537 timor
291 505 389 538 abest,
409 508 425 535 ἐι
444 514 472 535 te
490 515 554 535 non
571 504 713 538 discedit,
734 505 860 535 audacia.
886 504 943 536 Etfi
959 515 1023 536 tum
1038 527 1046 539 ,
1066 515 1135 536 cum

182 550 336 588 optimum
358 556 384 576 te
404 548 546 587 putabant
556 568 564 580 ,
586 557 635 576 ine
649 546 773 587 quidem
787 545 976 577 dissentiente
990 568 998 581 ,
1019 551 1028 567 ¹
1041 547 1138 578 funeri

182 592 300 630 tyranni
322 589 403 619 illius
421 587 633 619 sceleratissimi
653 588 805 628 praefuisti.
828 597 876 619 tua
887 590 937 619 illa
947 590 1069 629 pulchra
1078 589 1139 620 lau-

183 633 265 662 datio
278 652 285 664 ,
303 641 350 661 tua
362 631 511 661 miseratio
523 652 531 664 ,
551 632 784 660 tuacobortatio.
809 640 840 661 tu
852 651 859 664 ‚
877 640 907 661 tu
919 632 982 661 illas
993 630 1082 661 faceis
1093 633 1141 660 in-

183 673 309 704 cendisti
322 694 331 706 ‚
345 674 376 701 &
388 682 434 702 cas
445 693 453 705 ,
466 673 575 714 quibus
588 672 807 702 semiustulatus
818 673 868 702 ille
878 672 920 703 est
931 693 940 706 ,
953 673 984 703 δε
996 684 1041 703 eas
1053 693 1060 707 ,
1073 674 1141 713 qui-

182 715 241 746 bus
252 715 369 745 incenfir
390 717 423 745 L.
440 715 566 744 Bellieni
579 714 687 744 domus
700 713 881 756 deflagravit.
905 724 935 744 tu
955 715 1024 744 illos
1043 716 1141 754 impe-

185 766 232 788 tus
241 757 427 797 perditorum
439 757 602 786 hominum
614 777 622 789 ,
635 756 666 785 δε
678 776 686 789 ,
697 766 734 786 ex
747 758 880 786 maxima
890 758 1141 796 parteffirvorum,

184 809 261 843 quos
272 808 328 828 nos
339 800 389 831 vi,
402 808 551 839 manuque
561 799 737 837 repulimus,
750 800 780 827 in
794 798 906 828 nostras
917 798 1026 828 domos
1037 799 1143 828 immi—

185 839 255 870 listi.
280 839 361 870 idem
372 850 472 870 tamen
484 860 492 873 ‚
511 838 587 881 quasi
598 839 724 880 fuligine
738 839 860 869 abstersa
871 859 879 871 ,
900 840 1024 880 reliquis
1038 840 1143 869 diebus

183 885 217 912 in
228 882 377 922 Capitolio
390 882 524 922 praeclara
533 884 562 912 S.
575 884 607 911 C.
621 880 716 910 fecisti
727 901 735 914 ,
758 891 852 922 nequa
867 882 932 920 post
943 883 1013 911 Idus
1024 883 1144 911 Martias

187 925 393 954 immunitatis
411 924 509 954 tabula
519 944 526 957 ‚
549 933 626 952 neve
644 923 817 963 cujusquam
838 921 976 953 beneficii
996 922 1142 965 figeretur.

187 965 358 996 meministi
369 967 441 1006 ipsc,
453 965 488 995 de
500 965 669 994 exsulibus:
683 964 737 994 seis
746 984 754 998 ,
766 964 802 993 de
812 966 1004 996 immunitate
1013 965 1087 1006 quid
1098 964 1145 994 di-

185 1009 276 1039 xeris.
288 1010 439 1048 optimum
450 1006 533 1039 verb,
544 1005 625 1046 qubd
636 1005 787 1036 dietaturae
799 1015 912 1036 nornen
925 1009 957 1037 in
967 1016 1144 1047 perpetuum

187 1050 224 1080 de
235 1059 294 1090 rep.
305 1048 518 1089 sustulistiquo
530 1047 653 1088 quidem
666 1046 744 1077 faeto
756 1056 872 1078 tanturn
883 1058 909 1078 te
918 1048 1025 1088 cepiss‘e
1037 1048 1143 1079 odium

186 1094 272 1133 regni
286 1091 457 1123 videbatur,
478 1099 510 1119 ut
526 1098 590 1128 ejus
607 1098 733 1119 omnem
746 1109 753 1122 ,
775 1093 1085 1130 propter-proximum
1098 1089 1144 1119 di-

187 1132 332 1163 &atorem
346 1153 353 1165 ‚
369 1132 488 1162 tolleres
501 1137 617 1160 metum.
643 1130 895 1172 Constitutarcsp.
907 1132 1062 1163 videbatur
1069 1132 1146 1164 aliis,

189 1176 269 1205 mihi
279 1173 351 1204 verb
363 1174 448 1203 nullo
459 1173 553 1202 modo
563 1193 570 1206 ,
581 1174 633 1212 qui
645 1175 749 1203 omnia
759 1193 766 1207 ‚
780 1183 806 1203 te
816 1174 999 1214 gubernarit:
1010 1194 1017 1207 ,
1031 1172 1148 1203 naufra·

191 1219 238 1258 gia
249 1215 431 1246 metuebam.
444 1218 529 1245 Num
546 1224 596 1243 me
608 1217 697 1255 igitur
706 1214 879 1245 fefellit?aut
892 1226 966 1245 num
978 1215 1092 1244 diutius
1104 1215 1148 1244 sui

187 1260 286 1298 potuit
294 1256 353 1287 effe
363 1256 534 1287 diffimilis?
550 1256 785 1296 insprftantibus
796 1257 883 1286 vobis
895 1278 903 1290 ‚
920 1266 984 1287 toro
996 1256 1148 1296 Capitolio

191 1299 298 1331 tabulae
319 1297 502 1338 figebantur:
522 1308 619 1339 neque
631 1297 730 1328 solum
741 1297 861 1339 singulis
872 1298 1151 1328 veniebantimmu-

189 1343 314 1374 mirarer,
336 1341 384 1371 sed
404 1343 495 1371 etiam
513 1339 634 1380 populis
653 1339 807 1370 universis.
830 1342 934 1370 civitas
946 1341 1078 1379 nonjam
1090 1338 1149 1369 sin-

186 1385 327 1425 gillatim,
340 1383 386 1413 sed
395 1383 560 1423 provinciis
571 1384 641 1412 totis
651 1381 780 1412 dabatur.
793 1385 896 1423 Itaque
909 1381 928 1412 si
939 1383 1000 1412 haec
1010 1390 1146 1415 manent,

187 1435 253 1466 quae
265 1425 356 1455 stante
367 1425 520 1465 republica
531 1434 651 1454 manere
662 1434 725 1454 non
737 1423 859 1464 poffunt
871 1445 878 1457 .
899 1426 1069 1464 provincias
1081 1425 1150 1453 uni-

186 1468 282 1497 versas
295 1488 303 1501 ,
315 1469 383 1497 P.C.
395 1466 565 1507 perdidistis
578 1476 691 1507 :neque
701 1465 857 1507 veciigalia
867 1465 967 1496 solum
979 1487 987 1500 ‚
1000 1465 1048 1496 sed
1060 1467 1149 1495 etiam

189 1511 353 1549 imperium
372 1510 479 1553 populi
489 1511 582 1539 Rom.
595 1509 685 1549 hujus
702 1507 877 1538 domesticis
891 1508 1039 1538 nundinis
1051 1507 1151 1537 demi—

126 1557 139 1588 3
153 1557 168 1590 7
188 1560 299 1582 nutum
309 1550 362 1581 est.
407 1551 470 1581 Ubi
486 1549 529 1580 est
547 1550 653 1589 septies
669 1550 781 1579 millies
792 1548 977 1583 sestertium,
997 1553 1012 1569 ²
1023 1549 1105 1590 quod
1115 1551 1149 1579 in

189 1593 297 1624 tabulis
307 1613 314 1627 ‚
335 1602 400 1634 quae
415 1591 525 1622 suntad
535 1593 609 1631 Opis
621 1611 629 1624 ‚
642 1591 780 1631 patebat?
797 1590 921 1621 funestae
931 1592 1013 1621 illius
1023 1590 1148 1632 quidem

188 1637 334 1675 pecuum,
347 1634 395 1664 sed
405 1643 524 1666 tamen,
539 1632 561 1662 si
576 1635 611 1662 iis
621 1652 629 1666 ,
641 1642 771 1673 quorum
783 1641 858 1666 erat,
870 1643 935 1664 non
945 1633 1147 1665 redderentur,

188 1686 256 1718 quae
266 1686 321 1706 nos
331 1677 345 1706 ii
361 1674 474 1705 tributis
483 1673 579 1715 poffet
588 1675 748 1704 vindicare.
772 1677 822 1705 Tu
835 1683 935 1705 autem
950 1675 1150 1716 quadringen-

189 1721 246 1748 ties
259 1727 311 1747 11-s
325 1717 407 1758 quod
424 1717 524 1747 idibus
536 1718 651 1747 Martiis
671 1713 799 1746 debuisti
810 1737 818 1750 ,
833 1727 966 1757 quonam
979 1716 1073 1747 modo
1083 1724 1150 1747 ante

189 1759 339 1790 Kalendas
349 1759 442 1799 April.
454 1759 561 1789 debere
576 1761 588 1786 3
598 1757 708 1788 desiisti
719 1761 731 1787 ἓ
745 1761 818 1789 Sunt
828 1769 860 1789 ea
869 1758 994 1799 quidem
1006 1760 1150 1788 innume-

186 1802 310 1835 rabilia,
332 1811 397 1842 quae
414 1800 430 1831 a
447 1798 570 1831 diversis
583 1799 776 1834 emebantur,
798 1810 861 1830 non
876 1801 1019 1831 insciente
1035 1809 1079 1830 te:
1100 1799 1148 1830 sed

187 1853 284 1874 unum
293 1844 447 1884 egregium
457 1841 493 1872 de
501 1851 567 1883 rege
577 1843 850 1881 Dejotaro,populo
858 1840 1149 1875 Rom.amiciffimo,

190 1885 342 1915 decretum
354 1887 387 1914 in
401 1884 551 1923 Capitolio
561 1881 672 1913 fixum.
682 1893 743 1924 quo
753 1883 902 1924 proposito
914 1894 1006 1913 nemo
1016 1892 1087 1916 erat,
1099 1885 1151 1924 qui

191 1927 300 1967 inipso
311 1926 415 1956 dolore
427 1928 451 1954 rt'
466 1936 515 1954 mn
525 1924 619 1966 posset
627 1927 791 1955 continere.
816 1927 892 1967 Qis
909 1927 992 1955 enim
1009 1927 1151 1965 cuiquam

187 1969 356 2002 inimicior,
366 1966 458 2009 quam
469 1969 613 2003 Deiotaro
623 1967 716 1997 Caesar
727 1970 738 1996 ?
750 1967 848 2008 aeque,
858 1977 945 2008 atque
956 1968 1027 1997 huic
1037 1967 1152 2000 ordini,

189 2020 224 2041 nt
232 2009 359 2052 equestri
370 2030 379 2043 ,
398 2019 432 2040 ut
441 2007 671 2040 Massiliensibus
682 2029 691 2042 ‚
711 2017 743 2038 ut
753 2009 899 2039 omnibus
909 2029 918 2043 ,
936 2009 1046 2050 quibus
1057 2018 1151 2048 remp.

187 2053 401 2093 populiRom.
419 2062 516 2082 caram
537 2050 594 2081 efl'e
616 2051 770 2081 sentiebat.
794 2054 822 2081 Is
833 2052 943 2092 igitur,
967 2051 1054 2092 aquo
1067 2053 1152 2084 vivo,

191 2105 246 2125 nec
255 2094 382 2134 praesens
392 2114 401 2128 ,
423 2104 479 2124 nec
495 2093 599 2125 absens
611 2093 775 2134 quidquam
788 2096 865 2134 avqui
879 2093 953 2123 boni
969 2094 1150 2133 impetravit,

189 2137 267 2176 apud
287 2145 445 2166 mortuum
463 2134 582 2165 asianus
603 2135 644 2165 est
663 2136 815 2175 gratiosus.
839 2135 1031 2175 compellarat
1052 2135 1153 2174 hospi-

191 2187 254 2208 tem
264 2178 407 2218 praesens:
427 2186 629 2217 computarat,
650 2178 809 2216 pecuniam
825 2179 1000 2217 imperarat,
1022 2179 1077 2206 fin
1090 2187 1153 2210 eius

191 2220 378 2250 tetrarchiam
396 2229 433 2249 ex
456 2221 566 2249 Grecis
584 2219 749 2248 comitibus
771 2220 828 2249 suis
846 2220 1021 2249 collocarat:
1045 2222 1154 2248 Arme-

191 2264 275 2292 niam
287 2260 443 2291 abstulerat
456 2260 472 2291 ὁ.
486 2262 586 2291 senatu
596 2260 704 2291 datam.
728 2261 790 2290 haec
809 2263 896 2290 vivus
909 2263 1034 2301 eripuit,
1056 2260 1154 2290 reddi-

192 2303 237 2333 dit
254 2312 401 2333 mortuus.
426 2306 464 2333 At
484 2303 594 2342 quibus
606 2302 726 2334 verbis?
745 2301 840 2331 modi>
858 2312 966 2342 ‚equum
980 2301 1036 2343 fibi
1046 2302 1152 2336 videri,

192 2343 289 2375 morib
307 2355 359 2374 non
378 2345 520 2385 iniqui-im.
566 2345 643 2373 mira
659 2343 821 2373 verborum
838 2344 1025 2382 complexio.
1056 2353 1085 2373 at
1104 2344 1154 2373 ille

192 2396 349 2428 nunquam
362 2385 493 2427 (semper
508 2387 592 2415 enim
603 2385 718 2415 absenti
731 2383 804 2414 affui
816 2385 974 2423 Deiotaro)
992 2386 1153 2425 quicquam

190 2429 246 2458 fibi
256 2449 264 2462 ,
276 2427 355 2469 quod
368 2437 423 2458 nos
434 2438 489 2468 pro
499 2427 554 2457 illo
563 2426 781 2467 postularemus
794 2447 802 2460 ,
822 2436 943 2468 aequum
955 2427 1034 2456 dixit
1047 2427 1151 2456 videri.

193 2471 362 2511 syngrapha
374 2479 426 2500 irs
438 2471 549 2500 centies
561 2479 611 2509 per
621 2469 731 2509 legatos
744 2488 751 2502 ‚
772 2470 854 2499 viros
871 2469 968 2498 bonos
982 2489 989 2503 ,
1009 2468 1058 2498 sed
1070 2470 1155 2497 timi·-

194 2512 249 2541 dos
260 2532 268 2545 ‚
283 2513 314 2542 &
324 2513 481 2552 imperitos
491 2532 500 2545 ,
520 2509 535 2531 ⁶
543 2510 604 2541 sine
613 2512 716 2544 Sexti,
728 2509 789 2540 sine
798 2511 983 2551 reliquorum
1000 2511 1153 2550 hospitum

194 2556 270 2595 regis
281 2554 444 2587 sententia,
465 2552 539 2583 facia
558 2554 586 2582 in
597 2562 717 2594 gynaecco
729 2563 740 2579 .·
757 2563 818 2593 quo
833 2553 866 2582 in
878 2553 946 2582 loco
959 2553 1099 2593 plurima:
1110 2561 1155 2581 res

194 2597 334 2629 veniere,
352 2596 385 2626 &
403 2604 545 2625 veneunt.
569 2605 628 2636 qua
644 2604 683 2624 ex
701 2595 862 2635 syngrapha
878 2594 951 2635 quid
968 2593 1005 2623 sis
1023 2593 1151 2627 εξὶυτιις,

192 2636 338 2667 meditere
348 2638 465 2668 censeo.
487 2640 556 2668 Rex
574 2638 657 2667 enim
673 2637 734 2677 ipse
745 2637 795 2667 sua
811 2636 913 2677 sponte
925 2656 934 2671 ,
955 2636 1048 2667 nullis
1069 2646 1155 2667 com-
1171 2641 1174 2652 s

211 2781 225 2786 ,‚
236 2755 256 2773 1.
276 2750 364 2771 mef
381 2752 474 2785 {fraxini
493 2751 557 2775 iliim
572 2751 739 2784 ftelei'atsſji‘mi
754 2750 893 2783 praefuisti]
916 2750 958 2775 Sic
977 2749 1034 2775 mff.
1056 2751 1152 2775 Ferra-

195 2789 228 2808 rii
241 2801 248 2813 ‚
269 2791 353 2818 neque
373 2784 443 2809 icens
463 2785 554 2811 nostri.
576 2786 684 2821 vulgata
696 2805 704 2816 ,
722 2787 892 2819 scelerariffimi·
904 2804 912 2817 ,
933 2793 962 2811 ut
983 2795 1033 2811 non
1054 2785 1153 2810 refera-

195 2824 240 2852 ‚tur
259 2817 289 2843 ,πὶ
303 2820 460 2845 [imminui.
481 2829 507 2846 at
529 2822 672 2848 Lambinus
691 2822 804 2857 amplius
824 2821 901 2847 hibet
915 2841 921 2851 ,
935 2823 1021 2854 ⁴(iaici)
1038 2824 1153 2854 quanm,

191 2855 278 2915 {illud
289 2855 367 2887 fimm
378 2856 429 2888 fiii-'r
442 2856 634 2890 ‚fiei'crirr.[fflsni:.
655 2857 671 2883 si
682 2860 696 2883 e
709 2857 782 2884 libris
797 2859 890 2884 Falerni
902 2864 947 2883 aut
958 2856 1058 2883 Mureti
1071 2866 1078 2887 3
1090 2867 1152 2893 pro-

216 2900 242 2916 o.

232 2935 261 2951 2.
280 2926 378 2958 Qodin
389 2928 474 2951 salusti
484 2937 532 2960 φα
543 2929 602 2960 fiant
612 2929 646 2954 aas
661 2929 713 2961 Opis
725 2928 847 2962 patebat]
869 2929 909 2954 Ita
920 2928 1062 2964 legendum
1074 2935 1152 2964 puta-

164 2973 167 2977 v
193 2961 238 2987 init
250 2961 360 2988 [iniimus
372 2961 418 2988 lib.
430 2971 470 2987 iv.
482 2962 513 2988 de
527 2963 596 2989 Asse.
616 2967 677 2990 curn
689 2965 761 3000 prius
771 2965 1092 3001 publicareturpetebatur.
1104 2975 1150 2990 ne-

195 3007 246 3032 que
256 2997 333 3024 aliter
345 2997 411 3024 Pan.
423 2998 513 3023 nostri.
532 3007 557 3024 at
572 3000 713 3027 Lambinus
724 3008 750 3027 at
761 3001 898 3028 Manutius
909 3000 1016 3027 edidere
1028 3021 1036 3033 ,
1047 3001 1108 3036 quon*
1117 3003 1151 3027 1:2⁴?

195 3037 221 3060 in
235 3034 320 3059 tabulis
335 3042 384 3067 (μοι
395 3034 454 3066 fimf
463 3034 495 3058 aii
504 3036 553 3067 opii
567 3040 575 3054 '³

232 3078 260 3105 3.
280 3071 386 3103 Dqfitsti?
405 3073 464 3094 Sum
483 3079 510 3094 ea
523 3089 530 3101 ,
549 3071 614 3104 dees]
638 3072 844 3107 Viilgat1ile&io
856 3091 864 3105 ‚
885 3074 986 3107 difiisti?
1003 3073 1069 3105 Qid
1085 3082 1121 3106 ego
1130 3073 1156 3098 de

194 3106 365 3132 comment-ariis
375 3106 487 3139 infinfris,
498 3108 539 3139 qui
548 3107 555 3129 i
565 3107 589 3129 dc
600 3110 811 3134 imzsemcralzilibm
820 3110 975 3142 chirqgraphis
984 3111 1067 3143 loquar
1078 3113 1086 3135 ἓ
1097 3113 1158 3134 Sum

194 3142 286 3173 caffikc.
307 3141 406 3167 Verum
418 3149 447 3167 ea
458 3141 506 3166 hue
517 3151 567 3167 non
581 3141 690 3173 faciunt,
703 3153 786 3179 neque
797 3146 984 3181 comparentur
997 3144 1088 3173 multis
1099 3144 1157 3172 mss'.

189 3176 272 3212 ‚imeri
279 3176 338 3204 esta.
346 3178 411 3205 vero
422 3175 482 3204 sunt
493 3186 525 3205 ex
538 3178 623 3213 capite
633 3178 703 3207 infr-‚i
713 3180 758 3215 38.
769 3180 823 3216 ipso
833 3181 973 3217 principio.

1165 124 1708 178 C'1cssnours

1183 213 1337 244 mentariis
1350 212 1467 242 Caesaris
1480 233 1488 248 ,
1508 213 1683 256 simulatque
1693 215 1808 245 audivit
1817 213 1879 254 ejus
1891 213 2044 244 interitum
2056 235 2064 250 ,
2081 215 2134 246 suo

1183 257 1278 285 Marte
1287 264 1330 284 res
1343 255 1404 284 suas
1415 258 1606 296 recuperavit.
1629 258 1744 287 Sciebat
1754 258 1847 286 homo
1859 256 1982 296 sapiens,
1996 256 2046 295 jus
2056 258 2136 287 sem-

1181 307 1232 337 per
1245 298 1299 326 boc
1311 294 1408 329 fuisse,
1421 306 1453 325 ut
1463 317 1471 330 ,
1485 308 1542 339 que.
1552 297 1841 338 tyrannicripuiss'ent
1852 319 1859 331 ‚
1872 309 1903 328 ea
1916 319 1924 331 2
1945 300 2075 337 tyrannis
2086 301 2136 328 in-

1182 337 1323 371 terfectis,
1336 340 1355 367 ii
1368 358 1376 371 ,
1388 338 1496 378 quibus
1507 349 1603 378 erepta
1613 339 1715 373 essent,
1727 349 1937 380 recuperarent.
1962 341 2065 369 Nemo
2077 342 2135 381 igi-

1183 380 1459 420 tui-jureconsultus
1470 400 1477 414 ,
1491 391 1527 410 rie
1538 381 1589 410 iste
1599 382 1722 422 quidem
1734 403 1742 416 ‚
1755 384 1804 422 qui
1815 383 1868 411 tibi
1882 384 1933 412 uni
1945 381 1985 413 est
1996 383 2136 419 jurecon-

1183 423 1275 452 sultus
1286 442 1293 455 ‚
1308 431 1458 462 perquem
1469 423 1601 462 haecagis
1612 442 1620 456 ,
1640 433 1678 452 ex
1695 423 1746 454 ista
1764 425 1924 465 syngrapha
1943 424 2043 453 deberi
2062 423 2135 454 dicit

1182 473 1235 504 pro
1246 466 1282 492 iis
1292 464 1390 496 rebus,
1405 473 1470 503 qua:
1485 473 1568 494 erant
1582 474 1648 495 ante
1659 465 1851 505 syngrapham
1862 475 2046 505 recuperatae.
2070 474 2136 495 non

1183 507 1267 535 enim
1288 506 1303 534 a
1314 514 1341 534 tc
1361 515 1453 536 emit:
1479 505 1526 536 sed
1538 508 1619 546 prius
1628 526 1635 540 ,
1657 517 1747 547 quam
1767 516 1797 536 tu
1810 508 1896 537 suum
1915 506 1967 537 sibi
1979 507 2134 540 venderes,

1185 548 1242 587 ipse
1255 546 1390 587 posti-dit.
1415 547 1469 576 Ille
1480 549 1526 577 vir
1538 547 1610 577 fuit:
1635 558 1689 577 nos
1699 549 1821 588 quidem
1831 549 2072 582 contemnendi,
2083 550 2138 589 qui

1183 587 1324 618 austorcm
1333 589 1438 618 odimus
1447 609 1455 623 ‚
1475 589 1540 618 affra
1551 589 1731 628 defhndimus.
1756 590 1834 627 Quid
1850 600 1920 630 ergo
1931 590 1966 620 de
1975 600 2136 620 commen·

1186 633 1266 661 tariis
1284 630 1428 664 infinitis,
1447 631 1520 672 quid
1539 631 1575 661 de
1589 632 1859 660 innumerabilibus
1876 633 2077 672 chirographis
2092 633 2139 662 lo-

1186 675 1278 714 quar?
1299 683 1430 714 quorum
1441 676 1529 704 etiam
1542 675 1706 702 imitatores
1716 673 1793 705 sunt,
1804 675 1856 713 qui
1868 683 1899 702 ea
1909 694 1916 705 ,
1928 682 2067 713 tanquam
2077 674 2140 716 gla-

1186 716 1341 745 diatorum
1358 715 1478 744 libellos
1490 736 1498 748 ,
1521 715 1619 754 palam
1639 714 1808 744 venditent.
1832 717 1932 755 Iraque
1947 717 2021 744 tanti
2040 717 2140 746 acervi

1188 766 1390 786 nummorum
1400 756 1476 796 apud
1497 756 1585 786 istum
1597 755 1827 789 construuntur,
1850 765 1882 785 ut
1896 757 1958 795 jam
1972 756 2142 796 appendan-

1189 808 1236 829 tur
1246 818 1254 831 ,
1276 808 1341 828 non
1351 806 1528 828 numerentur
1537 801 1682 839 pecuniae.
1707 798 1844 838 Atquiim
1857 808 1922 826 ciera
1935 805 2066 826 avarum
2076 797 2118 828 est
2129 801 2140 827 3

1190 850 1285 880 nuper
1297 839 1354 870 fixa
1373 840 1470 870 tabula
1481 840 1521 870 est
1534 860 1541 874 ,
1563 850 1620 881 qua
1630 842 1764 870 civitates
1773 838 2009 879 locupletiffimae
2019 842 2143 869 Creten-

1191 880 1267 911 sium
1277 881 1474 922 vectigalibus
1484 882 1661 912 liberantur:
1674 881 1877 922 statuiturque,
1890 892 1926 911 ne
1937 881 2001 921 post
2011 883 2055 911 M.
2068 883 2145 911 Bru-

1191 932 1254 954 tum
1270 924 1491 963 proconsulem,
1507 922 1540 954 sit
1554 927 1638 954 Creta
1647 925 1812 963 provincia.
1837 927 1887 953 Tu
1898 925 2010 953 mentis
2020 933 2050 953 es
2058 933 2146 953 com-

1189 969 1267 1005 pos?
1286 975 1317 995 tu
1328 975 1391 996 non
1401 965 1651 1007 constringendus
1660 974 1671 996 9
1681 975 1717 995 an
1728 966 1849 995 Caesaris
1858 965 1975 996 decreto
1987 968 2069 995 Creta
2079 964 2147 1004 post

1192 1010 1238 1036 M.
1251 1009 1336 1037 Bruti
1350 1006 1501 1037 decess'um
1512 1010 1611 1047 potuit
1620 1007 1748 1041 liberari,
1758 1006 1831 1036 cum
1846 1010 1930 1037 Creta
1940 1009 2017 1037 nihil
2027 1007 2061 1037 ad
2073 1009 2149 1036 Bru-

1192 1058 1256 1079 tum
1269 1068 1277 1082 ,
1294 1049 1403 1078 Caesare
1414 1050 1485 1078 vivo
1498 1051 1680 1088 pertineret?
1704 1052 1743 1078 At
1751 1050 1841 1089 hujus
1851 1049 2027 1079 venditione
2037 1049 2150 1079 decreti.

1191 1090 1242 1128 (ne
1261 1091 1338 1119 nihil
1358 1090 1459 1120 aestum
1478 1092 1599 1131 putetis)
1619 1093 1807 1130 provinciam
1829 1094 1946 1121 Cretam
1965 1090 2146 1130 perdidistis.

1191 1133 1330 1162 Omnino
1342 1141 1435 1161 nemo
1447 1132 1539 1161 ullius
1548 1134 1590 1161 rei
1603 1132 1662 1161 fuit
1672 1141 1778 1164 emtor,
1790 1135 1839 1162 cui
1849 1131 1977 1162 defuerit
1990 1134 2040 1162 hic
2049 1131 2149 1161 vendi-

1193 1181 1245 1202 tor.
1270 1176 1306 1203 Et
1317 1172 1353 1202 de
1363 1172 1516 1202 exsulibus
1526 1174 1633 1214 legem,
1645 1183 1734 1214 quam
1746 1172 1849 1206 fixisti,
1861 1174 1952 1203 Caesar
1961 1173 2051 1203 tulit?
2068 1174 2150 1202 Nul-

1192 1215 1251 1245 lius
1270 1213 1401 1244 inse&0r
1418 1214 1632 1244 calamitatem:
1659 1224 1780 1244 tantum
1794 1225 1920 1255 queror,
1942 1213 2076 1254 primum
2097 1224 2153 1245 eo-

1193 1266 1261 1286 rum
1273 1256 1385 1286 reditus
1394 1257 1569 1296 inquinatos
1579 1277 1588 1289 ,
1604 1266 1734 1298 quorum
1745 1257 1861 1286 causam
1875 1255 2048 1286 diffimilem
2060 1256 2154 1287 caesar

1190 1298 1383 1338 judicaverit:
1409 1298 1518 1328 deinde
1528 1299 1629 1328 nescio
1648 1309 1700 1329 cur
1710 1298 1834 1338 reliquis
1853 1298 1935 1328 idem
1954 1308 2018 1328 non
2030 1298 2151 1328 tribuas.

1194 1341 1384 1380 nequeenim
1398 1340 1465 1380 plus
1476 1340 1567 1381 quam
1582 1350 1639 1371 tres
1649 1361 1658 1374 ,
1669 1349 1719 1370 aut
1728 1349 1866 1381 quattuor
1875 1341 1983 1380 reliqui
1994 1341 2061 1370 sunt
2070 1360 2078 1374 ‚
2099 1340 2152 1381 qui

1194 1380 1285 1412 simili
1296 1381 1461 1412 calamitate
1479 1382 1600 1412 fuerint.
1622 1393 1675 1412 cur
1693 1391 1741 1412 tua
1756 1380 2070 1412 misericordiafimili
2087 1391 2151 1412 non

1191 1423 1356 1454 fruuntur?
1375 1434 1426 1454 cur
1437 1434 1488 1454 eos
1502 1424 1590 1454 habes
1602 1426 1635 1454 in
1648 1425 1715 1454 loco
1725 1426 1820 1464 patrui
1831 1427 1841 1449 ἓ
1863 1423 1900 1454 de
1911 1434 1970 1464 quo
1979 1424 2066 1457 ferre,
2078 1432 2152 1454 cum

1193 1466 1230 1496 de
1242 1466 1365 1506 reliquis
1375 1465 1467 1496 ferres
1477 1486 1485 1500 ,
1507 1465 1632 1496 noluisti
1644 1476 1650 1495 ε
1674 1475 1767 1507 quern
1780 1467 1871 1496 etiam
1889 1466 1924 1496 ad
1933 1466 2088 1496 censuram
2100 1475 2154 1505 pe-

1194 1507 1314 1538 tendam
1326 1507 1486 1548 impulisti,
1499 1518 1624 1549 eamque
1634 1510 1816 1548 petitionem
1829 1507 2005 1547 comparasti
2015 1527 2023 1541 ‚
2037 1517 2102 1548 quae
2117 1507 2153 1540 &
2166 1505 2168 1507 ’

1193 1550 1267 1581 risus
1277 1550 1441 1580 hominum
1454 1570 1464 1583 ‚
1476 1550 1508 1580 &
1518 1550 1650 1590 querelas
1662 1558 1809 1580 moveret.
1833 1551 1892 1579 Cur
1901 1557 2000 1579 autem
2013 1559 2044 1579 ea
2052 1550 2153 1579 comi—

1194 1593 1234 1622 tia
1245 1601 1309 1621 non
1319 1591 1469 1621 habuisti?
1490 1601 1527 1621 an
1540 1593 1608 1631 quia
1618 1591 1756 1621 tribunus
1764 1590 1861 1631 plebis
1869 1589 2019 1620 sinistrum
2030 1590 2152 1621 fulmen

1194 1632 1349 1664 nuntiabat
1359 1638 1393 1662 ?7
1401 1643 1471 1663 cum
1482 1642 1530 1663 tua
1539 1632 1612 1673 quid
1623 1632 1756 1665 interest,
1769 1632 1852 1662 nulla
1862 1632 1990 1671 auspicia
2001 1630 2068 1666 fint,
2077 1642 2150 1663 cum

1194 1683 1315 1706 tuorum
1328 1695 1336 1709 ‚
1357 1679 1422 1705 tum
1440 1673 1474 1704 sis
1487 1675 1641 1714 religiosas.
1666 1674 1770 1714 Qid?
1787 1673 1918 1703 eundem
1936 1675 1970 1703 in
1988 1674 2150 1713 septemvi-

1194 1726 1257 1747 ratu
1275 1727 1380 1747 nonne
1397 1716 1578 1747 destituisti?
1603 1718 1768 1746 intervenit
1787 1717 1880 1745 enim.
1909 1715 1982 1756 quid
1997 1715 2130 1746 metuisti
2142 1722 2154 1746 ,²

1191 1759 1279 1789 credo
1291 1779 1300 1792 ,
1319 1754 1332 1777 ⁸
1344 1768 1381 1788 ne
1394 1758 1473 1788 salvo
1489 1760 1583 1798 capite
1601 1767 1706 1799 negare
1716 1767 1781 1787 non
1791 1755 1897 1797 poss‘es.
1920 1757 2066 1786 omnibus
2081 1766 2154 1788 eum

1194 1800 1390 1830 contumeliis
1409 1798 1558 1832 onerasti,
1579 1808 1670 1839 quem
1688 1800 1776 1840 patris
1793 1798 1848 1827 loco
1866 1796 2057 1838 siullapietas
2074 1800 2107 1828 in
2127 1807 2156 1829 te

1196 1841 1270 1872 effer
1279 1862 1287 1874 ,
1312 1842 1411 1871 colere
1421 1841 1557 1871 debebas.
1582 1841 1677 1871 filiam
1687 1841 1765 1880 ejus,
1778 1841 1911 1870 sororem
1921 1849 2016 1874 tuam,
2028 1839 2153 1877 eiecisti,

1195 1884 1251 1914 alia
1269 1883 1446 1913 conditione
1464 1882 1600 1923 quaesita‚
1623 1883 1655 1913 δε
1674 1893 1740 1913 ante
1757 1880 1915 1922 perspesta.
1937 1891 2002 1912 non
2015 1881 2058 1912 est
2075 1883 2154 1912 satis.

1195 1926 1298 1966 probri
1311 1923 1486 1955 insimulasti
1496 1923 1716 1964 pudiciffrrnam
1726 1924 1892 1954 faeminam.
1910 1924 1983 1964 quid
1995 1923 2039 1954 est
2048 1944 2056 1958 ,
2068 1924 2153 1965 quod

1198 1967 1266 1998 addi
1276 1965 1381 2007 possit?
1403 1976 1564 1997 contentus
1573 1977 1610 1996 eo
1621 1976 1684 1996 non
1694 1965 1786 1996 fuisti.
1805 1964 2043 2006 frequentiffimo
2053 1966 2155 1997 senatu

1199 2009 1413 2051 Kalendisjan.
1429 2009 1548 2039 sedente
1558 2018 1661 2048 patruo
1672 2029 1680 2042 ,
1697 2010 1772 2038 hanc
1781 2007 1837 2038 tibi
1848 2006 1905 2037 ess'e
1914 2017 1984 2037 cum
1997 2007 2156 2039 Dolabella

1197 2052 1311 2082 causam
1327 2051 1390 2081 odii
1401 2051 1499 2081 dicere
1511 2051 1594 2080 ausus
1606 2061 1636 2081 es
1647 2071 1655 2084 ,
1674 2050 1757 2092 quod
1776 2050 1813 2080 ab
1832 2059 1868 2079 eo
1879 2049 1971 2079 sorori
1982 2070 1991 2083 ‚
2017 2049 2049 2080 &
2064 2052 2154 2081 uxori

1197 2102 1255 2124 tuae
1275 2093 1409 2133 stuprum
1422 2093 1558 2123 oblatum
1568 2091 1626 2123 esse
1646 2090 1846 2132 comperisses.
1872 2092 1947 2132 Quis
1968 2093 2154 2132 interpretari

1198 2134 1303 2175 potest,
1318 2136 1574 2175 impudentiorne,
1587 2137 1683 2176 quiin
1694 2135 1793 2165 senatu
1807 2145 1812 2163 :
1836 2143 1873 2164 an
1890 2133 2077 2174 improbior,
2097 2135 2153 2173 qui

1198 2179 1229 2207 in
1243 2178 1432 2208 Dolabellam
1449 2188 1454 2206 1
1471 2187 1507 2208 an
1519 2179 1687 2217 impurior,
1709 2178 1761 2218 qui
1771 2184 1850 2216 patre
1865 2175 2021 2206 audiente:
2039 2184 2075 2204 an
2087 2185 2156 2205 cru·

1199 2219 1297 2254 deljor
1306 2240 1315 2253 ,
1330 2221 1382 2260 qui
1391 2221 1424 2249 in
1436 2219 1519 2249 illam
1529 2219 1670 2249 miseram
1679 2228 1740 2249 tam
1749 2218 1850 2258 spurce
1861 2237 1870 2250 ‚
1891 2225 1950 2246 tam
1961 2215 2055 2256 impie
2066 2215 2154 2247 dixe-

1200 2263 1260 2292 ris?
1281 2261 1336 2291 Sed
1347 2261 1381 2291 ad
1399 2262 1592 2302 chirographa
1607 2261 1770 2290 redeamus.
1790 2268 1856 2299 qua:
1873 2257 1932 2288 fuit
1941 2267 1989 2288 tua
1999 2260 2153 2299 cognitio?
2176 2270 2220 2304 39

1199 2302 1262 2333 adia
1272 2305 1354 2332 enim
1369 2303 1486 2332 Caesaris
1494 2304 1573 2341 pacis
1583 2301 1666 2334 causa
1674 2299 1849 2331 confirmata
1858 2299 1926 2329 sunt
1935 2298 1950 2328 a
1960 2299 2058 2329 senatu
2071 2310 2076 2328 :
2087 2310 2153 2341 quae

1198 2344 1321 2385 quidem
1333 2345 1426 2374 Caesar
1436 2342 1540 2384 egiss'et
1549 2362 1558 2377 ,
1570 2352 1634 2372 non
1642 2352 1675 2372 ea
1684 2362 1692 2376 ,
1708 2352 1773 2383 quae
1784 2341 1925 2372 Caesarem
1937 2339 2025 2382 egiss‘e
2033 2341 2154 2375 dixisset

1199 2386 1361 2415 Antonius.
1385 2386 1475 2414 Unde
1484 2383 1537 2414 ista
1546 2391 1727 2423 erumpunt?
1739 2393 1799 2423 quo
1809 2381 1929 2412 ‘merore
1937 2383 2130 2422 proferuntur
2142 2394 2152 2411 t

1197 2425 1217 2456 fi
1229 2427 1297 2456 sunt
1315 2426 1385 2456 falsa
1396 2447 1404 2460 ‚
1426 2436 1478 2456 cur
1494 2425 1679 2467 probantur?
1698 2423 1816 2458 livera,
1836 2434 1888 2454 cur
1900 2429 2041 2453 veneunt?
2062 2429 2102 2456 At
2116 2424 2154 2458 fic

1197 2468 1352 2508 placuerat,
1365 2476 1396 2498 ut
1407 2478 1443 2498 ex
1456 2467 1599 2498 Kalendis
1608 2468 1709 2509 Juniis
1719 2467 1755 2497 de
1765 2467 1881 2497 Caesaris
1893 2466 1964 2496 aeris
1974 2477 2043 2497 cum
2056 2466 2154 2498 consi-

1200 2512 1241 2539 lio
1250 2510 1478 2551 cognosceretis.
1496 2509 1577 2550 quod
1588 2509 1644 2539 fuit
1653 2507 1813 2539 confilium
1825 2516 1834 2537 .²
1844 2518 1936 2579 auem
1945 2518 2089 2549 umquam
2101 2510 2154 2540 ad-

1198 2552 1329 2582 vocasti?
1349 2562 1421 2593 quas
1434 2551 1582 2581 Kalendas
1590 2552 1696 2593 Junias
1705 2549 1842 2590 exspech
1872 2552 1900 2579 i?
1916 2560 1952 2580 an
1969 2560 2025 2584 eas,
2037 2551 2070 2582 ad
2082 2561 2155 2593 quas

1199 2603 1227 2624 te
1238 2613 1246 2626 ,
1261 2595 1417 2636 peragratis
1427 2602 1639 2623 veteranorum
1654 2593 1784 2623 coloniis
1795 2612 1803 2625 ‚
1823 2591 1963 2631 stipatum
1972 2595 2063 2624 armis
2073 2603 2156 2625 retu-

1199 2635 1258 2666 listi
1277 2640 1287 2661 1‘
1315 2635 1334 2665 ὁ
1362 2635 1532 2676 praeclaram
1557 2635 1642 2666 illam
1664 2634 1915 2675 percursationem
1942 2643 2024 2665 tuam
2053 2635 2157 2666 mense

2045 2677 2156 2718 Aprili,

1231 2757 1259 2782 4.
1281 2751 1369 2774 Rrffm
1378 2748 1561 2782 cergi-ariosus]
1583 2748 1640 2774 Pal.
1651 2757 1693 2783 pr.
1710 2756 1810 2780 gnatus.
1831 2748 1955 2775 secundus
1976 2749 2034 2774 licie
2044 2748 2155 2774 mutilus

1197 2785 1243 2811 est.
1255 2785 1318 2811 olim
1332 2784 1477 2817 euligmnm
1488 2803 1496 2814 ‚
1507 2792 1565 2809 nani
1577 2783 1643 2810 illud
1651 2785 1769 2817 g›·atiqsies
1780 2785 1815 2810 est
1827 2786 1842 2810 ·.“ι
1853 2785 1909 2818 conj
1915 2783 2005 2810 ecstura
2015 2783 2155 2811 Ubaldiin'.

1235 2831 1249 2855 5
1256 2842 1262 2847 .
1280 2824 1308 2847 In
1318 2822 1366 2854 ejus
1375 2821 1530 2845 tetrarchiam
1541 2837 1549 2850 ‚
1558 2819 1625 2853 dra]
1648 2820 1737 2845 Prima
1747 2819 1842 2851 editio,
1852 2821 1937 2846 filea'iae
1945 2819 2156 2846 tetrarchiamlo-

1199 2866 1257 2883 cuin
1269 2857 1335 2883 bene
1348 2856 1463 2892 explicat
1475 2856 1504 2881 P.
1518 2854 1652 2881 Vif‘torius
1665 2854 1711 2880 lib.
1725 2864 1775 2880 xri.
1786 2864 1840 2890 cap.
1852 2863 1898 2890 23.

1235 2894 1263 2919 6.
1285 2897 1338 2919 Sine
1349 2895 1415 2918 Sexti·
1428 2911 1434 2922 ‚
1441 2893 1491 2926 fine
1501 2891 1667 2925 reliquorum]
1689 2891 1788 2917 Omnes
1800 2889 1963 2924 iiiss‘finefiaea
1975 2910 1982 2922 ‚
1995 2891 2045 2924 fine
2055 2892 2156 2925 reliquo-

1199 2939 1262 2961 runi,
1272 2929 1323 2959 dyc.
1343 2927 1410 2954 illud
1419 2930 1484 2953 Sexti
1495 2934 1582 2953 natum
1594 2927 1655 2953 effla
1668 2927 1790 2953 Ferrario
1803 2945 1811 2959 ,
1830 2927 1871 2953 eui
1880 2928 1907 2953 in
1920 2934 2036 2953 mentem
2047 2934 2103 2954 erat
2114 2927 2156 2954 lo-

1198 2975 1242 2991 cus
1253 2965 1339 2991 Tullii
1351 2964 1397 2990 lib.
1409 2972 1472 2990 xvr.
1482 2962 1512 2989 ad
1525 2962 1646 2989 Atticum
1659 2962 1740 2996 Epist.

1234 3006 1261 3035 7.
1283 3001 1341 3026 Ciam
1350 3007 1393 3026 tua
1403 3000 1461 3033 quid
1467 3000 1566 3024 imeres?
1576 3017 1584 3029 ‚
1594 2999 1659 3024 nulla
1670 3017 1678 3029 ‚
1695 2998 1762 3032 dyc]
1785 2998 1894 3025 Habent
1903 2997 1970 3025 istud
1980 2999 2116 3026 Manutius
2127 2998 2157 3025 δε
2185 2999 2187 3002 “

1199 3037 1356 3067 Lambinus,
1366 3042 1430 3071 puto
1441 3037 1455 3060 Δ
1469 3034 1560 3061 Fa'e'rni
1572 3041 1615 3060 aut
1628 3034 1727 3060 Mureti
1738 3034 1823 3061 libris.
1844 3044 1902 3061 iiam
1914 3035 2006 3067 nostri,
2017 3044 2070 3062 non
2082 3039 2156 3061 rece-

1198 3071 1263 3099 dunt
1275 3074 1289 3098 :i
1301 3071 1417 3106 vulgatis
1429 3081 1434 3097 :
1456 3077 1500 3096 tua
1509 3070 1567 3104 qnid
1574 3072 1692 3097 interest?
1710 3072 1775 3096 nulla
1784 3073 1891 3109 attspIcia
1904 3071 1963 3105 fient
1972 3077 2065 3097 mamm
2076 3090 2084 3104 ,
2103 3079 2155 3097 cum

1191 3110 1226 3142 fis
1237 3109 1363 3140 religiqfits.
1383 3107 1483 3142 inepte.
2024 3130 2027 3134 ‚

1236 3143 1261 3169 8.
1273 3148 1315 3178 ‘DQ
1323 3144 1388 3173 lid-ro
1398 3145 1472 3175 capite
1481 3151 1564 3176 negare
1574 3152 1618 3168 non
1624 3143 1722 3177 possin]
1741 3142 1865 3177 Conjecit
1876 3141 2071 3175 FerrariusJed
2081 3141 2157 3170 tim}-

1198 3179 1339 3214 defflesare.
1358 3177 1385 3206 id
1395 3178 1482 3208 statim
1492 3178 1591 3215 recepit
1602 3178 1860 3213 Lanibiiiu87addito
1869 3178 1901 3207 de
1912 3179 1969 3213 suo,
1979 3188 2039 3205 crem.
2065 3215 2085 3240 G
2136 3213 2157 3232 Γ

2030 3223 2054 3242 ι.
2086 3220 2157 3240 rann}
