2297 3389
70 1313 131 1348 >54

71 2651 118 2687 55

750 137 1004 191 Lrn.'111.
1054 161 1122 193 ru
1166 137 1223 203 C.
1259 147 1557 196 VERREMJ

2024 148 2117 195 281

156 229 197 260 L.
209 225 326 259 Metelli
338 246 346 261 ,
363 221 477 267 quasad
488 223 544 253 Cn.
555 219 736 262 Pompeium
747 242 755 256 ‚
774 222 807 252 δε
820 224 864 253 M.
876 221 1010 254 Crassum
1024 226 1112 255 Coss.
1137 224 1141 262 l
1158 224 1291 260 Cldlsstt,
1314 228 1547 259 animadvertere
1565 229 1598 258 in
1612 236 1682 258 eum
1695 237 1751 258 vos
1770 224 1941 268 oportebat:
1954 229 2117 266 praesertim

180 280 231 301 uas
240 270 274 300 ad
285 271 329 299 M.
341 266 529 297 Mummium
538 273 697 304 praetorem
707 284 715 297 2
730 274 802 305 quas
812 264 848 295 ad
859 264 1019 305 quaestores
1029 266 1111 295 urbis

161 310 251 342 mifit.
273 308 520 340 EPISTOLA
541 309 577 335 L.
590 307 663 336 Μ-Ε
674 307 834 336 TELLI.
861 308 1113 336 DECvaiS

159 351 428 384 PRUMENTI
453 349 584 378 LEGE
613 348 906 377 HIERONICA
934 350 1115 376 VENDI-

160 397 230 424 DJ.
252 391 330 423 cum
337 390 454 423 scribit,
474 389 574 430 selege
586 389 746 419 Hieronica
756 388 923 419 vendidisse
933 408 942 423 ,
959 389 1032 429 quid
1043 389 1112 419 scri-

159 435 226 466 bit?
238 436 277 464 ita
286 433 314 463 se
325 429 494 463 vendidisse
503 450 512 464 ,
521 440 553 460 ut
563 440 680 464 omnes,
690 439 792 471 praeter
802 434 936 460 Verrem.
958 429 1030 460 cum
1043 431 1113 460 scri-

158 476 204 506 bit
213 475 241 505 se
249 475 312 515 lege
322 474 485 504 Hieronica
494 471 674 505 vendidisse,
698 472 769 513 quid
781 472 901 505 scribit?
919 472 948 502 se
957 481 1009 511 per
1019 471 1110 502 istum

157 525 254 556 erepta
262 516 370 546 Siculis
379 515 529 553 majorum
539 513 711 544 nostrorum
721 514 864 545 beneficia
873 533 883 547 ,
900 514 949 553 jus
963 514 1109 553 ipsorum,

155 557 367 589 conditionem
378 557 533 589 societatis,
544 557 685 586 amicitiae
693 575 701 590 ,
712 555 862 586 foederum
872 554 1040 585 reddidisse.
1065 555 1111 586 di-

155 601 198 630 cit
207 619 215 633 ,
231 601 334 640 quanti
343 599 487 639 cujusque
496 599 555 639 agri
565 597 705 628 decumas
714 597 891 628 vendiderit.
914 597 1024 627 deinde
1037 597 1110 638 quid

154 641 268 673 scribit?
278 642 381 671 Recita
388 640 425 670 de
436 639 559 680 epistola
569 639 693 680 reliqua.
712 643 720 658 ¹
730 639 751 669 S
759 642 788 668 U
796 641 837 668 M
844 641 883 669 M
889 641 927 667 .A
947 641 994 667 VI
1002 659 1010 672 ‚
1023 641 1111 667 ΒΛ-

156 683 226 712 ΤιΑ
249 683 340 713 EST
358 683 527 712 OPERA
547 683 587 710 .A
607 681 694 715 ME,
726 682 795 709 UT
811 681 978 721 QAM
999 683 1110 709 PLU-

153 725 285 754 RIMO
315 723 569 754 DECUMAS
598 723 893 752 VENDEREM.
929 724 988 752 Cur
1006 723 1106 762 igitur,

154 765 290 800 Metelle,
302 775 366 796 non
376 769 414 796 ita
424 774 534 806 magno
542 763 704 794 vendidisti
716 769 726 795 .>
739 765 810 804 quia
817 763 942 793 desertas
951 766 1108 797 arationes,

157 808 273 837 inaneis
283 815 367 849 agros
376 828 384 841 ,
396 807 582 848 provinciam
594 805 732 836 miseram
743 825 751 839 ,
766 805 971 846 perditamque
981 804 1107 835 offendi.

153 849 235 889 Qid
247 849 256 875 ?
268 850 298 880 id
308 849 417 890 ipsum,
425 848 507 889 quod
518 848 610 877 satum
621 846 672 880 est,
684 856 741 887 qua
749 849 865 877 ratione
874 848 1042 887 quisquam,
1054 848 1107 888 qui

151 890 259 921 sereret
267 911 276 924 ,
296 893 436 921 inventus
445 888 508 919 est?
529 890 633 919 Recita
642 888 760 919 litteras.
790 891 815 918 L
825 891 842 917 I
849 890 906 918 TT
914 891 938 918 E
946 892 972 918 R
980 889 1043 917 «Δί.
1067 890 1108 918 ait

151 932 182 962 se
193 931 301 962 mififfe
311 953 320 966 ‚
337 933 370 962 ὃς
388 931 564 972 praesentem
577 928 766 961 confirmasse
774 950 782 964 ‚
805 930 887 960 suam
898 928 1106 970 interposuisse

151 973 367 1006 au&oritatem.
392 976 406 993 ²
415 981 531 1003 tantum
560 982 625 1002 non
646 972 809 1002 aratoribus
830 972 973 1002 Metellus
992 970 1106 1002 obfides

149 1015 275 1048 dedit,se
285 1015 366 1045 nulla
374 1017 407 1045 in
416 1025 446 1044 re
456 1016 543 1044 Verri
552 1013 682 1044 similem
692 1013 838 1044 futurum.
859 1016 898 1044 At
908 1013 980 1054 quid
989 1012 1032 1043 est
1043 1023 1106 1043 tan-

151 1057 222 1087 dem
231 1077 240 1090 ‚
258 1059 291 1087 in
299 1067 361 1098 quo
372 1057 399 1087 se
409 1054 548 1087 laborasse
557 1055 654 1087 dicat?
670 1057 784 1086 Recita.
814 1058 844 1084 U
854 1056 881 1084 T
904 1058 944 1084 ..A
953 1059 978 1084 R
987 1058 1025 1083 ,A
1035 1056 1105 1084 TO-

141 1098 239 1131 RES
256 1120 265 1132 ‚
297 1099 391 1139 Qu
426 1098 650 1138 RELJQJ
680 1099 890 1130 ERANT,
922 1097 1105 1138 QVAM-

147 1141 435 1170 PLvRIMvM
454 1140 543 1170 SER
555 1140 728 1169 ERENT.
752 1140 950 1180 Qireliqui?
965 1139 1105 1179 quidhoc

149 1180 212 1211 est?
222 1183 326 1224 reliqui
336 1186 347 1211 ,7
360 1192 422 1223 quo
432 1191 470 1211 ex
479 1181 561 1211 bello
571 1183 581 1208 ?
590 1190 648 1221 qua
655 1191 693 1210 ex
703 1180 854 1211 vastitate?
864 1191 1003 1221 quaenam
1015 1182 1048 1210 in
1058 1182 1105 1211 Si-

148 1223 218 1253 cilia
228 1233 310 1254 tanta
318 1225 426 1257 clades,
437 1232 486 1254 aut
494 1222 576 1263 quod
586 1222 702 1252 bellurn
713 1232 773 1252 tam
783 1223 972 1255 diuturnum,
984 1231 1044 1252 tam
1056 1232 1103 1252 ca-

149 1264 334 1299 lamitosum,
344 1275 371 1295 te
381 1274 516 1305 praetore,
525 1264 673 1294 versatum
683 1263 735 1297 est,
747 1273 780 1294 ut
790 1266 826 1297 is,
836 1266 888 1305 qui
898 1265 954 1294 tibi
964 1263 1105 1295 successe-

148 1307 196 1340 rit,
209 1308 341 1349 reliquos
350 1316 474 1337 aratores
483 1304 644 1346 collegisse,
655 1306 688 1336 &
698 1305 835 1336 recreasse
843 1305 997 1336 videatur?
1023 1304 1102 1336 Cum

149 1347 237 1379 bellis
247 1347 537 1390 Karthaginiensibus
548 1348 648 1378 Sicilia
655 1356 760 1377 vexata
769 1346 811 1377 est
821 1367 829 1381 ‚
852 1351 864 1374 3
876 1348 907 1377 ὃς
918 1346 984 1387 post
993 1347 1100 1380 nostra,

148 1398 324 1431 patrumque
333 1391 482 1420 memoria
490 1409 498 1423 ‚
514 1388 587 1419 cum
598 1389 644 1418 bis
655 1390 688 1419 in
697 1399 729 1419 ea
737 1391 891 1429 provincia
900 1399 1014 1430 magnae
1024 1388 1103 1430 fugi-

145 1433 281 1462 tivorum
292 1434 384 1472 copiae
394 1432 512 1462 versata:
523 1429 595 1461 sint:
615 1439 715 1460 tamen
728 1439 873 1461 aratorum
886 1435 904 1457 4
914 1432 1049 1461 interitio
1060 1431 1104 1461 fa-

145 1471 193 1503 &a
202 1474 283 1504 nulla
290 1473 343 1504 est.
367 1482 444 1507 tum,
457 1474 589 1503 semente
596 1473 806 1512 pi·ohibita,aut
815 1471 906 1503 meffe
915 1471 1028 1506 amissa,
1039 1472 1103 1503 fru-

148 1513 213 1545 &us
223 1525 339 1546 annuus
358 1515 511 1546 interibat:
532 1523 633 1545 tamen
646 1515 811 1545 incolumis
830 1524 977 1544 numerus
997 1524 1102 1544 mane-

143 1556 194 1588 bat
202 1557 401 1588 dominorum
412 1577 421 1591 ‚
441 1566 527 1597 atque
540 1565 699 1586 aratorum.
724 1565 788 1586 tum
800 1577 808 1590 ,
828 1557 881 1597 qui
899 1558 942 1586 M.
956 1558 1098 1591 Levinio,

144 1607 196 1630 aut
205 1602 237 1630 P.
247 1600 384 1639 Rupilio,
394 1607 446 1629 aut
455 1601 490 1628 M
495 1621 499 1626 .
510 1598 657 1639 Aquillio,
668 1599 843 1638 praetoribus
855 1600 887 1628 in
898 1608 963 1628 eam
974 1608 1100 1638 provin-

144 1642 223 1672 ciam
232 1640 423 1671 succefferant
431 1661 441 1674 ,
451 1649 577 1671 aratores
587 1640 718 1681 reliquos
727 1650 792 1670 non
802 1640 992 1681 colligebant.
1017 1643 1100 1670 Tan-

144 1690 217 1713 tone
224 1683 292 1723 plus
301 1685 406 1713 Verres
416 1692 486 1713 cum
499 1683 635 1722 Apronio
644 1684 808 1721 provinciae
822 1683 931 1712 Siciliae
949 1682 1100 1713 calamita-

141 1725 180 1755 tis
189 1725 362 1765 importavit
373 1746 382 1758 ,
396 1724 487 1766 quarn
497 1733 546 1754 aut
557 1723 720 1754 Hasdrubal
729 1734 797 1754 cum
810 1727 975 1754 Poenorum
985 1726 1099 1754 exerci-

141 1774 175 1797 tu
185 1787 194 1800 ‚
209 1775 259 1797 aut
268 1767 401 1796 Athenio
411 1776 481 1797 cum
492 1765 691 1807 fugitivorum
703 1768 847 1796 maximis
855 1768 965 1807 copiis,
977 1775 1009 1796 ut
1018 1775 1097 1796 tem—

141 1808 264 1850 poribus
279 1809 289 1837 i
292 1809 329 1838 llis
341 1808 515 1850 simulatque
531 1806 606 1843 hostis
617 1808 766 1849 superatus
785 1806 856 1838 esset
865 1828 874 1842 ,
898 1819 965 1849 ager
972 1817 1099 1838 araretur

139 1852 245 1881 omnis
256 1869 266 1884 ,
277 1860 374 1891 neque
382 1852 486 1880 aratori
495 1858 603 1890 praetor
611 1850 781 1889 perlitteras
792 1850 965 1890 supplicaret
977 1870 985 1884 ,
998 1860 1096 1891 neque

139 1902 213 1922 eum
223 1892 350 1932 praesens
363 1900 475 1926 oraret,
495 1891 626 1932 utquam
636 1889 805 1930 plurimum
815 1893 935 1922 sereret:
952 1901 1035 1922 nunc
1044 1902 1096 1922 au-

141 1942 204 1964 tem
217 1954 226 1966 ,
247 1943 284 1963 ne
300 1932 356 1972 post
365 1932 478 1962 abitum
488 1932 612 1973 quidem
625 1933 714 1972 hujus
723 1932 984 1973 importunissimae
993 1933 1095 1973 pestis,

139 1975 297 2017 quisquam
308 1976 492 2014 reperiretur,
503 1976 556 2014 qui
566 1974 615 2003 sua
623 1974 778 2004 voluntate
787 1984 879 2004 araret
888 1977 898 2003 ?
907 1977 991 2014 pauci
1003 1973 1096 2005 ess'ent

138 2017 248 2057 reliqui
261 2038 269 2050 ‚
284 2018 335 2057 qui
345 2018 380 2046 L.
393 2016 510 2045 Metelli
520 2014 693 2045 auetoritate
702 2017 734 2045 in
744 2026 827 2057 agros
838 2036 846 2048 ,
864 2025 950 2057 atque
958 2016 993 2046 ad
1004 2017 1093 2046 suum

138 2059 231 2088 larem
240 2058 420 2088 familiarem
430 2057 579 2087 redirent?
598 2058 656 2086 His
666 2065 694 2086 te
704 2057 811 2087 litteris
820 2077 828 2091 ,
839 2058 935 2088 homo
943 2057 1094 2088 audacissi-

139 2110 191 2130 me
204 2121 212 2133 ,
229 2109 314 2140 atque
331 2097 530 2129 amentissime
539 2119 547 2132 ,
562 2099 733 2138 jugulatum
751 2098 809 2129 esse
826 2110 890 2129 non
901 2100 1012 2131 sentis?
1030 2110 1094 2130 non

138 2141 224 2172 vides
236 2162 244 2174 ,
265 2140 338 2171 curn
349 2143 374 2171 is
385 2161 394 2175 ‚
413 2142 466 2181 qui
477 2140 532 2170 tibi
543 2138 675 2170 successit
686 2161 695 2173 ‚
719 2149 844 2171 aratores
856 2142 987 2181 reliquos
994 2143 1094 2181 appel-

137 2183 179 2214 let
189 2203 198 2217 ,
217 2184 276 2213 hoc
292 2193 363 2213 eum
378 2181 484 2213 diserte
503 2181 628 2212 scribere
640 2201 649 2214 ‚
672 2182 804 2222 reliquos
816 2184 869 2212 hos
881 2182 940 2213 efl'e
951 2203 960 2216 ,
980 2193 1043 2213 non
1055 2193 1093 2213 ex

136 2225 238 2259 bello,
258 2235 356 2266 neque
372 2235 411 2254 ex
427 2224 526 2264 aliqua
542 2223 892 2263 hujusmodicalamitate
903 2245 912 2259 ,
931 2225 979 2254 sed
991 2235 1030 2254 ex
1041 2234 1093 2256 tuo

134 2266 243 2298 scelere
254 2286 262 2300 ,
276 2268 518 2306 importunitate,
536 2266 671 2298 avaritia,
691 2265 886 2296 crudelitate?
902 2268 1007 2297 Recita
1015 2276 1092 2296 cete-

135 2318 175 2340 ra.
208 2309 396 2338 TAMEN
417 2310 505 2338 PRO
526 2309 604 2340 ΕΟ,
631 2308 696 2335 UT
717 2308 972 2338 TEMPORIS
993 2311 1093 2338 DII-‘-

136 2350 419 2383 FICULTAS,
450 2350 882 2390 ,ARATORvMQJE
911 2352 1092 2379 PeAENv-

135 2394 164 2422 R
174 2394 238 2421 LA
260 2393 320 2421 Tv
330 2394 356 2421 L
368 2394 385 2420 I
395 2393 430 2420 T.
460 2394 632 2423 Aratorum,
644 2392 760 2431 inquit,
773 2394 913 2431 paenuria.
939 2394 968 2422 Si
980 2402 1035 2434 ego
1045 2402 1093 2423 ac-

136 2434 251 2464 cusator
257 2435 347 2464 toties
357 2433 393 2464 de
401 2443 432 2463 re
440 2431 544 2463 ezidem
555 2432 686 2462 dicerem
697 2453 706 2466 ‚
717 2442 834 2463 vererer
843 2453 851 2467 ,
863 2444 902 2464 ne
912 2435 1031 2464 animos
1040 2444 1092 2464 ve-

136 2474 211 2506 stros
222 2475 409 2506 offenderem
421 2495 429 2508 ‚
445 2475 572 2514 judices.
605 2474 720 2504 Clamat
735 2475 898 2505 Metellus:
916 2475 968 2516 nisi
981 2476 1092 2509 litteras

137 2517 275 2559 mififfim.
290 2516 409 2547 nonest
418 2517 493 2547 satis.
508 2516 562 2557 nifi
573 2516 684 2557 praftns
699 2516 903 2555 confirmaffem.
926 2527 966 2547 ne
982 2517 1013 2548 id
1024 2519 1092 2559 qui—

136 2558 206 2590 dem
220 2561 286 2590 satis
300 2558 351 2589 est.
374 2559 493 2600 reliquos
501 2578 511 2592 ,
529 2560 627 2598 inquit
641 2577 650 2591 ,
668 2566 797 2587 aratores.
820 2556 954 2599 reliquos
965 2563 977 2588 ?
996 2559 1090 2600 prope

135 2601 255 2642 lugubri
263 2601 355 2631 verbo
366 2601 563 2631 calamitatem
574 2601 736 2639 provinciae
745 2600 853 2631 Siciliae
863 2599 1014 2642 significat.
1038 2601 1089 2631 ad-

135 2641 179 2673 dit
187 2663 195 2677 ,
207 2645 373 2672 ,Armorum
380 2642 510 2684 panuria.
534 2640 709 2681 Exspeaatc
719 2643 809 2671 etiam
822 2663 830 2675 ,
842 2643 956 2682 judices
965 2662 974 2676 ‚
986 2643 1091 2683 exspe-

136 2683 209 2716 ἅπτε
219 2683 240 2715 si
269 2683 370 2715 otestis
382 2704 390 2718 ‚
409 2682 617 2714 auzitoritatem
631 2683 827 2713 accusationis
837 2694 924 2714 rneae.
947 2684 1016 2715 dico
1029 2695 1090 2715 aia—

135 2734 213 2758 tores
223 2694 307 2757 isfius
316 2727 438 2756 avaritia
445 2724 556 2765 ejeeros
568 2735 574 2754 z
593 2725 691 2756 scribit
700 2726 844 2756 Metellus
854 2746 862 2759 ,
875 2726 1006 2767 reliquos
1016 2726 1052 2756 ab
1062 2727 1090 2757 se

134 2766 194 2798 effe
201 2766 394 2799 confirmatos
402 2788 409 2796 .
423 2766 494 2797 dico
503 2776 587 2808 agros
597 2765 719 2797 relietos
729 2787 738 2800 ,
752 2768 954 2808 arationesque
965 2767 1090 2798 desertas

135 2807 196 2840 esse
207 2820 213 2839 ι
232 2809 331 2840 scribit
345 2809 485 2839 Metellus
500 2817 649 2838 aratorum
668 2807 727 2838 effe
744 2811 919 2848 paenuriam.
941 2811 1000 2839 hoc
1016 2809 1088 2840 curn

135 2851 237 2882 scribit
247 2872 256 2885 ‚
273 2850 350 2881 illud
363 2849 512 2884 ostendit,
532 2849 664 2890 dejeRos
674 2870 683 2883 ,
698 2850 811 2890 eje6los
821 2871 830 2885 ,
844 2850 974 2881 fortunis
984 2854 1089 2882 omni-

134 2891 189 2923 bus
200 2893 337 2933 expulsos
348 2891 404 2922 esse
413 2893 518 2932 populi
528 2894 567 2922 R.
578 2892 674 2922 socios
685 2911 693 2924 ‚
705 2901 791 2933 atque
801 2895 923 2923 amicos.
946 2894 1055 2934 quibus
1067 2892 1087 2924 si

106 2975 111 2981 ἠ
133 2943 191 2976 qua
198 2935 345 2966 calamitas
355 2942 475 2975 propter
484 2932 575 2964 istum
586 2954 594 2967 ,
606 2934 693 2965 salvis
702 2934 899 2976 vectigalibus
907 2935 1028 2970 nostris,
1040 2946 1088 2967 ac-

1158 265 1230 297 cum
1249 278 1281 298 ca
1295 269 1357 311 lege
1367 270 1538 308 judicaretis
1548 291 1557 304 ‚
1580 280 1644 312 quse
1657 271 1808 300 sociorum
1828 271 1910 301 causa
1920 268 1991 300 ess'et
2002 270 2117 300 consti-

1160 316 1229 338 tuta.
1252 309 1322 339 cum
1334 311 1404 340 vero
1414 313 1547 351 perditis,
1558 312 1778 354 profligatisque
1787 313 1884 345 sociis,
1895 311 2048 353 x⁷e6tigalia
2056 322 2114 351 po-

1158 349 1220 395 puli
1232 352 1271 380 R.
1284 350 1341 381 sint
1351 353 1505 384 deminuta
1517 365 1522 382 :
1534 364 1577 384 res
1588 353 1793 388 frumentaria,
1803 356 2113 393 commeatus‚copiae‚

1158 391 1233 419 salus
1251 392 1333 421 urbis
1345 414 1353 426 ‚
1373 403 1459 434 atque
1473 398 1659 426 exercituum
1677 395 1849 426 nostrorum
1864 398 1895 425 in
1910 394 2113 435 posteritatem

1157 430 1246 478 istius
1255 436 1374 464 avaritia
1389 437 1535 466 interierit
1546 448 1551 465 2
1559 438 1663 476 sszlrem
1677 438 1816 466 commoda
1826 438 1922 479 populi
1933 441 1969 466 R.
1980 437 2113 476 respicite,

1157 470 1177 500 si
1190 473 1276 519 sociis
1288 473 1463 506 fideiiffimis
1473 479 1638 517 prospicere
1647 489 1711 508 non
1722 479 1869 509 laboratis.
1894 481 1991 520 Atque
2002 499 2010 512 ‚
2021 488 2053 509 ut
2062 481 2114 508 in·

1156 513 1293 561 telligitis
1306 535 1314 548 ,
1328 516 1364 545 ab
1374 516 1431 546 isto
1444 538 1451 550 ‚
1466 528 1525 557 prae
1539 520 1621 549 lucro
1632 540 1640 553 ,
1656 521 1811 561 praedaque
1825 521 1959 560 praesenti
1971 541 1979 554 ,
1995 531 2049 551 nec
2058 530 2113 551 ve-

1156 553 1308 602 &igalium
1320 577 1329 590 ,
1349 567 1402 587 nec
1413 558 1576 599 posteritatis
1594 562 1724 591 habitam
1744 562 1801 592 effe
1812 565 1960 593 rationem
1975 573 1980 591 t
1996 573 2114 603 cogno—

1154 597 1242 630 scite,
1262 598 1335 638 quid
1353 599 1388 628 ad
1399 610 1570 630 exrremum
1583 603 1687 633 scribat
1696 605 1847 633 Metellus.
1870 607 1907 633 IN
1922 614 2109 643 nanUM

1153 648 1285 684 Tempus
1306 650 1558 672 vacrmALtnus
1581 654 1748 674 PROSPEXI.
1782 648 1819 675 In
1830 646 1978 686 reliquum
1989 648 2116 685 tempus

1150 688 1190 709 ait
1208 681 1236 710 se
1252 681 1447 723 veffigalibus
1465 683 1658 722 prospexisse.
1690 696 1753 716 non
1774 687 1909 717 scriberet
1929 708 1937 720 ,
1961 689 1990 718 se
2011 688 2109 718 vecti-

1149 721 1264 761 galibus
1281 723 1482 763 prospexisse,
1509 724 1564 755 nisi
1579 727 1638 756 hoc
1656 727 1747 757 vellet
1765 728 1936 763 ostendere,
1966 738 1994 760 te
2012 729 2108 759 veen-

1149 763 1224 809 gaiia
1241 764 1408 803 perdidisse.
1442 766 1522 807 Qid
1533 769 1616 798 enim
1631 777 1708 801 erat,
1726 770 1806 809 quod
1823 769 2018 811 ve&igalibus
2037 781 2107 811 pro-

1150 804 1273 843 spiceret
1282 807 1424 837 Metellus
1436 809 1467 837 in
1479 807 1633 842 decumis,
1655 810 1687 839 &
1698 812 1729 839 in
1744 820 1804 841 tota
1817 821 1846 841 re
1859 811 2051 843 frumentaria
2062 834 2069 846 ,
2085 813 2107 843 st

1150 845 1204 876 iste
1214 857 1277 877 non
1287 848 1442 889 ve6tigalia
1461 851 1564 890 populi
1575 853 1706 880 Roman.
1727 852 1780 881 suo
1791 852 1901 892 quaestu
1912 853 2107 892 pervertisset?

1150 890 1320 929 Atqueipse
1336 891 1477 921 Metellus
1489 912 1497 924 ,
1516 892 1776 933 quivefflgalibus
1793 895 1952 934 prospicit,
1973 897 2107 936 quii-eli-

1148 938 1224 999 ?uos
1242 940 1367 962 aratores
1377 933 1510 974 colligit,
1529 933 1601 974 quid
1611 933 1770 975 assequitur
1781 955 1789 969 ,
1809 934 1863 964 nisi
1876 937 1932 965 hoc
1943 956 1950 969 ,
1969 947 2001 967 ut
2011 947 2111 971 arent..

1161 981 1168 999 1
1178 972 1250 1012 quid
1262 972 1506 1015 poss'unt‚quibus
1516 985 1641 1005 aratrum
1654 976 1755 1006 saltem
1765 977 1887 1017 aliquod
1897 978 2009 1008 satelles
2019 979 2107 1009 istius

1148 1015 1299 1052 Apronius
1309 1016 1458 1056 reliquum
1472 1017 1559 1047 fecit:
1575 1019 1627 1058 qui
1637 1026 1738 1048 tamen
1749 1020 1780 1048 in
1790 1021 1864 1058 agris
1873 1019 1920 1058 spe
1932 1039 1939 1052 ,
1954 1029 2039 1060 atque
2050 1031 2106 1051 ex-

1147 1054 1329 1094 spectatione
1340 1059 1459 1088 Metelli
1468 1060 1672 1089 remanserunt
1682 1062 1692 1088 ?
1714 1060 1795 1102 Ogid
1805 1063 1894 1090 ceteri
1902 1062 1993 1091 Siculi
2005 1065 2014 1091 ἓ
2028 1062 2102 1103 quid

1146 1097 1198 1126 ille
1213 1100 1368 1128 maximus
1386 1110 1531 1130 numerus
1550 1110 1695 1131 aratorum
1705 1122 1712 1134 .
1732 1104 1784 1143 qui
1797 1112 1860 1132 non
1871 1102 1966 1133 modb
1981 1114 2014 1132 ex
2029 1115 2104 1145 agra

1146 1137 1226 1176 ejeeti
1245 1140 1332 1174 sunt,
1353 1141 1402 1171 sed
1420 1144 1511 1172 etiam
1534 1153 1572 1172 ex
1588 1144 1759 1173 civitatibus
1778 1144 1856 1178 suis,
1876 1154 1915 1174 ex
1933 1147 2105 1184 provincia.-

1147 1180 1277 1222 denique
1287 1181 1387 1217 bonis,
1402 1182 1589 1224 fortunisque
1601 1185 1745 1215 omnibus
1754 1188 1862 1225 ereptis
1871 1205 1879 1219 ‚
1894 1185 2104 1229 profugerunt?

1146 1232 1203 1262 qua
1213 1225 1326 1254 ratione
1336 1226 1358 1254 ii
1368 1225 1598 1255 revocabuntur?
1608 1235 1682 1267 quot
1690 1236 1848 1266 praetorum
1862 1229 2046 1262 innocentia,
2059 1231 2102 1260 sa-

1146 1266 1315 1306 pientiaque
1328 1276 1404 1306 opus
1417 1267 1460 1297 est
1471 1288 1479 1300 ,
1499 1268 1595 1299 utilia
1604 1278 1750 1298 aratorum
1762 1269 1928 1299 multitudo
1940 1270 2101 1311 aliquando
2120 1274 2168 1313 56

1145 1307 1178 1334 in
1190 1306 1248 1336 suis
1258 1310 1343 1348 agris,
1355 1319 1387 1338 ac
1396 1309 1515 1339 sedibus
1524 1309 1709 1340 collocetur?
1731 1314 1774 1341 Ac
1784 1331 1792 1344 ,
1807 1321 1846 1340 ne
1856 1313 2023 1345 miremini,
2036 1323 2101 1344 tan-

1147 1355 1206 1376 tam
1218 1350 1448 1380 multitudinem
1459 1350 1621 1392 profugisse
1631 1372 1639 1385 ,
1648 1361 1789 1392 quantam
1798 1363 1836 1382 ex
1846 1353 1951 1382 litteris
1959 1354 2100 1393 publicis,

1146 1398 1353 1431 arat01umque
1370 1391 1599 1431 professionibus
1618 1393 1801 1435 cognovistis
1817 1405 1821 1423 :
1846 1395 1948 1424 scitote
1959 1416 1967 1429 ‚
1988 1405 2099 1427 tantam

1144 1431 1333 1462 acerbitatem
1344 1433 1428 1463 istius
1438 1455 1446 1467 ,
1458 1443 1574 1464 tantum
1584 1435 1675 1465 scelus
1686 1439 1717 1465 in
1727 1445 1851 1466 aratores
1860 1435 1947 1466 fuisse
1957 1438 2101 1475 (incredi-

1145 1472 1205 1502 bile
1214 1472 1299 1504 dieta
1310 1474 1361 1508 est,
1369 1476 1487 1514 judices
1499 1487 1503 1505 z
1516 1477 1565 1507 sed
1576 1477 1609 1507 ὃς
1618 1476 1744 1510 facium,
1758 1478 1790 1507 ὃς
1802 1487 1862 1508 tota
1871 1479 1972 1509 Sicilia
1980 1480 2100 1519 pervul-

1143 1516 1257 1554 gatum)
1272 1525 1303 1546 ut
1313 1517 1454 1547 homines
1468 1538 1476 1551 ,
1493 1520 1743 1558 propterinjurias
1755 1539 1762 1552 ,
1782 1519 1995 1561 licentiamque
2008 1521 2097 1551 decu-

1144 1566 1304 1587 manorum
1325 1578 1333 1592 ,
1356 1567 1473 1588 mortem
1488 1559 1545 1600 fibi
1565 1560 1616 1601 zpfi
1636 1561 1826 1600 conftiverinr.
1866 1564 2101 1602 Centuripinum

1143 1599 1299 1633 Dioclem,
1311 1601 1472 1631 hominem
1483 1602 1664 1642 locupletem
1673 1601 1852 1643 suspendisse
1863 1604 1891 1633 se
1900 1614 1957 1634 con
1963 1604 2025 1637 stat,
2037 1615 2098 1645 quo

1143 1639 1191 1669 die
1206 1639 1239 1670 sit
1252 1643 1279 1671 ei
1294 1645 1467 1673 nuntiatum
1478 1664 1486 1677 ,
1499 1646 1666 1683 Apronium
1677 1644 1816 1674 decumas
1825 1645 1992 1676 redemisse.
2017 1650 2099 1687 Dyr-

1140 1683 1297 1728 racliinum
1308 1703 1317 1717 ,
1338 1686 1471 1724 primum
1482 1687 1609 1716 civitatis
1621 1686 1725 1716 eadem
1740 1689 1851 1716 ratione
1862 1697 1992 1717 mortem
2004 1698 2097 1728 oppe—

1141 1722 1204 1753 tisle
1217 1724 1295 1755 dixit
1310 1726 1387 1766 apud
1396 1737 1450 1756 vos
1458 1728 1554 1757 homo
1565 1727 1768 1758 nobilissimus
1777 1749 1785 1760 ,
1803 1729 1987 1760 Archonidas
1997 1731 2097 1760 Elori-

1139 1775 1198 1795 nus
1208 1786 1216 1799 ,
1236 1766 1308 1797 cum
1326 1767 1451 1799 audisset
1461 1778 1577 1800 tanturn
1590 1769 1793 1799 decumanum
1807 1769 1972 1809 professum
1986 1771 2044 1802 effe
2057 1783 2097 1804 ex

1139 1807 1240 1838 edieto
1250 1808 1335 1839 istius
1344 1809 1397 1840 sibi
1411 1810 1512 1841 deberi
1527 1832 1534 1844 ,
1555 1820 1701 1852 quantum
1712 1812 1763 1841 ille
1775 1812 1863 1842 bonis
1875 1813 1934 1843 suis
1950 1814 2096 1844 omnibus

1138 1848 1255 1880 efficere
1273 1861 1336 1882 non
1354 1851 1459 1892 poffet.
1485 1855 1619 1887 Haemu,
1641 1852 1753 1883 tametsi
1768 1855 1911 1883 omnium
1929 1856 2095 1887 hominum

1138 1890 1376 1924 diffolutiffimus
1395 1914 1404 1928 ,
1427 1894 1704 1935 crudelissimusque
1726 1895 1842 1935 semper
1862 1895 1945 1926 suisti
1959 1917 1967 1930 ,
1991 1906 2096 1928 tamen

1138 1943 1305 1974 numquam
1315 1935 1591 1977 perpeterere,qubd
1600 1937 1645 1965 illi
1654 1938 1795 1976 gemitus,
1805 1935 1961 1978 hiemsque
1970 1942 2097 1978 provin—

1137 1977 1189 2004 ciae
1200 1977 1234 2005 ad
1244 1977 1288 2005 tui
1299 1979 1401 2016 capitis
1409 1979 1575 2017 periculum
1584 1978 1784 2017 pertinebant:
1796 1988 1870 2012 non,
1880 1981 2016 2020 inquam,
2026 1991 2094 2020 per-

1136 2026 1266 2056 peterere
1275 2037 1284 2051 ,
1299 2027 1332 2048 ut
1341 2019 1484 2049 homines
1493 2020 1611 2054 iniuriae
1625 2028 1681 2049 tuae
1690 2019 1859 2050 remedium
1871 2031 1968 2051 morte
1979 2041 1987 2053 ,
2002 2032 2035 2052 ac
2046 2024 2096 2052 sn-

1137 2058 1260 2098 spendio
1274 2069 1439 2100 quaererent
1452 2081 1460 2094 ‚
1483 2060 1539 2090 nisi
1552 2071 1586 2091 ea
1599 2071 1643 2090 res
1656 2061 1690 2091 ad
1703 2061 1834 2098 questum
1850 2082 1859 2095 ‚
1883 2064 1918 2095 (φ
1930 2064 2095 2104 αάρνιεάαγκι

1137 2108 1219 2129 tuam
1224 2103 1382 2143 pertineret.
1405 2102 1487 2144 Qid
1498 2105 1508 2131 ?
1519 2103 1594 2132 illud
1606 2099 1786 2142 perpeterere
1796 2106 1805 2132 ?
1815 2105 1957 2134 attendite
1967 2105 2091 2143 judices,

1137 2143 1305 2172 5omnibus
1325 2146 1408 2173 enim
1422 2146 1521 2174 nervis
1541 2146 1618 2174 mihi
1632 2145 1854 2175 connitendum
1869 2145 1912 2176 cst
1922 2166 1930 2179 ‚
1951 2156 2038 2187 atque
2058 2150 2091 2178 in

1137 2185 1195 2214 hoc
1206 2184 1400 2214 laborandum
1414 2206 1423 2219 ‚
1441 2195 1474 2216 ut
1483 2187 1785 2228 omnesintelligant.,
1805 2188 1897 2228 quam
1908 2190 2091 2228 improbam.

1136 2225 1226 2266 quam
1239 2226 1428 2257 manifestam
1441 2247 1449 2260 ,
1464 2227 1553 2268 quam
1562 2227 1724 2258 confestam
1737 2239 1799 2259 rem
1809 2232 1936 2269 pecunia
1946 2231 2095 2261 redimere

1134 2277 1293 2298 conentur.
1316 2271 1412 2299 Grave
1422 2272 1538 2299 crimen
1546 2269 1588 2300 est
1597 2270 1670 2303 hoc,
1684 2270 1888 2301 &vehemens
1898 2292 1906 2305 ‚
1917 2273 1951 2302 ὃς
1960 2271 2025 2313 post
2035 2273 2094 2303 ho-

1136 2311 1258 2339 minum
1268 2313 1460 2344 memoriam,
1468 2311 1639 2352 judiciaque
1648 2312 1684 2342 de
1692 2315 1827 2352 pecuniis
1836 2315 2006 2353 repetundis
2015 2325 2092 2345 con-

1128 2351 1252 2386 ·stituta,
1269 2351 1473 2393 gravissimum
1485 2373 1493 2386 ,
1514 2363 1672 2393 praetorem
1687 2354 1793 2404 populi
1803 2357 1935 2386 Roman.
1944 2357 2029 2395 βείω
2039 2358 2089 2386 ha-
2108 2374 2125 2403 5

1135 2392 1221 2430 buiffie
1228 2393 1399 2424 decumanos.
1424 2397 1497 2425 Non
1516 2397 1575 2426 hoc
1584 2405 1666 2425 nunc
1675 2406 1810 2435 primum
1820 2397 1902 2426 audit
1910 2400 2041 2437 privatus
2051 2398 2090 2429 de

1134 2437 1263 2466 inimico
1273 2455 1281 2469 ,
1301 2446 1368 2466 reus
1379 2436 1415 2466 ab
1424 2437 1598 2467 accusatore.
1608 2439 1672 2477 J‘am
1683 2447 1767 2468 antea
1778 2440 1809 2467 in
1820 2439 1889 2468 sella
1899 2439 2002 2469 sedens
2012 2450 2091 2480 prae-

1134 2486 1181 2507 tor
1190 2496 1198 2511 ,
1211 2476 1281 2507 cum
1292 2480 1479 2517 provinciam
1489 2479 1620 2509 Siciliam
1633 2479 1784 2509 obtineret
1793 2500 1801 2512 ,
1815 2478 1887 2510 cum
1897 2480 1932 2510 ab
1941 2482 2090 2513 omnibus

1134 2529 1198 2549 non
1213 2519 1310 2549 solum
1323 2539 1332 2552 ‚
1346 2519 1376 2549 id
1386 2520 1468 2560 quod
1480 2530 1646 2550 commune
1662 2520 1704 2550 est
1713 2523 2001 2562 propterimperium
2014 2543 2022 2557 ,
2040 2524 2089 2554 sed

1135 2563 1224 2591 etiam
1236 2581 1244 2594 ‚
1263 2561 1306 2599 (id
1316 2562 1398 2601 quod
1415 2561 1499 2591 istius
1516 2564 1698 2602 praecipuum
1713 2561 1770 2594 est,
1784 2564 1921 2603 )propter
1929 2564 2092 2595 crudelita-

1134 2612 1196 2633 tem
1208 2611 1400 2637 metueretur,
1412 2604 1525 2633 millies
1535 2603 1659 2637 audivit,
1670 2603 1742 2633 curn
1752 2605 1816 2642 ejus
1824 2607 1964 2636 animum
1975 2606 2010 2636 ad
2020 2616 2089 2646 per-

1133 2644 1318 2685 sequendum
1329 2655 1393 2674 non
1402 2645 1582 2685 negligentia
1591 2645 1714 2675 tardaret
1725 2666 1734 2678 ,
1746 2645 1794 2675 sed
1804 2647 2088 2687 conftienriasceleru.

1132 2687 1319 2727 avaritiaeque
1338 2687 1395 2717 suae
1409 2687 1578 2716 refrenaret.
1601 2687 1815 2727 Loquebantur
1827 2691 1912 2718 enim
1925 2689 2088 2721 decumani

1132 2727 1229 2768 palam
1241 2748 1249 2761 ,
1263 2729 1295 2757 &
1304 2737 1407 2767 praetci·
1417 2736 1530 2758 ceteros
1538 2729 1562 2757 is
1573 2748 1582 2762 ,
1601 2731 1653 2768 qui
1663 2728 1738 2768 apud
1748 2728 1838 2759 istum
1849 2730 2019 2770 plurimum
2029 2741 2089 2772 po-

1132 2778 1204 2800 terat
1212 2790 1221 2802 ,
1233 2769 1443 2810 maximosque
1452 2779 1535 2810 agros
1544 2770 1747 2810 populabatur,
1758 2773 1909 2811 Apronius
1920 2783 1925 2802 ε
1939 2783 2089 2804 PERPAR-

1134 2821 1210 2841 vUM
1221 2812 1329 2841 exiliis
1338 2813 1455 2860 magnis
1465 2812 1552 2841 lucris
1562 2811 1597 2841 ad
1606 2812 1665 2842 sese
1675 2815 1830 2852 pervenire
1844 2823 2016 2854 :praetorem
2028 2814 2089 2846 effe

1132 2854 1259 2883 socium.
1285 2855 1354 2883 Hoc
1368 2863 1441 2883 cum
1458 2853 1555 2892 palam
1575 2853 1734 2884 decumani
1748 2864 1809 2886 tota
1816 2858 1971 2895 provincia
1981 2857 2087 2898 loque-

1131 2903 1234 2925 rentur
1242 2914 1250 2928 ,
1263 2903 1408 2935 tuumque
1419 2905 1534 2924 nomen
1542 2896 1574 2925 in
1584 2905 1614 2925 re
1626 2904 1684 2925 tam
1696 2899 1793 2936 turpi,
1812 2896 1981 2939 nefariaque
1992 2901 2087 2929 inter-

1132 2945 1295 2977 ponerent:
1314 2936 1391 2967 nihil
1402 2947 1439 2966 ne
1450 2936 1504 2967 tibi
1515 2938 1642 2967 venitin
1652 2947 1789 2968 mentem
1800 2938 2018 2970 existimationi
2029 2950 2086 2972 tuae

2011 2992 2088 3013 con-

170 3041 181 3059 ι
188 3054 194 3059 ,
212 3037 307 3060 Summa
323 3036 352 3059 vi
368 3034 428 3060 data
446 3037 482 3060 ef?
498 3034 513 3060 ei
532 3045 566 3060 me
580 3036 675 3069 operm]
696 3034 798 3061 Addidi
809 3035 934 3071 syllabam
944 3039 974 3062 rui
983 3046 1015 3063 ex
1028 3036 1086 3063 mss.

131 3067 245 3096 Nanni‘i.
265 3070 307 3096 Ita
315 3071 392 3096 Orat.
403 3070 566 3106 praecedente
577 3081 582 3097 :
595 3075 713 3097 Hominem
715 3073 808 3106 summa
823 3075 852 3097 vi
861 3075 960 3098 retinere
970 3076 1042 3105 erepit.

169 3112 198 3129 2.
215 3105 315 3130 Tamum
323 3114 368 3130 non
376 3108 514 3132 aratoribus
523 3111 585 3134 Met.
594 3108 639 3140 obs.
649 3107 736 3142 credin]
749 3109 789 3133 Ita
797 3106 911 3134 Vifitorii
922 3107 1005 3134 editio
1016 3109 1044 3134 δε
1054 3107 1089 3134 li·

133 3138 182 3166 ber
192 3139 302 3165 Nannii.
321 3140 378 3167 aliae
389 3160 398 3173 ,
408 3148 502 3168 rantum
511 3143 572 3176 quod
580 3150 647 3169 arat.
658 3147 720 3170 Met.
730 3144 774 3176 obss
785 3153 829 3169 non
839 3143 910 3169 dedit.

171 3182 199 3213 3.
219 3177 251 3202 Et
263 3177 317 3210 pol‘?
332 3179 410 3211 nostra
421 3184 565 3214 patrumque
575 3181 684 3206 momoria
693 3197 703 3213 ,
721 3187 771 3206 cuni
780 3179 814 3206 bis
823 3182 849 3206 in
859 3179 912 3216 em]
932 3179 974 3208 Ita
983 3178 1091 3215 quidam
1130 3179 1167 3207 nii
1181 3198 1189 3213 ‚
1200 3181 1280 3217 quam
1292 3180 1418 3209 haetenus
1431 3181 1529 3218 vulgati
1542 3201 1551 3216 ‚
1562 3182 1749 3210 contendendum.

1125 3037 1189 3062 libri
1201 3037 1359 3063 Hotomani.
1380 3037 1437 3063 alise
1446 3036 1507 3063 edd.
1519 3039 1618 3070 nostram
1624 3046 1692 3070 patr.
1703 3042 1843 3065 memoriam.

1163 3080 1191 3105 4.
1210 3074 1342 3107 butersiim]
1364 3074 1405 3099 Sic
1417 3073 1484 3099 Pall.
1504 3073 1537 3099 sic
1546 3074 1636 3100 Nann.
1655 3074 1802 3112 probatque
1822 3074 1955 3102 Victorius
1975 3075 2022 3102 lib.
2035 3084 2086 3102 111.

1129 3108 1232 3134 Vni-iar.
1242 3108 1306 3134 leet.
1317 3117 1373 3143 cap.
1384 3118 1411 3135 ι.
1421 3117 1496 3135 antea
1508 3117 1564 3135 erat
1573 3113 1704 3136 internicio.
1764 3116 1766 3137 Ι

1169 3153 1194 3177 5.
1213 3146 1324 3170 Omnilmr
1341 3147 1400 3170 enim
1414 3146 1494 3171 nemis
1504 3147 1561 3171 mihi
1570 3146 1756 3181 connitendum]
1778 3147 1922 3175 Meliusita
1932 3147 1998 3175 liber
2009 3147 2088 3173 Nan-

1630 3217 1697 3246 Nn

1998 3220 2097 3253 ²³²3*
