2302 3353
497 138 580 176 ΒΕ
604 130 798 175 CLAR.
837 131 1110 176 ORATOR.

147 222 232 246 meus
242 207 305 245 fere·
313 206 441 253 aequam,
454 211 485 240 in
495 208 623 240 dicendo
634 219 698 239 non
708 211 802 239 nimis
811 211 996 243 exercitatus,
1007 211 1040 238 in
1048 211 1098 249 ju-

143 267 177 287 re
195 266 293 288 autem
311 254 394 284 civili
412 262 476 282 non
493 251 618 281 inferior
627 271 635 284 ,
656 250 748 291 quam
768 250 906 291 magister
924 249 990 280 fuit.
1015 253 1096 280 Nam

143 301 183 329 T.
195 296 331 328 Aufidius
341 314 350 328 ‚
371 296 423 335 qui
440 295 518 323 vixit
528 292 564 322 ad
581 293 731 322 summam
751 292 936 321 senectutem
949 311 957 324 ‚
977 292 1098 321 volebat

142 339 200 369 esse
210 338 312 368 similis
322 337 432 365 horum
442 354 449 368 ‚
463 343 579 374 eratque
592 334 624 363 &
635 333 732 363 bonus
743 335 790 362 vir
798 353 807 366 ,
821 334 853 362 &
863 334 1010 362 innocens
1020 352 1028 366 ,
1049 333 1097 361 sed

142 379 258 410 dicebat
265 387 378 418 parum.
402 379 468 406 Nec
479 377 545 405 sane
555 375 621 415 plus
631 374 719 404 frater
729 375 794 411 ejus
805 377 848 403 M.
862 375 1005 413 Virgilius
1014 393 1022 407 ‚
1045 375 1097 413 qui

140 421 275 452 tribunus
293 420 334 458 pl.
352 420 387 448 L.
399 418 485 447 Sulla:
496 418 668 457 imperatori
678 416 760 445 diem
772 416 861 446 dixit.
895 417 967 455 Ejus
985 415 1099 455 collega

139 465 171 493 P.
183 462 347 502 Magiustin
357 458 485 489 dicendo
496 458 596 498 paullo
607 467 708 487 tamen
720 456 875 497 copiosior.
887 457 942 487 Sed
954 458 1096 486 omnium

138 511 293 533 oratorum
304 521 312 534 ,
327 499 384 530 sive
394 499 558 529 rabidarum
569 520 577 533 ,
597 501 648 540 qui
660 500 691 529 ὃς
702 499 788 538 plane
799 497 916 528 indo&i
927 518 936 531 ,
955 507 1004 528 aut
1015 500 1098 527 inur—

138 544 226 578 bani,
238 552 285 573 aut
296 541 397 572 rustici
407 543 496 571 etiam
508 541 629 571 fuerunt
639 561 647 574 ,
661 551 736 581 quos
746 541 871 581 quidem
880 550 936 581 ego
946 549 1098 580 cognove-

137 588 198 617 rim
207 605 216 619 ‚
239 582 451 615 solntissimum
462 585 494 613 in
505 583 634 613 (licendo
644 602 652 616 ‚
674 583 706 612 ὃς
717 581 916 612 acutiffimum
926 580 1030 620 judico
1039 591 1097 610 no—

138 626 191 658 stri
200 626 314 657 ordinis
325 626 540 665 QSeitorium
549 645 557 658 ‚
580 623 720 665 equestris
733 628 742 642 ¹
756 626 787 653 C.
799 625 1005 663 Gorgonium.
1023 623 1097 651 Fuit

138 671 228 699 etiam
238 668 334 697 facilis
345 687 352 700 ‚
366 667 397 696 δε
408 666 564 706 expeditus
574 666 609 696 ad
619 665 783 695 dicendum
794 684 801 697 ‚
817 665 850 694 &
860 666 888 693 vi
894 673 929 693 tae
938 663 1094 702 splendore

139 710 237 740 multo
248 729 256 743 ‚
267 709 299 739 &
310 710 434 749 ingenio
445 708 512 738 sane
521 707 668 747 probabili
681 726 689 738 ,
701 709 739 736 T.
749 707 870 747 Junius,
890 707 926 735 L.
938 703 1028 737 filius,
1042 706 1094 734 tri—

139 751 273 782 bunitius
284 770 292 784 ‚
305 760 365 790 quo
375 750 524 780 accusante
535 752 563 779 P.
575 749 692 778 Sextius
704 768 711 779 ,
723 756 766 786 pr.
777 746 955 788 designatus,
972 746 1095 775 damna-

138 801 186 823 tus
196 792 238 822 est
248 791 386 822 ambitus.
406 793 430 820 is
441 788 617 831 proceffiss'et
626 788 793 817 honoribus
806 786 937 834 longius,
950 787 1004 817 nisi
1016 788 1095 817 sem-

76 848 121 883 49
139 845 191 875 per
200 832 331 866 infirma,
344 841 427 873 atque
438 841 527 861 etiam
538 840 611 872 aegra
621 829 785 859 valitudine
796 829 907 859 fuisset.
931 832 1028 869 Atque
1039 839 1094 870 ego

137 875 275 917 praeclare
286 874 431 913 intelligo,
446 883 494 902 me
504 874 537 901 in
547 881 653 901 eorum
664 873 955 902 commemoratione
966 872 1072 900 versari
1083 891 1092 903 ,

138 921 190 960 qui
200 928 255 948 nec
265 916 354 946 habiti
366 914 422 944 sint
439 922 566 944 oratores
576 933 584 946 ‚
605 923 702 953 neque
720 912 832 942 fuerint
840 933 848 947 ,
869 914 1068 953 praeteririque
1079 911 1094 942 ῖι

137 970 189 991 me
197 960 309 999 aliquot
317 966 354 986 ex
364 955 512 985 veteribus
523 975 531 988 ,
554 956 846 984 commemoratione
856 974 863 987 ‚
884 963 934 983 aut
951 954 1037 983 laude
1046 953 1094 982 di-

136 1010 211 1043 gnos
223 1011 228 1028 z
249 998 298 1029 sed
308 998 366 1027 hoc
375 997 497 1037 quidem
516 997 696 1036 ignoratione.
721 995 793 1036 quid
802 998 887 1025 enim
900 994 943 1026 est
959 996 1092 1034 superio—

135 1044 175 1074 ris
186 1042 279 1071 aetatis
290 1059 298 1073 ‚
314 1039 395 1080 quod
406 1037 493 1067 scribi
502 1036 632 1077 poffitde
642 1039 680 1066 iis
692 1057 700 1070 ‚
720 1037 756 1066 de
767 1037 876 1078 quibus
886 1038 969 1066 nulla
979 1047 1091 1066 monu-

136 1091 238 1114 menta
252 1082 434 1121 loquuntur,
456 1089 510 1109 nec
521 1080 650 1108 aliorum
662 1098 670 1112 ‚
690 1089 744 1108 ncc
754 1079 888 1118 ipsorum
901 1082 911 1107 ?
934 1081 981 1109 De
992 1080 1028 1107 iis
1038 1088 1090 1107 au-

136 1134 198 1156 tem
208 1144 216 1158 ,
226 1133 301 1164 quos
313 1120 365 1161 ipsi
375 1121 518 1154 vidimus,
531 1122 689 1150 neminem
701 1119 762 1149 fere
773 1121 1029 1160 praetermittimus
1039 1129 1091 1149 eo-

134 1176 204 1199 rum
215 1186 224 1199 ,
242 1174 317 1205 quos
327 1162 484 1203 aliquando
494 1162 638 1192 dicenteis
648 1161 794 1191 vidimus.
817 1162 899 1191 Volo
909 1162 992 1191 enim
1003 1162 1069 1191 sciri
1079 1181 1087 1194 ‚

135 1210 170 1239 in
182 1215 257 1237 tanta
266 1226 275 1240 ‚
296 1205 328 1235 ὅτ,
339 1213 400 1235 tam
409 1213 507 1234 vetere
517 1203 617 1243 repub.
630 1205 774 1233 maximis
790 1211 902 1243 praemm
911 1204 1092 1244 eloquentiae

134 1246 289 1291 propositis
300 1266 309 1281 ‚
322 1247 440 1276 omneis
451 1244 560 1286 cupiss‘e
571 1245 679 1279 dicere,
693 1255 757 1275 non
766 1247 915 1285 plurimos
926 1246 1010 1275 ausos
1021 1243 1090 1278 esse,

134 1288 260 1333 potuisse
270 1298 385 1329 paucos.
405 1291 468 1329 Ego
479 1296 578 1317 tamen
589 1289 629 1317 ita
639 1287 675 1316 de
687 1296 869 1327 unoquoque
880 1286 989 1321 dicam,
1001 1295 1033 1316 ut
1042 1288 1091 1315 in-

137 1333 230 1374 telligi
239 1329 324 1372 poffit
335 1351 342 1363 ‚
363 1339 454 1370 quern
464 1328 637 1358 existimem
648 1329 839 1358 clamatorem
851 1349 859 1361 ‚
880 1338 973 1369 quern
990 1337 1088 1358 orato-

135 1385 202 1406 rem
211 1371 306 1404 fuisse.
329 1371 439 1401 Iisdem
448 1370 509 1400 fere
520 1370 707 1410 temporibus
718 1389 727 1404 ,
747 1379 829 1400 aetatc
838 1370 995 1400 inferiores
1005 1370 1089 1410 paul-

136 1417 180 1450 lo,
192 1414 281 1457 quam
290 1413 388 1455 Julius
398 1432 406 1446 ‚
419 1412 465 1443 sed
477 1413 601 1453 aequales
610 1413 832 1452 propemodum
841 1411 963 1441 fuerunt
974 1414 1006 1442 C.
1018 1414 1090 1441 Cot-

135 1465 165 1488 ta
174 1477 183 1491 ‚
201 1460 233 1487 Ρ.
246 1456 392 1495 Sulpicius
403 1474 412 1487 ,
433 1455 585 1494 QVarius
603 1474 612 1488 ,
633 1456 687 1484 Cn.
700 1455 888 1493 Pomponius
897 1474 905 1487 ,
932 1456 964 1483 C.
978 1456 1071 1484 Curio
1081 1473 1090 1486 ‚

138 1501 173 1531 L.
185 1496 285 1529 Fufius
295 1517 302 1531 ,
323 1500 337 1516 2
347 1498 392 1526 M.
405 1496 518 1526 Drusus
529 1515 538 1529 ‚
560 1498 590 1526 P.
602 1495 749 1525 Antistius
759 1516 768 1529 ‚
789 1505 845 1525 nec
855 1495 916 1525 ulla
925 1504 1006 1525 aetate
1017 1495 1091 1524 ube-

135 1543 197 1572 rior
215 1547 366 1570 oratorum
384 1537 474 1567 foetus
493 1537 563 1569 fuit.
595 1541 642 1568 Ex
658 1538 702 1566 his
714 1540 798 1568 Cotta
809 1537 841 1566 δε
851 1537 999 1576 Sulpicius
1017 1535 1089 1566 cum

137 1592 210 1613 meo
227 1580 355 1619 judicio,
378 1588 443 1609 tum
453 1580 596 1609 omniurn
609 1600 618 1612 ‚
636 1578 723 1609 facile
735 1581 846 1618 primas
858 1579 999 1608 tulerunt.
1033 1576 1091 1608 Hic

137 1618 253 1655 Atticus
262 1642 270 1656 ‚
291 1621 456 1660 Quomodo
473 1620 549 1651 istuc
558 1620 632 1650 dicis
644 1641 652 1654 ,
673 1622 790 1661 inquit,
810 1619 883 1650 cum
894 1629 946 1650 tuo
954 1620 1071 1660 judicio
1082 1639 1091 1653 ,

137 1666 378 1697 tumornnium?
396 1663 550 1702 semperne
560 1664 592 1692 in
602 1670 716 1692 oratore
725 1662 881 1702 probando
892 1681 900 1696 ‚
916 1671 966 1692 aut
975 1664 1091 1702 impro-

136 1706 237 1738 bando
247 1726 257 1739 ‚
276 1705 360 1745 vulgi
369 1704 513 1744 judicium
522 1724 530 1738 ‚
546 1714 616 1734 cum
626 1705 864 1746 intelligentium
882 1704 999 1744 judicio
1017 1714 1091 1734 con-

137 1750 237 1791 gruit?
252 1750 302 1778 An
317 1747 368 1778 alii
383 1747 546 1787 probantur
554 1745 570 1776 {1
580 1746 777 1776 multitudine
787 1765 796 1780 ‚
816 1746 867 1776 alii
877 1755 976 1776 autern
986 1745 1070 1775 abiis
1081 1765 1089 1778 ,

138 1791 190 1832 qui
200 1789 390 1830 intelligunt?
408 1787 504 1818 Reffi‘:
516 1790 641 1829 requiris
652 1808 660 1821 ‚
677 1790 801 1829 inquam
813 1807 822 1822 ‚
845 1789 942 1817 Attice
954 1798 959 1817 :
981 1787 1030 1818 sed
1040 1797 1091 1816 au-

138 1833 202 1862 ‘dies
212 1841 251 1861 ex
269 1841 318 1860 me
335 1829 451 1860 fortaffe
463 1850 471 1863 ‚
491 1831 572 1870 quod
582 1840 646 1860 non
657 1840 763 1860 omnes
773 1829 909 1870 probent.
942 1832 955 1856 3
970 1832 1018 1859 An
1038 1837 1069 1858 tu
1080 1849 1089 1862 ,

136 1875 238 1914 inquit
247 1893 255 1906 ,
267 1872 298 1902 id
308 1871 420 1902 laboras
429 1892 438 1905 ‚
453 1870 474 1901 sl
485 1873 555 1901 huic
565 1870 660 1901 modo
672 1874 763 1901 Bruto
772 1871 949 1911 probaturus
960 1881 989 1901 es
1002 1874 1012 1900 ?
1027 1871 1091 1901 Pla-

138 1915 178 1945 ne
189 1934 198 1948 ‚
219 1916 340 1954 inquam
351 1933 359 1946 ‚
380 1915 477 1942 Attice
485 1933 493 1945 ‚
513 1912 748 1952 disputationem
764 1915 841 1942 hanc
850 1912 887 1942 de
897 1922 1012 1948 oratore
1021 1922 1091 1952 pro-

137 1955 239 1987 bando
248 1975 257 1988 ‚
275 1953 531 1993 autimprobando
540 1973 548 1987 ‚
570 1955 668 1984 multo
676 1955 784 1984 malim
794 1954 850 1983 tibi
861 1974 869 1987 ‚
884 1954 916 1983 δε
927 1956 1018 1984 Bruto
1028 1955 1092 1994 pla—

137 2007 203 2028 cere
216 2007 221 2025 ε
233 1996 438 2036 eloquentiam
445 2004 545 2024 autem
557 2005 656 2025 meam
667 1996 780 2035 populo
790 1995 908 2034 probari
916 1996 1019 2025 velim.
1039 1999 1091 2026 Et-

138 2041 224 2070 enim
235 2035 350 2067 neceffe
360 2035 403 2066 est
413 2057 422 2069 ‚
433 2038 485 2077 qui
495 2038 534 2066 ita
544 2036 622 2066 dicat
630 2056 638 2069 ‚
657 2046 691 2067 ut
700 2037 715 2067 Ξι
726 2036 919 2066 multitudine
929 2037 1070 2076 probetur
1082 2057 1090 2070 ,

138 2079 271 2110 eundem
281 2077 379 2108 doffis
388 2079 516 2117 probari.
540 2088 608 2108 nam
619 2098 627 2112 ,
648 2078 720 2119 quid
730 2080 763 2108 in
772 2077 1026 2109 dicend01·e6tum
1037 2078 1070 2109 fit
1082 2099 1090 2112 ‚

137 2130 187 2152 aut
197 2130 321 2161 pravum
332 2139 341 2153 ,
352 2118 556 2160 egojudicabo
567 2140 575 2153 ‚
590 2118 609 2149 fi
621 2119 716 2150 modo
727 2121 752 2149 is
761 2121 827 2150 sum
839 2140 847 2153 ‚
859 2123 910 2161 qui
920 2121 950 2149 id
961 2119 1066 2160 poffim
1082 2139 1089 2153 ,

137 2172 188 2193 aut
198 2163 286 2192 sciam
295 2161 426 2201 judicare
438 2171 442 2189 :
454 2161 548 2201 qualis
559 2160 631 2191 vero
641 2160 675 2191 sit
684 2171 791 2194 orator,
804 2172 841 2191 ex
851 2172 888 2191 eo
898 2182 908 2194 ,
918 2162 997 2202 quod
1009 2164 1033 2191 is
1044 2162 1091 2191 di-

135 2203 233 2236 cendo
241 2202 350 2233 efficiet
360 2222 367 2235 ,
379 2205 488 2241 poterit
499 2203 635 2244 intelligi.
658 2205 730 2233 Tria
741 2204 901 2233 suntenim
913 2205 955 2241 (ut
965 2203 1089 2244 quidem

137 2255 193 2288 ego
203 2245 311 2285 sentio)
321 2254 384 2284 quae
395 2242 450 2274 sint
459 2242 615 2274 efficienda
624 2244 753 2275 dicendo
764 2255 769 2274 :
785 2254 818 2274 ut
826 2244 956 2273 doccatur
965 2255 1001 2278 is,
1013 2244 1090 2284 apud

138 2297 229 2328 quem
240 2286 363 2319 dicetur,
375 2294 407 2315 ut
415 2284 572 2319 delct'betur,
585 2294 617 2316 ut
625 2294 774 2315 moveatur
782 2285 1003 2316 vehementius.
1022 2288 1089 2327 qui-

137 2329 194 2360 bus
204 2328 363 2358 virtutibus
373 2329 495 2357 oratoris
514 2327 625 2357 horum
640 2328 773 2368 quidque
783 2326 929 2358 efficiatur
938 2348 947 2361 ‚
963 2336 1013 2358 aut
1022 2329 1090 2368 qui-

139 2371 195 2400 bus
204 2371 285 2400 vitiis
295 2377 391 2399 orator
400 2378 449 2398 aut
458 2379 521 2398 non
532 2366 694 2410 assequatur
703 2371 776 2403 haec,
787 2377 837 2399 aut
846 2371 936 2399 etiam
947 2371 980 2399 in
990 2371 1036 2399 his
1046 2370 1088 2399 la-

135 2411 230 2445 batur,
242 2410 373 2443 &cadat‚
382 2409 489 2440 artifex
498 2411 604 2450 aliquis
614 2411 762 2448 judicabit.
783 2410 1042 2441 Efficiatur-autem
1053 2411 1089 2441 ab

138 2461 252 2483 oratore
263 2472 271 2486 ‚
282 2462 377 2482 necne
388 2472 396 2484 ‚
409 2453 490 2485 urii,
501 2455 553 2492 qui
562 2452 697 2487 audiunt,
710 2455 749 2482 ita
758 2451 921 2483 afficiantur
929 2473 938 2486 ,
952 2463 982 2482 ut
992 2462 1090 2483 orator

137 2495 227 2525 velit:
245 2494 326 2534 vulgi
345 2492 456 2523 ass'ensu
465 2513 475 2527 ‚
494 2494 527 2523 δε
538 2495 673 2534 populari
689 2495 899 2535 approbatione
908 2494 1031 2533 judicari
1043 2495 1089 2524 so-

78 2567 90 2574 ,
138 2536 192 2565 let.
214 2538 313 2576 Itaque
324 2545 488 2575 numquam
500 2534 535 2564 de
546 2535 628 2565 bono
639 2545 752 2566 oratore
762 2557 770 2570 ,
788 2545 837 2565 aut
846 2546 911 2565 non
921 2536 1004 2566 bono
1014 2557 1022 2570 ‚
1034 2536 1090 2566 do-

76 2588 125 2624 50
139 2576 194 2607 &is
204 2577 380 2607 hominibus
390 2587 460 2606 cum
470 2578 582 2616 populo
592 2576 730 2607 distensio
738 2578 811 2608 fuit.·
830 2581 879 2607 An
889 2579 1001 2611 censes,
1014 2578 1087 2608 dum

135 2619 182 2651 illi
190 2620 349 2660 viguerunt
357 2638 365 2652 ‚
388 2628 463 2659 quos
481 2618 547 2650 ante
566 2618 632 2649 dixi
643 2639 651 2653 ‚
672 2629 737 2649 non
747 2618 868 2650 eosdem
877 2620 982 2660 gradus
991 2630 1090 2650 orato-

178 2749 201 2767 ι.
221 2744 248 2768 C.
257 2742 417 2776 Gmgonium]
438 2742 550 2769 Palatiu.
561 2741 719 2768 membrana:
730 2761 739 2775 ‚
757 2742 821 2768 item
841 2743 965 2777 Cujacius
978 2762 986 2775 ,
1005 2746 1094 2776 δατ-ςσ-

137 2784 204 2803 utus.

173 2821 202 2838 2.
221 2817 261 2839 M.
270 2813 372 2847 Drufiu,
381 2817 412 2839 P.
423 2814 565 2849 Antistius.]
578 2813 667 2840 Hodie
678 2813 710 2840 sic
720 2814 825 2850 quidem
839 2814 996 2850 publicatur.
1008 2821 1034 2840 at
1044 2814 1091 2840 Vi-

137 2845 256 2875 Ctoriana
265 2853 304 2875 M.
314 2850 405 2883 Ds‘ufiu·
413 2852 536 2882 Paszstim.
556 2850 654 2885 priores
664 2849 874 2883 adhucpatricim
885 2871 892 2881 ‚
911 2851 937 2876 δε
952 2859 1013 2876 vero
1024 2849 1092 2876 iliud

137 2885 254 2915 fasanus
263 2884 345 2910 exstat
355 2886 381 2911 in
393 2885 485 2919 Cujac.
504 2888 621 2919 Bau-'slim
633 2886 660 2913 iu
671 2886 728 2913 Pal.
740 2887 788 2912 Rix
796 2887 835 2913 ius
846 2886 938 2913 audior
949 2886 1001 2912 fuit
1014 2896 1091 2913 revo-

138 2918 212 2945 candi
223 2919 249 2946 id
260 2919 329 2955 quod
339 2920 456 2947 exhibui.

176 2962 202 2989 3.
221 2960 274 2983 eAn
283 2963 308 2980 tu
318 2956 344 2981 id
352 2958 445 2981 laboras
455 2958 480 2991 fi
495 2959 555 2983 hunc
566 2958 625 2983 modo
635 2960 707 2984 Bruto
721 2959 867 2990 probaturus
876 2967 900 2983 cs
911 2958 944 2992 ἲ]
964 2959 1005 2983 Ita
1017 2957 1091 2983 Aldi.

137 2997 198 3016 nam
208 2991 341 3017 Vitiorius
353 3010 361 3023 ,
371 2995 410 3017 An
420 2999 445 3017 tu
455 2994 598 3026 adlaboraffi
607 2995 660 3019 huic
673 3013 679 3025 ,
691 2994 741 3024 &a
752 2993 885 3028 quomodo
896 2995 988 3027 Cri-iac.
999 3003 1092 3019 exeni-

137 3024 198 3064 plar
208 3045 216 3058 ‚
234 3027 298 3052 item
310 3026 364 3052 fere
376 3027 523 3054 Palatinum
535 3039 542 3060 3
564 3028 634 3064 quod
655 3037 742 3056 tamen
754 3029 831 3056 habet
847 3032 861 3057 ἐι
872 3039 949 3056 manu
968 3029 1092 3056 ernenda-

141 3066 206 3087 tnce
217 3071 223 3088 ι
233 3065 273 3088 An
282 3070 308 3088 ru
316 3063 342 3088 id
349 3064 442 3088 laboras
451 3065 511 3089 modo
520 3068 593 3090 Bruto
598 3067 713 3097 probatus
722 3067 772 3098 effe.

175 3102 203 3127 4·
224 3100 320 3136 Ner-none
336 3100 468 3131 Philippum
479 3118 488 3133 ‚
506 3106 556 3127 ram
570 3101 638 3138 dvm]
657 3101 792 3130 Palatinus
805 3120 814 3136 ‚
832 3111 894 3133 nemo
903 3108 929 3129 ut
938 3102 1073 3136 Philippum
1084 3120 1093 3135 ‚

142 3130 211 3165 guod
219 3138 306 3166 potius
315 3133 462 3162 habuerim.

1146 134 1266 178 [2153.
1295 141 1446 177 ‘'sr‘vE
1477 125 1697 179 Bmfr‘v
1714 151 1746 178 s.
2008 148 2107 197 '¹41

1148 220 1216 241 rum
1227 212 1310 254 vulgi
1319 213 1436 251 judicio
1447 233 1456 247 ‚
1469 213 1501 243 δε
1512 212 1673 243 doctorum
1685 211 1790 243 fuisse?
1804 215 1851 243 De
1860 214 1973 254 populo
1983 213 2003 243 fi
2013 225 2108 255 quem

1147 253 1369 294 itarogaviffes,
1389 255 1462 295 Qu
1478 254 1521 284 ese*
1539 256 1568 284 in
1585 255 1636 283 hac
1654 256 1775 284 civitate
1791 254 2046 295 eloquenrfflmm?
2066 258 2104 287 In

1149 296 1284 324 Antonio
1298 297 1330 326 δε
1344 296 1442 326 Crasso
1453 317 1462 330 ‚
1482 305 1532 327 aut
1549 296 1715 329 dubitaret,
1733 306 1783 326 aut
1800 298 1880 326 hunc
1897 298 1971 327 alius
1983 318 1990 330 ‚
2012 298 2102 328 illum

1147 335 1221 364 alius
1233 336 1352 367 diceret.
1375 341 1392 364 4
1401 348 1534 368 nemone
1545 339 1728 377 Philippum,
1741 347 1802 368 tam
1812 339 1932 368 suavem
1942 347 2103 373 oratorem,

1147 383 1205 403 tarn
1218 387 1336 416 gravem
1348 398 1354 410 ‚
1376 387 1437 409 tam
1447 379 1575 410 facetum
1588 400 1596 413 ‚
1618 381 1664 409 his
1674 379 1847 413 anteferret,
1868 390 1959 421 quem
1971 381 2106 410 nosmet-

1146 415 1198 453 ipsi
1211 436 1218 448 ,
1236 420 1293 460 ’qui
1303 420 1365 448 haec
1376 429 1434 455 arte
1445 421 1543 461 aliqua
1560 421 1702 451 volumus
1721 421 1888 461 expendere
1898 442 1906 455 ‚
1927 424 2105 462 proximum

1146 457 1208 485 illis
1228 458 1314 487 ruiss'e
1333 460 1489 490 diximus?
1508 465 1611 492 Nemo
1631 462 1774 502 profesto.
1803 466 1840 493 11>
1854 473 1944 494 i-:N1M
1955 465 2052 503 ipsum
2062 463 2105 494 est

1147 499 1261 528 summi
1272 503 1394 530 oratoris
1405 521 1413 534 ‚
1427 503 1581 532 summum
1593 514 1741 534 oratorem
1750 506 1864 544 populo
1874 505 1983 535 videri.
2034 516 2104 535 uate

1138 540 1260 570 >tibicen
1271 543 1464 583 Antigenidas
1474 544 1584 574 dixerit
1593 545 1740 585 discipulo
1753 546 1819 576 sane
1828 546 1949 586 frigenti
1960 547 1994 577 ad
2005 557 2103 587 popu·

1147 581 1210 610 lum
1222 601 1230 614 ‚
1243 582 1323 611 Mihi
1334 594 1397 611 cane
1407 604 1414 615 ‚
1427 584 1460 615 (ἵ)
1470 586 1578 624 Musis:
1590 596 1643 627 ego
1654 588 1724 617 huic
1735 590 1823 618 Bruto
1834 588 1946 618 dicenti
1956 609 1964 622 ,
1975 598 2006 618 ut
2017 589 2101 621 solet,

1146 623 1463 661 apudymultitudinem
1475 647 1483 659 ,
1496 627 1575 655 Mun
1588 638 1650 655 carne
1660 648 1667 660 ,
1680 628 1828 670 &populo,
1841 632 1885 659 mi
1896 631 1982 661 Brute
1994 651 2001 663 ,
2015 630 2105 660 dixe-

1146 666 1205 693 rim
1218 675 1222 693 :
1234 674 1285 699 ut,
1296 668 1349 706 qui
1361 666 1502 700 audient,
1514 668 1586 707 quid
1597 666 1742 699 efficiatur
1752 681 1757 698 :
1767 681 1822 711 ego
1833 691 1840 704 ‚
1854 674 1943 701 etiam
1954 682 2005 701 cur
2015 672 2045 702 id
2056 672 2102 701 ef-

1147 703 1274 739 ficiatur,
1298 708 1475 748 intelligam.
1507 708 1608 738 Credit
1628 710 1664 738 iis
1675 730 1683 743 ‚
1704 722 1768 751 quae
1779 713 1919 742 dicuntur
1930 735 1937 745 ,
1958 715 2009 754 qui
2021 713 2105 744 audit

1145 756 1294 778 oratorem
1306 759 1311 777 :
1323 759 1391 779 vera
1401 758 1483 789 putat
1493 771 1500 783 ,
1513 748 1674 783 ass'entitur,
1690 753 1803 790 probat,
1817 752 1907 783 fidem
1918 754 1987 785 facit
1997 757 2102 785 oratio.

1146 791 1196 818 Tu
1207 789 1313 820 artifex
1324 810 1331 823 ‚
1351 791 1424 831 quid
1434 793 1541 832 quaeris
1550 792 1701 830 amplius?
1720 793 1880 824 delcetatur
1889 796 2011 826 audiens
2020 796 2105 827 mul-

1144 831 1244 860 titudo
1255 852 1263 865 ‚
1277 832 1310 862 &
1320 832 1438 862 ducitur
1447 834 1593 865 oratione,
1608 834 1640 862 &
1653 832 1730 874 quasi
1740 836 1891 874 voluptate
1900 838 2025 877 quadam
2035 849 2103 878 per-

1143 870 1291 902 funditur.
1316 874 1389 914 quid
1399 875 1488 904 habes
1498 874 1579 915 quod
1590 874 1740 914 disputes?
1758 877 1865 916 gaudet
1875 898 1882 910 ,
1895 879 1993 912 dolet,
2006 880 2081 909 ridet
2092 900 2101 913 ‚

1143 914 1238 952 plorat
1250 935 1257 947 ,
1271 914 1351 945 favet
1361 936 1368 948 ,
1382 916 1446 945 odit
1456 937 1464 949 ,
1474 918 1645 946 contemnit
1654 937 1662 949 ‚
1675 917 1807 951 invidet,
1819 918 1852 947 ad
1864 920 2100 951 misericordiam

1142 955 1296 986 inducitur
1306 977 1314 990 ‚
1325 957 1359 986 ad
1372 957 1557 996 pudendum,
1570 957 1604 987 ad
1615 958 1778 999 pigendum
1790 979 1799 992 ‚
1813 960 1952 994 irascitur,
1966 964 2101 996 miratur,

1142 997 1236 1035 sperat
1245 1018 1253 1031 ‚
1267 1000 1368 1028 timet:
1380 1000 1443 1029 haec
1453 999 1576 1039 perinde
1586 1000 1732 1033 accidunt,
1745 1010 1778 1030 ut
1789 1010 1907 1034 eorum.
1921 1004 1972 1042 qui
1983 1003 2100 1037 adstant,

1143 1048 1258 1068 mentes
1276 1040 1374 1070 verbis
1385 1060 1392 1073 ‚
1416 1041 1448 1070 δε
1461 1041 1614 1070 sententiis
1624 1061 1632 1074 ‚
1656 1041 1815 1072 &afflone
1825 1042 1996 1073 traetantur.
2020 1046 2102 1085 Qid

1142 1079 1184 1109 est
1204 1100 1212 1114 ‚
1233 1080 1315 1121 quod
1337 1082 1521 1121 exspeEtetur
1540 1082 1623 1112 dotti
1643 1083 1767 1122 alicujus
1786 1085 1952 1114 sententia?
1981 1088 2007 1122 Q
2019 1096 2040 1115 U
2052 1096 2070 1115 o
2081 1097 2102 1114 D

1142 1131 1162 1150 E
1174 1131 1194 1150 N
1209 1132 1219 1151 1
1234 1132 1260 1151 M
1276 1123 1379 1162 probat
1390 1123 1565 1156 multitudo,
1579 1125 1635 1154 hoc
1645 1124 1727 1154 idern
1738 1124 1837 1155 doffls
1846 1122 2037 1165 probandum
2048 1127 2100 1157 est.

1141 1162 1271 1203 denique
1290 1165 1348 1195 hoc
1365 1166 1516 1204 specimen
1527 1165 1569 1195 est
1578 1167 1729 1205 popularis
1745 1166 1851 1206 judicii
1861 1187 1869 1201 ‚
1891 1169 1924 1197 in
1933 1178 1994 1209 quo
2007 1179 2100 1198 num-

1140 1215 1230 1245 quam
1241 1205 1298 1235 fuit
1307 1207 1422 1246 populo
1433 1217 1503 1237 cum
1513 1206 1611 1236 deeris
1622 1228 1630 1240 ,
1644 1208 1939 1250 intelligentibusque
1949 1208 2102 1240 diss'cnsio,

1141 1246 1220 1276 Cslm
1229 1248 1319 1277 multi
1328 1247 1423 1278 effent
1431 1257 1560 1278 oratores
1570 1251 1601 1278 in
1612 1251 1694 1279 vatio
1703 1260 1810 1289 genere
1819 1250 2021 1293 dicendi‚quis
2032 1263 2102 1282 urn-

1140 1298 1231 1328 quam
1249 1299 1288 1319 ex
1307 1291 1353 1319 his
1364 1290 1665 1330 excellerejudicatus
1676 1291 1719 1321 est
1728 1292 1810 1333 vulgi
1819 1292 1935 1332 judicio
1945 1314 1953 1326 ,
1972 1296 2100 1334 quinon

1139 1329 1221 1359 idem
1241 1331 1363 1361 &dotus
1380 1332 1559 1371 probaretur.
1591 1333 1722 1373 Qando
1739 1343 1838 1363 autem
1857 1334 1984 1364 dubium
2001 1334 2101 1366 fuiss'et

1139 1372 1215 1411 apud
1225 1381 1318 1411 patres
1329 1373 1457 1407 nostros,
1470 1373 1600 1414 eligendi
1610 1376 1658 1403 cui
1668 1377 1783 1414 patroni
1796 1375 1911 1405 daretur
1920 1378 2015 1415 optio,
2024 1380 2100 1418 quin

1140 1421 1189 1443 aut
1197 1416 1369 1444 Antonium
1378 1424 1503 1455 optaret,
1516 1424 1565 1445 aut
1574 1414 1708 1445 Crafl'um
1720 1419 1730 1445 ?
1741 1416 1871 1446 Aderant
1880 1419 1970 1447 multi
1982 1419 2047 1448 alii:
2058 1428 2102 1448 ta-

1141 1465 1213 1485 men
1224 1455 1326 1486 utrum
1337 1457 1372 1486 de
1384 1458 1430 1486 his
1440 1456 1539 1496 potius
1550 1477 1558 1490 ‚
1571 1456 1727 1488 dubitaffet
1736 1458 1842 1498 aliquis
1853 1469 1858 1487 :
1875 1462 1950 1498 quin
1959 1460 2099 1493 alterum,

1140 1506 1244 1527 nemo.
1277 1498 1358 1540 Qid
1377 1498 1614 1529 adolescentibus
1634 1499 1723 1528 nobis
1732 1519 1741 1533 ,
1758 1499 1833 1530 cum
1851 1499 1922 1530 ess'et
1940 1504 2024 1531 Cotta
2035 1522 2044 1534 ,
2066 1502 2100 1532 δε

1142 1538 1319 1569 Hortensius
1330 1560 1338 1574 ‚
1350 1550 1427 1570 num
1437 1542 1503 1581 quis
1513 1560 1522 1573 ‚
1536 1542 1585 1570 cui
1595 1540 1718 1581 quidem
1729 1541 1861 1582 eligendi
1872 1542 1999 1581 potestas
2008 1542 2078 1573 estet
2087 1564 2097 1577 ‚

1140 1591 1323 1622 quemquam
1343 1583 1390 1611 his
1408 1582 1625 1622 anteponebat?
1647 1585 1730 1612 Tum
1742 1585 1847 1613 Brutus
1858 1603 1866 1617 ‚
1887 1584 1960 1624 quid
1977 1593 2008 1614 tu
2019 1604 2027 1618 ‚
2049 1586 2098 1614 in-

1140 1625 1216 1663 quit,
1227 1625 1334 1664 quaeris
1342 1624 1417 1654 alios
1427 1627 1438 1652 ?
1448 1624 1483 1653 de
1497 1633 1525 1654 te
1535 1624 1601 1663 ipso
1611 1634 1723 1657 nonne,
1735 1625 1807 1665 quid
1815 1634 1950 1664 optarent
1959 1628 2012 1660 rei,
2024 1627 2112 1667 quid

1141 1665 1202 1704 ipse
1214 1664 1388 1695 Hortensius
1401 1665 1546 1705 judicaret
1556 1686 1568 1698 ,
1585 1665 1760 1696 videbamus
1773 1669 1784 1696 ?
1802 1668 1855 1707 qui
1864 1666 1934 1697 cum
1946 1669 2100 1707 partiretur

1141 1715 1239 1736 tecum
1250 1707 1349 1737 causas
1359 1727 1369 1740 ‚
1392 1707 1487 1747 (saepe
1498 1709 1581 1737 enim
1592 1706 1714 1737 interfui
1727 1708 1901 1748 )perorandi
1911 1710 2013 1739 locum
2026 1731 2034 1742 ,
2046 1710 2099 1740 ubi

1139 1749 1307 1788 plurimum
1318 1749 1413 1788 pollet
1421 1751 1516 1779 oratio
1526 1770 1535 1783 2
1546 1750 1663 1788 semper
1673 1749 1728 1779 tibi
1739 1750 1933 1791 relinquebat.
1965 1752 2100 1782 Faciebat

1140 1790 1191 1820 ille
1202 1790 1325 1831 quidem
1337 1811 1345 1824 ‚
1358 1792 1482 1832 inquam
1495 1801 1500 1821 :
1522 1792 1556 1821 &
1565 1792 1642 1821 mihi
1652 1811 1660 1825 ,
1675 1792 1896 1826 benivolentia,
1913 1793 2002 1823 credo
2013 1813 2022 1827 ,
2042 1791 2099 1823 du-

1143 1831 1207 1861 etus
1217 1852 1225 1866 ‚
1238 1833 1383 1863 tribuebat
1395 1834 1508 1863 omnia.
1539 1833 1595 1863 Sed
1605 1843 1660 1874 ego
1671 1853 1679 1866 ‚
1690 1843 1756 1874 quie
1766 1833 1803 1864 de
1814 1844 1863 1863 me
1873 1835 1977 1874 populi
1986 1833 2021 1865 sit
2029 1837 2097 1874 opi-

1141 1876 1195 1904 nio
1206 1894 1214 1907 ‚
1232 1875 1333 1914 nescio
1347 1885 1352 1903 :
1372 1874 1409 1904 de
1418 1876 1541 1915 reliquis
1551 1876 1608 1904 hoc
1619 1874 1736 1904 affirmo
1746 1895 1754 1908 ‚
1774 1878 1842 1916 QI
1855 1885 1963 1906 vULor
1975 1878 2098 1916 opinio-

1141 1926 1179 1946 ne
1191 1914 1472 1955 disertiffimihabiti
1489 1915 1562 1949 sint,
1581 1917 1702 1946 eosdem
1722 1917 1960 1958 intelligentium·
1976 1927 2097 1958 quoque

1137 1958 1254 1997 judicio
1263 1956 1350 1987 fuiss‘e
1359 1956 1588 1998 probatissimos.
1611 1960 1678 1987 Nec
1687 1960 1770 1987 enim
1779 1957 1876 1997 poffet
1884 1958 1966 1989 idem
1975 1961 2096 1989 Demo-

1141 1998 1259 2029 sthenes
1277 1999 1373 2029 dicere
1384 2019 1392 2033 ‚
1412 2000 1494 2040 quod
1505 1997 1613 2028 dixisse
1624 2001 1839 2029 Antimachum
1851 2020 1859 2033 ‚
1880 2000 2011 2030 Clarium
2021 2002 2096 2040 po'e—

1141 2049 1201 2071 tam
1213 2060 1221 2074 ,
1239 2040 1340 2070 ferunt
1348 2060 1356 2074 ‚
1377 2044 1429 2082 qui
1447 2040 1519 2070 cum
1533 2043 1705 2078 convocatis
1723 2041 1908 2071 auditoribus
1926 2042 2035 2081 legeret
2054 2044 2096 2072 eis

1141 2092 1285 2123 magnum
1295 2083 1371 2112 illud
1383 2103 1390 2115 ,
1403 2082 1484 2123 quod
1494 2081 1621 2113 novistis
1632 2103 1640 2116 ‚
1652 2083 1800 2112 volumen
1811 2083 1897 2113 suurn
1908 2104 1916 2116 ,
1929 2084 1961 2112 ὃς
1972 2094 2043 2113 eum
2055 2084 2096 2113 le·-

1139 2133 1261 2165 gentem
1271 2134 1380 2154 omnes
1391 2144 1398 2158 ‚
1410 2134 1513 2164 praeter
1522 2125 1677 2154 Platonem
1688 2144 1696 2157 ,
1708 2123 1891 2165 reliquissent
1899 2145 1907 2158 ‚
1919 2128 2036 2165 Legam‚
2048 2127 2097 2155 in—

1140 2168 1217 2205 quit,
1231 2165 1315 2194 nihilo
1331 2166 1423 2194 mimos
1432 2177 1443 2192 :
1462 2166 1544 2194 Plato
1556 2166 1629 2194 enim
1638 2166 1708 2194 mihi
1718 2175 1788 2194 unm
1799 2170 1812 2193 5
1823 2165 1907 2202 instar
1917 2167 1960 2195 es?
1970 2168 2095 2195 omnium

1140 2208 1273 2235 millium.
1297 2207 1330 2236 &
1341 2206 1430 2237 refie.
1463 2208 1573 2237 Po‘e'ma
1584 2209 1667 2236 enirn
1677 2208 1866 2238 reconditum
1878 2228 1886 2240 ,
1907 2206 2095 2247 6paucorum

1138 2248 1350 2288 approbatione
1362 2260 1370 2283 3
1381 2250 1476 2279 oratio
1485 2249 1633 2288 popularis
1645 2269 1653 2282 ‚
1663 2248 1698 2278 ad
1710 2250 1829 2279 sensum
1838 2251 1921 2291 vulgi
1930 2250 2016 2280 debet
2025 2260 2094 2280 mo-

1138 2291 1209 2321 veri.
1241 2293 1282 2319 At
1292 2310 1301 2323 ,
1323 2288 1343 2319 fi
1354 2290 1485 2320 eundem
1498 2291 1576 2320 hune
1587 2291 1741 2320 Platonem
1753 2301 1850 2321 unum
1866 2291 2032 2321 auditorem
2042 2293 2095 2322 ha-

1138 2332 1220 2361 beret
1230 2330 1468 2365 Demosthenes,
1489 2330 1559 2361 curn
1572 2331 1771 2362 effetrelffiius
1787 2332 1804 2363 a
1820 2335 1924 2362 ceteris
1935 2353 1943 2366 ‚
1963 2334 2091 2363 verbum

1137 2372 1231 2403 facere
1242 2383 1306 2402 non
1316 2372 1420 2413 pofi'et.
1444 2378 1458 2401 7
1468 2373 1569 2415 Qid?
1585 2383 1617 2402 tu
1627 2376 1714 2403 Brute
1724 2373 1820 2413 posses
1830 2395 1839 2409 ‚
1852 2374 1872 2403 fi
1883 2383 1910 2404 te
1919 2395 1927 2408 ‚
1941 2383 1972 2404 ut
1984 2377 2092 2404 Curio-

1138 2424 1209 2444 nem
1219 2415 1371 2455 quondam
1382 2435 1390 2448 ‚
1412 2425 1519 2444 concio
1530 2414 1713 2455 reliquifl‘et?
1736 2419 1798 2456 Ego
1809 2415 1880 2445 vero
1891 2436 1899 2449 ,
1912 2418 2010 2456 inquit
2019 2416 2069 2446 ille
2080 2436 2090 2450 ‚

1136 2466 1170 2486 nt
1182 2465 1231 2486 me
1242 2456 1297 2486 tibi
1308 2457 1452 2490 indicem,
1466 2459 1498 2485 in
1508 2459 1550 2486 eis
1560 2466 1648 2486 etiam
1660 2456 1758 2490 causis,
1772 2460 1803 2486 in
1814 2457 1921 2497 quibus
1933 2459 2034 2487 omnis
2045 2467 2091 2487 res

1138 2498 1226 2528 nobis
1236 2498 1465 2538 cumjudicibus
1475 2497 1518 2527 est
1527 2518 1534 2531 ‚
1550 2508 1613 2527 non
1623 2508 1691 2527 cum
1701 2499 1827 2538 populo,
1839 2507 1939 2528 tamen
1950 2497 1969 2528 sl
1981 2502 1995 2528 a
2003 2509 2091 2529 coro-

1138 2550 1176 2570 na
1185 2539 1306 2569 reliEtus
1318 2539 1371 2569 sim
1383 2559 1391 2572 ,
1403 2550 1467 2569 non
1479 2549 1585 2579 queam
1596 2540 1704 2569 dicere.
1728 2542 1769 2569 Ita
1779 2540 1807 2569 se
1816 2560 1825 2573 ‚
1838 2542 1972 2581 inquam,
1984 2551 2028 2570 res
2039 2543 2091 2571 ha-

1139 2582 1197 2611 bet.
1221 2591 1254 2611 ut
1264 2602 1272 2614 ‚
1294 2579 1314 2610 si
1325 2583 1404 2611 tibiae
1414 2580 1522 2611 inflatae
1535 2590 1597 2610 non
1616 2580 1742 2610 referant
1760 2581 1869 2611 sonum
1883 2601 1890 2615 ‚
1912 2582 2092 2621 abjiciendas

1142 2633 1187 2653 eas
1199 2622 1252 2653 sibi
1263 2622 1374 2653 tibicen
1383 2631 1467 2663 putet
1479 2633 1484 2650 ·.
1502 2622 1539 2651 szc
1551 2624 1658 2652 oratori
1669 2623 1766 2663 populi
1775 2634 1854 2651 aures
1863 2633 2001 2665 tanquam
2013 2624 2093 2654 tibiae

2006 2667 2091 2696 sunt:

1172 2752 1199 2775 5.
1218 2745 1340 2776 Instare&
1354 2753 1453 2768 mnnmm
1472 2742 1592 2776 millium]
1614 2743 1655 2769 Sic
1664 2744 1788 2779 quosdam
1800 2745 1887 2780 legere
1897 2744 1994 2770 indicat
2007 2742 2093 2770 Aldus

1134 2783 1226 2818 Nepos
1238 2792 1245 2813 5
1257 2782 1427 2819 placebatque
1437 2782 1595 2808 Gulielmio.
1615 2782 1718 2809 dietum
1729 2792 1757 2810 ut
1767 2785 1866 2810 Graecis
1876 2781 1971 2820 μυελα
1983 2781 2095 2812 π’νἿα.

1136 2822 1253 2857 vulgata,
1265 2826 1364 2849 omnium
1373 2832 1407 2848 me
1415 2825 1490 2848 illum.
1511 2822 1580 2858 quod
1592 2823 1619 2848 8<
1630 2824 1656 2849 in
1669 2824 1725 2849 Pal.
1736 2825 1763 2849 Sc
1775 2824 1869 2857 Cujac.
1882 2824 2024 2851 Lambinus
2035 2825 2093 2850 heic

1134 2859 1200 2884 mire
1210 2866 1334 2894 nugatur.
1354 2858 1495 2886 Turnebus
1505 2859 1632 2890 irridebat,
1641 2863 1740 2885 omnium
1748 2863 1848 2886 illm-um.
1863 2860 1970 2893 Rivius,
1981 2864 2092 2892 omnium,

1134 2898 1214 2920 merito
1221 2898 1267 2920 ilie.

1169 2930 1196 2956 6.
1215 2934 1349 2956 Pansam-m
1359 2930 1539 2963 [μζςη-οόκιτίοφῑες
1557 2932 1629 2956 oratio
1642 2934 1721 2964 posul.
1733 2932 1858 2965 adfinfitm
1869 2934 1934 2965 vu&
1943 2932 2006 2957 dehet
2016 2941 2093 2956 move·-

1134 2965 1182 2999 rL]
1195 2966 1246 2992 Isto
1257 2965 1336 2992 modo
1348 2966 1481 2992 Palatinus
1494 2976 1502 2996 3
1523 2966 1633 2992 necabit
1642 2968 1735 2997 Cui-ac.
1747 2977 1824 3002 quani
1835 2967 1904 3002 quod
1916 2969 1936 2993 is
1950 2987 1957 2997 ,
1976 2968 2093 2999 adproba-

1131 3005 1223 3027 tionem.
1242 3000 1376 3028 Corradus
1386 3001 1552 3033 emendabat,
1561 3010 1632 3034 panc.
1643 3004 1829 3035 adprobemuncm
1839 3015 1846 3035 ,-
1857 3007 1929 3028 orario
1936 3011 1985 3035 pap.
1999 3004 2091 3035 adsm-

1127 3037 1182 3069 flua
1191 3039 1258 3069 vulgi
1266 3038 1329 3062 Ache:
1340 3045 1438 3063 movi-re.
1457 3038 1553 3064 Rivius
1565 3037 1655 3064 cadem
1666 3039 1795 3065 retinebat
1805 3039 1851 3065 niti
1863 3038 1932 3075 quod
1945 3039 2040 3065 ultimo
2051 3039 2093 3063 lo-

1133 3081 1164 3098 co
1175 3080 1314 3108 reponeret
1327 3091 1334 3103 ,
1345 3076 1436 3098 mereri.

1170 3117 1198 3141 7-
1218 3109 1282 3139 fizgrd
1290 3115 1316 3132 tu
1327 3109 1474 3141 Brutrpqffls
1487 3110 1564 3142 ,sire⁷
1573 3110 1641 3145 5320]
1663 3110 1720 3136 Pal.
1730 3109 1758 3135 8<
1769 3109 1861 3145 Cujac.
1873 3111 1916 3144 mfi
1923 3117 1943 3136 te
1954 3129 1963 3139 ‚
1974 3108 2091 3135 rescribit

1135 3144 1296 3172 Gulielmius
1308 3144 1393 3179 ‚suffe-5
1404 3154 1431 3171 nc
1442 3146 1508 3179 ,fite
1519 3164 1527 3180 ,
1537 3146 1588 3177 &c

1653 3181 1671 3209 S
1692 3189 1706 3215 3
1992 3189 2015 3206 1.
2026 3180 2090 3208 rau-

2115 1590 2157 1621 51
