2297 3389
647 113 910 161 ORAT10
966 129 1083 161 PRO

127 200 268 243 expulsus
289 210 295 231 :
313 196 376 240 jam
388 194 474 229 astris
490 192 548 226 diis
558 194 716 236 penatibus
732 205 861 236 praeceps
871 195 984 236 eje-&us
995 217 1004 232 ,
1026 198 1089 237 jam

125 244 219 287 (quod
229 238 471 284 indignissimum
480 236 534 277 est)
552 238 670 278 suorum
683 238 830 277 servorum
840 237 971 267 manibus
983 259 990 273 ,
1011 249 1092 270 nun—

124 289 167 317 tio
180 294 265 326 atque
275 283 405 323 imperio
416 289 469 311 tuo
478 299 487 313 ‚
498 281 628 310 violatus
637 278 717 310 ess'et.
742 282 910 321 Corrigeres
920 281 984 310 haec
994 301 1003 314 ,
1015 281 1094 311 scili*

121 337 186 361 cet,
211 337 242 357 tu
251 324 360 367 postea.
384 326 434 353 Dc
450 321 627 364 cujusquam
638 323 700 353 vita
715 321 813 355 dicere
830 321 920 352 audes
937 342 944 355 ,
969 324 1022 363 qui
1034 324 1093 352 hoc

119 368 264 401 concedas
282 364 398 398 necefl'e
417 363 461 395 est
473 384 482 398 ,
503 365 543 395 ita
562 373 590 395 te
611 374 711 394 cecum
730 363 888 406 cupiditate
906 364 941 397 (φ
959 364 1092 394 avaritia

118 409 207 443 fuisse
218 430 226 445 ‚
236 418 270 441 ut
281 429 290 444 ‚
301 407 373 439 cum
383 406 484 448 postea
493 407 565 448 quid
576 407 714 437 futurum
726 405 799 437 effet
808 427 817 441 ‚
828 408 981 448 ignorares
991 427 1000 440 ,
1012 408 1089 436 acci-

120 453 188 484 dere
205 460 305 483 autern
316 451 411 482 multa
421 447 540 491 poffent
552 460 557 479 :
576 450 660 490 spem
672 447 815 480 maleficii
831 449 985 490 praesentis
995 450 1029 479 in
1039 450 1089 479 in-

120 504 200 526 certo
220 495 328 535 reliqui
346 493 492 533 temporis
512 501 623 523 eventu
632 491 817 523 collocares?
839 493 937 532 Atque
948 491 1012 521 haec
1021 501 1089 532 per-

119 536 191 568 inde
208 537 318 577 loquor
327 555 336 570 ,
361 533 440 577 quasi
450 535 515 575 ipso
526 535 581 565 illo
591 543 727 580 tempore
737 554 745 568 ‚
756 532 828 565 cum
840 542 867 563 te
876 531 1086 575 praetorjuffis-

116 579 159 610 set
168 589 206 610 ex
215 577 317 609 edfflko
326 576 472 619 poffidere
483 597 491 611 ,
511 575 532 607 fi
543 578 575 607 in
586 575 798 618 possesfionem
809 574 935 606 mififfes
945 596 955 610 ‚
973 576 1087 606 debue-

117 623 179 656 ris,
203 630 254 651 aut
273 622 408 661 potueris
429 622 459 650 P.
472 621 639 660 Qijntium
660 619 697 649 de
717 616 895 659 pofl'effione
918 617 1086 648 deturbare.

54 667 98 704 27
119 665 233 695 Omnia
248 663 336 696 sunt,
361 662 544 703 C.Aquilii‚
567 660 739 701 ejusmodi,
763 661 864 702 quivis
882 669 915 690 ut
924 660 1087 700 perspicere

114 704 221 748 poffit‚
242 707 275 736 in
285 706 339 736 hac
353 705 438 735 causa
457 703 666 747 improbitatem
677 723 686 736 ,
709 702 880 743 &gratiam
898 703 1084 744 cuminopia‚

115 749 150 779 δε
161 748 284 778 veritate
293 747 487 779 contendere.
506 749 615 776 Praetor
625 754 654 775 te
668 744 931 786 quemadmodum
942 742 1088 784 possidere

111 788 216 832 juffit?
238 792 349 831 opinor
367 799 405 820 ex
423 788 532 819 edieto.
555 785 682 828 Sponfio
693 797 760 828 quae
774 789 808 817 in
818 787 908 818 verba
925 786 1002 817 faCta
1019 786 1084 817 est?

85 838 88 841 '
114 836 126 853 ¹
140 835 176 863 S1
196 842 240 863 Ex
260 842 383 863 Emcro
406 840 583 861 muz-roms
606 838 698 859 BONA
718 832 749 860 P.
760 831 910 871 ern
936 838 1087 859 possess».

114 884 184 906 NON
207 884 294 905 smr.
321 873 493 905 Redeamus
504 872 540 903 ad
551 870 697 902 edi&um.
720 871 755 902 Id
765 871 1027 913 quemadmodum
1035 872 1045 912 j
1052 882 1086 901 u-

118 917 170 948 bet
185 915 328 958 poffidere
349 919 360 946 ?
382 917 469 945 Num
479 913 553 956 quid
569 913 614 945 est
623 914 733 948 causae,
754 914 908 955 C.Aquilli
920 934 928 947 ,
947 915 1023 955 quin
1034 934 1042 947 ,
1064 912 1085 943 fi

114 959 207 1000 longe
222 959 310 989 aliter
326 956 471 998 poss'edit,
490 956 582 998 quam
606 965 714 997 praetor
723 956 837 990 edixit,
860 955 914 987 iste
933 967 971 986 ex
981 955 1084 987 edieto

86 1018 96 1019 ff
107 998 369 1041 fionpoffederit,
389 1009 444 1042 ego
456 998 614 1040 sponsione
625 1000 777 1029 vicerim?
800 999 891 1030 Nihil
901 1000 1019 1039 opinor.
1031 1009 1084 1029 co-

112 1043 291 1086 gnoscamus
300 1041 447 1072 edidium.
467 1044 532 1084 Q1
557 1051 600 1072 Ex
624 1051 749 1072 Enim-O
773 1051 843 1071 MEO
866 1045 880 1061 ²
895 1051 931 1070 m
956 1051 1083 1072 POSSES-

113 1094 241 1116 sonEM
263 1093 452 1115 VENERtNT.
475 1086 562 1114 Dete
573 1084 726 1125 loquitur,
748 1085 860 1117 Naevi,
880 1083 1084 1124 quemadmo-
1106 1103 1108 1120 ,

114 1127 189 1158 dum
201 1135 233 1157 tu
249 1135 343 1168 putas.
355 1128 398 1157 ais
412 1127 497 1156 enim
509 1134 536 1157 te
553 1135 592 1156 ex
603 1125 704 1156 edicio
712 1124 836 1156 venisse.
850 1126 926 1159 tibi,
947 1125 1019 1167 quid
1038 1125 1083 1157 fa-

112 1170 191 1203 cias,
209 1167 335 1200 definit:
355 1167 545 1202 teinstituit‚
561 1168 770 1209 tibipraeccpta
780 1168 836 1199 dat.
870 1170 932 1198 Eos
944 1177 1004 1199 1-rA
1028 1178 1082 1198 VI-

113 1221 226 1242 DETUR
257 1221 295 1241 m
325 1220 538 1242 PossEsS1oNE
568 1220 644 1241 nssn
671 1220 854 1241 OPORTERE.
890 1209 1083 1252 Qomodo?

113 1255 208 1297 QOD
231 1263 357 1284 numm
380 1263 492 1283 RECTE
514 1262 706 1283 cusromnss
730 1262 908 1283 romaum·
925 1273 933 1286 ‚
957 1263 993 1282 ιο
1016 1262 1084 1282 1131-

113 1305 188 1327 »ΕΜ
211 1305 436 1327 cus-romANT.
460 1304 552 1334 Qon
574 1305 641 1325 NON
665 1305 868 1328 POTERUNT,
893 1305 929 1324 11>
952 1304 1083 1325 Aur-ER-

112 1347 176 1372 ιε,
197 1348 238 1368 m·
256 1347 439 1368 Annum-:RE
458 1347 612 1367 neeman
640 1337 721 1377 Qid
734 1339 1022 1370 tum?DOM1NtJM,
1034 1339 1083 1367 in-

110 1382 198 1422 quit,
217 1390 373 1411 mvn-um
396 1389 601 1410 niz-munzun
622 1389 691 1409 NON
714 1388 854 1409 PLACET.
876 1382 956 1410 Eum
969 1379 1081 1419 ipsum,

112 1424 165 1464 qui
179 1421 337 1453 fraudandi
347 1421 430 1452 causa
439 1422 552 1452 latitet:
571 1431 642 1451 eum
654 1421 753 1462 ipsum
766 1442 774 1455 ‚
796 1430 888 1462 quem
898 1421 1016 1461 judicio
1027 1432 1083 1452 ne-

113 1474 168 1496 mo
177 1463 318 1495 defendat
331 1475 336 1493 :
357 1474 430 1494 eum
444 1464 543 1504 ipsum
554 1484 563 1498 ‚
582 1466 715 1505 quicum
728 1463 873 1494 omnibus
883 1463 1082 1494 creditoribus

113 1506 172 1538 suis
182 1506 262 1537 male
276 1516 348 1548 agat,
360 1507 488 1536 invitum
499 1507 530 1535 de
536 1506 634 1548 pradia
645 1506 756 1535 detrudi
766 1514 854 1536 vetat.
878 1504 1081 1537 Proficiscenti

111 1549 167 1580 tibi
175 1550 209 1579 in
217 1546 430 1590 poss'effionem
441 1558 551 1589 praetor
560 1549 633 1589 ipse,
644 1547 921 1589 Sex.Naevi‚palam
932 1548 1020 1578 dicit:
1041 1550 1082 1579 ita

113 1589 257 1632 poffideto
267 1611 275 1624 ‚
288 1599 321 1621 ut
330 1600 431 1621 tecum
444 1590 532 1622 simul
542 1587 685 1631 possideat
695 1592 855 1632 Qintius:
871 1592 910 1620 ita
919 1588 1077 1631 possideto,

117 1637 130 1662 3
141 1635 308 1674 thiintio
327 1635 372 1662 vis
389 1643 427 1663 ne
437 1631 581 1664 afferatur.
605 1633 708 1673 Qijd?
725 1642 757 1663 tu
775 1633 805 1663 id
816 1632 1079 1674 quemadmodum

111 1675 270 1706 observas?
287 1676 376 1705 mitto
396 1675 471 1713 illud
480 1675 598 1708 dicere.
619 1685 692 1705 eum
704 1694 712 1709 ,
732 1677 784 1716 qui
795 1685 860 1705 non
870 1675 992 1716 latitarit
1003 1695 1010 1709 ,
1030 1678 1079 1705 cui

112 1719 221 1748 Romae
230 1717 341 1748 domus
350 1737 358 1751 ‚
369 1727 459 1752 uxor,
469 1716 749 1757 libei·i,procu1²at0r
760 1715 847 1748 esset:
858 1727 929 1747 eum
940 1737 948 1750 ‚
961 1719 1013 1758 qui
1024 1717 1078 1748 tibi

103 1759 324 1791 vadimonium
333 1769 398 1790 non
414 1758 601 1790 deseruisset:
616 1761 680 1790 haec
696 1761 802 1790 omnia
811 1761 903 1789 mitto
917 1770 922 1789 :
944 1759 1020 1790 iilud
1031 1760 1079 1790 di-

112 1812 160 1836 co,
173 1801 336 1832 dominum
348 1802 507 1843 expulsum
519 1800 576 1832 esse
585 1801 622 1832 de
632 1802 758 1842 praedio3
767 1805 783 1829 4
794 1801 925 1832 domino
935 1801 951 1832 ἒι
959 1800 1080 1833 familia

112 1844 280 1900 suaffanus
288 1844 388 1875 allatas
399 1842 456 1901 {ffe
465 1851 531 1874 ante
553 1855 601 1874 uos
608 1845 915 1900 Lareisfamitt'aremg
925 1845 984 1875 hoc
992 1844 1072 1874 dico.

284 1885 301 1900 ἕ
644 1885 662 1901 z
767 1885 783 1901 ἢ
852 1890 858 1893 ·
1010 1885 1027 1900 ¹}

45 1931 90 1966 28
155 1927 172 1966 *Τ
194 1928 342 1958 Nae‘vium
359 1937 397 1957 ne
409 1926 599 1968 appellavisse
615 1928 743 1970 quidem
755 1930 920 1971 Qintium
931 1948 940 1963 ,
959 1928 1032 1959 cum
1042 1926 1077 1958 fi-

115 1968 182 2000 mul
192 1967 264 1999 effet
273 1989 282 2003 ‚
293 1971 423 2009 experiri
433 1968 529 2009 posset
536 1971 676 2010 quotidie
688 1971 814 2001 :deinde
824 1971 908 2011 quOd
917 1971 1078 2010 omniaju-

114 2011 192 2042 dicia
201 2009 384 2041 difficillima
393 2021 463 2041 cum
474 2011 592 2042 summa
601 2012 651 2042 sua
661 2012 776 2043 invidia
786 2032 795 2046 ‚
818 2014 1015 2053 maximoque
1024 2022 1078 2053 pe-

110 2054 209 2084 riculo
231 2056 261 2084 P.
280 2055 401 2094 Qintii
412 2052 476 2083 fieri
488 2053 591 2083 mallet
601 2074 610 2087 ‚
622 2053 713 2095 quam
725 2054 800 2085 illud
809 2056 1076 2095 pecuniariumju-

112 2095 228 2126 dicium
251 2115 259 2129 ‚
282 2094 365 2136 quod
381 2105 434 2124 uno
452 2094 497 2124 die
510 2093 627 2138 transigi
646 2094 742 2136 posset
761 2107 767 2126 :
790 2106 828 2127 ex
848 2107 911 2137 quo
931 2107 994 2127 uno
1013 2097 1077 2127 haec

113 2139 220 2168 omnia
234 2146 300 2167 nata
310 2157 319 2170 ,
332 2137 364 2167 &
375 2135 510 2177 profetia
519 2135 578 2167 effe
588 2138 737 2168 concedit.
764 2141 834 2180 Qo
846 2149 878 2168 1n
889 2139 958 2169 loco
968 2138 1076 2169 condi—

111 2182 231 2210 tionem
250 2180 324 2213 tuli‚
345 2178 636 2220 fivelletpecuniam
655 2190 773 2220 petere,
788 2181 1078 2222 P.Qintiumjudi-
1095 2195 1097 2211 r

111 2231 212 2253 catum
232 2222 310 2252 solvi
327 2221 531 2252 satisdatumm
543 2240 552 2254 ‚
568 2221 644 2252 dum
655 2222 735 2262 ipse,
754 2221 774 2252 si
785 2225 857 2264 quid
868 2232 998 2263 peteret,
1011 2231 1076 2265 pari

113 2264 266 2294 conditione
275 2271 411 2293 ureretur.
435 2263 559 2294 Ostendi
570 2284 579 2297 ‚
599 2264 690 2305 quam
704 2265 799 2295 multa
807 2266 877 2295 ante
889 2264 952 2296 fieri
962 2275 1077 2296 conve-

113 2308 192 2337 nerit
201 2326 210 2341 ,
228 2306 319 2347 qufim
331 2307 469 2339 hominis
477 2308 640 2347 propinqui
651 2307 731 2337 bona
741 2305 880 2348 possideri
890 2307 1077 2348 postularen-

113 2357 178 2383 tur‚
189 2348 350 2389 praesertim
361 2347 433 2378 cum
444 2351 554 2379 Rornae
563 2349 673 2380 domus
683 2351 759 2388 ejus,
773 2359 862 2384 uxor,
875 2350 961 2380 liberi
971 2348 1074 2384 efl'ent,

115 2391 147 2421 δε
156 2399 324 2431 procurator
337 2390 420 2432 aeque
432 2391 584 2432 utriusque
593 2389 780 2422 necessarius.
805 2393 906 2422 Docui
915 2413 924 2426 ‚
939 2390 1011 2422 cum
1023 2391 1076 2422 de—

112 2433 222 2463 sertum
233 2431 289 2462 effe
299 2432 376 2463 dicat
386 2433 601 2463 vadimonium
610 2453 619 2467 ‚
627 2463 629 2465 ,
637 2432 770 2464 omnino
779 2435 996 2465 vadimonium
1006 2435 1076 2464 nul-

113 2474 178 2505 lum
189 2473 275 2505 fuisse
293 2485 299 2503 :
321 2485 383 2516 quo
401 2474 449 2505 die
466 2476 548 2506 hunc
563 2474 617 2506 fibi
631 2475 797 2516 promisisse
808 2477 904 2510 dicat,
929 2487 966 2506 eo
976 2477 1024 2507 die
1035 2487 1073 2507 ne

113 2518 222 2548 Romae
241 2516 367 2558 quidem
385 2527 455 2547 eum
465 2516 572 2552 fuisse,
593 2518 623 2548 id
634 2517 758 2549 testibus
771 2529 820 2549 me
829 2519 986 2559 pollicitus
1005 2520 1071 2550 sum

110 2559 236 2599 planum
247 2558 398 2589 taciurum
413 2579 422 2592 ,
443 2561 494 2600 qui
506 2560 539 2590 &
555 2561 629 2591 scire
647 2560 807 2595 deberent,
827 2562 859 2591 &
870 2562 1001 2601 causum,
1023 2571 1072 2590 cur

109 2602 292 2631 mentirentur
303 2621 311 2636 ,
329 2612 381 2631 non
398 2600 537 2632 haberent.
561 2605 608 2633 Ex
626 2602 729 2634 edm-O
748 2613 849 2635 autem
866 2613 930 2634 non
939 2600 1070 2644 potuifl‘e
1086 2612 1089 2644 ς

143 2746 167 2764 1.
186 2741 212 2764 Si
222 2748 250 2765 ex
257 2738 339 2770 edii-70,
349 2739 416 2773 firm]
431 2740 471 2766 Ita
481 2737 513 2766 :id
524 2748 605 2765 unum
617 2737 678 2765 edd.
689 2748 781 2765 omnes
791 2739 818 2765 ὃ(
831 2737 888 2765 mss.
900 2737 992 2765 nostri.

139 2782 169 2800 ².
186 2777 215 2800 In
220 2776 365 2809 poffi’ffiomm
375 2776 512 2810 venerint]
523 2776 639 2811 Vulgata
650 2795 658 2807 ,
668 2779 771 2802 venerit.

140 2817 167 2845 3.
187 2813 216 2836 Ut
223 2812 318 2844 Qimio
327 2812 366 2838 vis
375 2822 403 2837 ne
414 2811 559 2846 affiratur]
581 2814 662 2839 Vetus
675 2812 824 2839 Hotomani
838 2810 922 2838 codex
935 2830 944 2844 ,
963 2810 1002 2838 vis
1021 2820 1065 2837 non

103 2849 238 2881 auferatur.
258 2847 322 2874 Olim
333 2848 497 2884 publicatum
510 2851 565 2883 ,jur
574 2859 602 2874 ne
611 2850 750 2882 auferatur.

138 2889 167 2916 4.
184 2886 279 2910 Domino
288 2883 486 2920 eifamffiasua]
498 2884 667 2912 Lambinia'ni
681 2906 688 2918 ,
700 2886 768 2911 domi.

141 2927 168 2953 5.
187 2923 233 2945 Hoc
242 2921 300 2947 dico.
309 2923 324 2937 ⁴²
335 2922 366 2955 ⁴]
383 2922 465 2948 Liber
475 2931 541 2949 unus
554 2922 701 2948 Hotomani
713 2920 821 2958 praefert
831 2921 889 2948 heic
898 2919 1003 2947 abscissa
1014 2921 1065 2947 effe

103 2953 156 2981 duo
166 2954 240 2982 folia.
260 2957 287 2982 ὅτ
298 2957 384 2984 multa
400 2957 504 2985 desunt.
525 2959 606 2985 nostri
626 2966 714 2985 tamen
725 2958 806 2985 secuti
826 2958 947 2994 vulgatos
961 2958 1066 2990 ,isthaec
1082 2960 1085 2989 ,¹

103 2991 193 3018 omnia
202 2993 366 3020 continuant.
387 2993 470 3021 solum
484 2994 540 3020 Pal.
553 3004 594 3031 pr.
606 2995 682 3022 habet
694 3006 699 3022 ε
721 2997 760 3020 lsoc
769 2995 818 3020 dico
826 2998 934 3020 Nerium
944 3003 973 3020 m
983 2995 1063 3026 appel·
1082 2996 1084 3013 ἵ

100 3029 157 3060 Iaſje
165 3028 264 3062 quidem.
285 3030 385 3061 ceteri;
405 3032 444 3057 hoc
453 3032 522 3057 edi-‘Ji
539 3041 611 3057 mmm
627 3042 656 3058 ne
674 3032 806 3065 appel-'affit
822 3031 932 3066 quidoem5
953 3030 993 3057 vel
1007 3050 1014 3063 ,
1026 3032 1066 3056 hoc
1081 3054 1084 3072 Ι

101 3063 171 3090 edim
179 3074 263 3090 numne
271 3068 400 3100 appellaffii
410 3087 418 3099 ‚
428 3069 479 3099 (lje.

138 3099 168 3141 6·-
196 3101 321 3134 Jndicium
331 3106 388 3136 pati
400 3104 551 3139 paratum]
581 3103 624 3130 Sic
644 3104 711 3140 legit
730 3104 900 3130 Hotomanus
916 3123 924 3134 ,
945 3111 972 3130 at
990 3103 1061 3129 erim

102 3143 206 3172 antiqq.
215 3136 464 3175 disertejudistopari
474 3160 483 3175 ‚
492 3149 579 3178 neque
588 3142 667 3169 aliter
679 3140 814 3170 vieini-ius
826 3160 834 3175 ,
845 3147 892 3168 :rut
901 3139 968 3169 adeo
980 3140 1060 3169 nostri
1079 3171 1080 3174 Ἴ

101 3181 204 3200 omues.
1076 3179 1080 3211 i

1140 111 1188 158 Ρ.
1236 113 1549 177 (ξι-ιτετῐο.
2021 130 2110 180 199

1147 194 1227 225 bona
1236 193 1395 235 possideri,
1417 194 1622 227 demonstravi
1638 206 1644 226 ι
1665 194 1749 237 quod
1758 194 2114 237 nequefraudandicausa

1146 236 1298 272 latitasset,
1322 248 1419 280 neque
1431 237 1527 270 exfilii
1537 239 1621 269 causa
1630 238 1730 269 solum
1741 236 1860 268 vei-tifi'e
1867 237 2025 268 diceretur.
2048 239 2112 267 Re-

1145 278 1264 318 liquum
1276 279 1337 314 est,
1362 290 1475 312 uteum
1492 291 1587 312 nemo
1600 280 1718 322 judicio
1734 279 1912 311 defenderit.
1936 279 2019 320 quod
2035 289 2111 309 con-

1143 320 1186 350 tra
1202 321 1401 361 copiosissime
1415 322 1575 354 defensum
1593 321 1651 354 effe
1670 322 1835 357 contendi,
1860 332 1926 353 non
1936 321 1972 352 ab
1982 323 2111 352 homine

1143 362 1242 392 alieno
1254 384 1261 396 ,
1275 374 1372 405 neque
1383 365 1419 395 ab
1429 365 1530 407 aliquo
1540 365 1756 397 calumniatore
1768 385 1776 399 ‚
1787 373 1873 406 atque
1884 363 2028 405 improbo
2041 374 2046 393 ;
2059 363 2109 393 sed

1142 403 1178 433 ab
1194 407 1301 445 Equite
1313 408 1458 437 Romano
1477 411 1649 449 propinquo
1664 428 1673 442 ‚
1695 408 1728 438 ὃς
1745 406 1908 438 necessario
1920 407 1972 437 suo
1986 427 1993 440 ,
2015 416 2109 447 quem

1141 446 1204 485 ipse
1215 449 1285 476 Sex.
1297 450 1424 478 Naevius
1441 459 1665 490 procuratorem
1683 450 1852 491 relinquere
1869 458 1954 480 antea
1967 448 2110 479 consues-

1140 488 1198 517 set:
1218 497 1317 528 neque
1329 500 1400 519 eum
1414 511 1421 524 ‚
1441 490 1595 521 sitribunos
1603 493 1751 534 appellarit
1761 513 1768 526 ‚
1787 492 1899 523 idcirco
1909 493 2012 522 minus
2033 488 2049 511 ⁶
2055 490 2110 530 ju-

1140 529 1256 560 dicium
1266 532 1325 570 pati
1335 541 1468 572 paratum
1476 532 1563 563 fuisse
1577 545 1582 563 ;
1601 545 1698 576 neque
1704 536 1833 576 porentia
1839 534 2024 577 procuratoris
2033 535 2109 563 Ne:-

1139 572 1248 612 viojus
1258 582 1394 612 ereptum
1404 585 1408 602 z
1420 578 1523 605 contra
1532 575 1624 606 istum
1632 579 1769 616 potentia
1780 577 1829 607 sua
1837 586 1903 607 tum
1915 584 2108 606 tantummo-

1138 612 1179 643 do
1200 615 1383 654 superiorem
1402 615 1489 646 fuisse
1504 637 1512 650 ‚
1536 628 1620 648 nunc
1630 619 1720 648 nobis
1730 621 1783 648 vix
1794 619 1957 659 respirandi
1975 617 2105 659 potesta-

1138 664 1200 686 tem
1211 656 1288 687 dare.
1313 656 1443 699 Qaesivi
1453 678 1460 692 ‚
1473 669 1538 700 quae
1551 661 1635 690 causa
1645 659 1760 694 fuisset,
1774 671 1827 691 cur
1836 662 1917 691 bona
1927 670 1993 691 non
2002 660 2104 690 venis-

1137 698 1202 729 sent
1211 718 1219 732 ,
1232 697 1302 730 cum
1316 710 1353 730 ex
1366 699 1467 730 echeio
1476 699 1705 741 possiderentur.
1717 702 1827 733 deinde
1840 703 1916 734 illud
1925 713 2046 744 quoque
2056 713 2104 733 re-

1137 739 1244 781 quisivi
1256 763 1264 775 ,
1284 753 1342 783 qua
1360 744 1475 773 ratione
1494 753 1532 773 ex
1550 752 1594 773 tot
1603 744 1800 774 creditoribus
1811 755 1905 775 nemo
1916 755 2013 786 neque
2033 754 2103 777 tum

1136 783 1219 814 idem
1235 783 1356 818 fecerit,
1381 795 1479 826 neque
1498 795 1580 815 nunc
1594 785 1801 820 contradicat,
1821 788 1987 828 omnesque
2003 797 2058 828 pro
2069 789 2103 818 P.

1135 827 1264 867 Qiintio
1270 835 1396 868 pugnent
1412 838 1422 854 :
1444 827 1608 867 praesertim
1617 826 1690 858 cum
1701 830 1733 857 in
1743 829 1794 858 tali
1804 829 1916 867 judicio
1925 828 2103 861 testimonia

1133 867 1319 899 creditorum
1330 868 1545 900 existimentur
1555 869 1590 900 ad
1602 879 1665 900 rem
1673 871 1809 900 maxime
1822 873 1979 911 pertinere.
1997 871 2103 902 Postea

1135 910 1201 940 sum
1214 911 1282 941 usus
1292 912 1449 951 adverfizriz‘
1460 910 1624 948 testimonio,
1636 914 1687 953 qui
1698 910 1752 943 sibi
1762 923 1833 943 eum
1844 923 1939 954 nuper
1947 913 2043 944 edidit
2053 914 2102 944 so-

1134 954 1216 982 cium
1228 973 1236 986 ‚
1259 964 1351 994 quem
1363 974 1371 988 ‚
1395 964 1458 995 quo
1477 955 1573 984 modo
1584 965 1666 984 nunc
1683 954 1833 989 intendit,
1858 966 1896 985 ne
1914 958 1945 985 in
1956 957 2100 985 vivorum

1133 995 1259 1035 quidem
1271 1006 1401 1027 numero
1413 1006 1478 1027 tum
1490 996 1675 1027 demonstrat
1691 995 1787 1027 fuisse.
1811 1000 1895 1028 Turn
1906 997 1991 1028 illam
2004 999 2099 1027 incre-

1132 1038 1262 1068 dibilem
1273 1039 1456 1069 celeritatem
1467 1059 1475 1072 ‚
1488 1039 1537 1069 seu
1547 1038 1649 1079 potius
1659 1039 1812 1070 audaciam
1824 1059 1832 1073 ‚
1843 1040 1972 1079 protuli:
1987 1037 2101 1069 confir—

1133 1082 1216 1110 mavi
1226 1079 1341 1111 necesse
1352 1079 1410 1111 esse
1421 1090 1470 1111 aut
1480 1081 1530 1112 bid
1536 1092 1574 1112 uo
1588 1092 1654 1112 Dec
1665 1082 1762 1112 millia
1771 1080 1907 1121 pass'uum
1928 1079 1985 1111 ess'e
1995 1081 2099 1111 decur*

1132 1122 1162 1152 sa
1174 1143 1182 1155 ‚
1203 1131 1253 1152 aut
1262 1126 1388 1153 Sexmm
1400 1125 1546 1154 Naevium
1564 1123 1669 1154 diebus
1680 1124 1888 1164 compluribus
1900 1123 1967 1153 ante
1979 1125 2013 1153 in
2029 1122 2100 1163 pos-

1131 1162 1289 1195 sessionem
1310 1163 1421 1195 misiss'e
1434 1187 1442 1199 ‚
1459 1166 1551 1207 quam
1563 1165 1740 1206 postularet,
1765 1171 1778 1194 7
1790 1168 1834 1196 uti
1854 1168 1881 1196 ei
1898 1167 2000 1196 liceret
2018 1166 2099 1196 'oona

1131 1205 1289 1247 poffidere.
1314 1207 1417 1238 Postea
1426 1210 1546 1239 recitavi
1556 1208 1691 1238 edifitum
1704 1228 1711 1242 ,
1729 1207 1811 1249 quod
1822 1207 1920 1248 aperte
1930 1207 2097 1238 dominum

1130 1249 1166 1278 de
1176 1249 1289 1289 praedio
1307 1250 1428 1280 detrudi
1446 1259 1574 1282 vetaret:
1598 1253 1631 1281 in
1647 1261 1707 1292 quo
1724 1249 1860 1281 constitit
1871 1271 1880 1284 ‚
1900 1252 2046 1280 Naevium
2058 1260 2098 1280 ex

1129 1291 1231 1321 edieto
1248 1302 1314 1322 non
1332 1291 1489 1333 poss'edisse
1500 1314 1509 1327 ,
1527 1291 1601 1323 cum
1619 1291 1815 1324 confiteretur
1830 1303 1868 1322 ex
1878 1293 1992 1333 praedio
2003 1295 2034 1322 vi
2044 1291 2097 1322 de-

1129 1334 1244 1363 trusum
1265 1333 1323 1364 esse
1334 1336 1510 1376 Qntium.
1537 1331 1551 1355 8
1562 1334 1701 1366 Omnino
1718 1345 1820 1366 autem
1839 1334 1909 1364 bona
1918 1334 2028 1377 poffeffiz
2044 1345 2098 1365 not:

1128 1375 1176 1414 effe
1185 1375 1330 1407 constitui
1343 1387 1348 1406 ;
1360 1377 1441 1418 quod
1453 1377 1607 1408 bonorum
1616 1376 1754 1418 poffeffio
1765 1376 1912 1418 speEtetur
1921 1387 1984 1407 non
1996 1380 2030 1406 in
2040 1377 2096 1407 aii—

1128 1428 1185 1459 qua
1198 1428 1278 1459 parte
1287 1439 1296 1453 ,
1310 1419 1404 1449 sedin
1414 1419 1557 1450 universis
1569 1440 1576 1453 ‚
1587 1431 1654 1461 quae
1663 1421 1772 1453 teneri,
1783 1430 1815 1450 ac
1826 1417 1965 1460 poffideri
1973 1417 2094 1459 poffint.

1128 1463 1217 1495 Dixi,
1229 1464 1340 1492 Romae
1348 1461 1480 1492 domum
1489 1461 1577 1492 fuiss'e
1588 1483 1596 1497 ‚
1608 1461 1671 1504 quo
1680 1461 1733 1492 istc
1743 1473 1780 1492 ne
1791 1461 1943 1502 adspirarit
1953 1461 2091 1502 quidem:

1128 1503 1228 1534 servos
1237 1504 1420 1544 complureis
1431 1524 1439 1538 ,
1452 1514 1491 1535 ex
1503 1505 1615 1546 quibus
1624 1504 1679 1535 iste
1687 1503 1850 1545 possederit
1861 1505 2021 1533 neminem
2033 1523 2040 1537 2
2053 1514 2093 1533 ne

1126 1547 1255 1587 attigerit
1263 1546 1387 1587 quidem
1403 1557 1408 1575 :
1428 1557 1525 1577 unum
1535 1545 1623 1577 fuisse
1634 1568 1641 1581 ‚
1652 1557 1743 1588 quem
1754 1548 1899 1587 attingere
1906 1555 2031 1576 conatus
2040 1545 2089 1576 sit.

1125 1588 1315 1627 prohibitum
1333 1587 1421 1618 fuisse
1439 1599 1444 1617 τ
1467 1588 1624 1630 quievisse.
1649 1593 1685 1619 In
1702 1590 1762 1630 ipsa
1772 1589 1869 1619 Gallia
1887 1587 2038 1628 cognostis
2057 1590 2089 1618 in

1124 1630 1234 1670 praedia
1250 1633 1362 1671 privata
1381 1633 1501 1671 Qintii
1511 1635 1580 1662 Sex.
1592 1633 1738 1662 Naevium
1759 1641 1825 1661 non
1843 1629 1965 1660 veniss'e.
1991 1633 2091 1660 Deni-

1125 1683 1183 1713 que
1194 1683 1232 1705 ex
1241 1673 1306 1714 ipso
1316 1673 1388 1704 saltu
1402 1694 1410 1707 ,
1423 1684 1512 1715 quem
1526 1694 1534 1707 ‚
1554 1684 1606 1715 per
1614 1676 1680 1704 vim
1691 1673 1816 1714 expulso
1826 1673 1907 1703 socio
1918 1692 1926 1706 ‚
1949 1670 2087 1713 possedit,

1125 1716 1225 1745 servos
1244 1717 1375 1756 privatos
1395 1717 1516 1758 Qintii
1533 1720 1597 1746 non
1608 1718 1729 1747 omneis
1739 1715 1853 1756 eje&os
1870 1713 1937 1744 effe.
1962 1717 2008 1745 Ex
2017 1725 2091 1756 quo.

1126 1757 1159 1788 δε
1169 1767 1207 1787 ex
1219 1760 1324 1788 ceteris
1334 1757 1423 1788 dietis
1435 1780 1442 1792 ,
1455 1757 1541 1788 faCtis
1552 1779 1560 1793 ‚
1572 1759 1763 1801 cogitatisque
1773 1761 1841 1788 Sex.
1855 1759 1958 1788 Naevii
1969 1777 1978 1791 ‚
1989 1759 2092 1798 quivis

1123 1798 1220 1841 potest
1230 1801 1396 1842 intelligere
1407 1820 1415 1834 ,
1430 1800 1520 1831 istum
1530 1802 1609 1831 nihil
1618 1801 1699 1832 aliud
1710 1799 1811 1842 egisse,
1822 1810 1920 1841 neque
1930 1809 2013 1830 nunc
2023 1809 2092 1840 age-

1122 1853 1152 1872 re
1164 1863 1172 1876 ,
1190 1841 1246 1872 nisi
1257 1845 1298 1873 uti
1307 1851 1355 1885 per
1366 1844 1428 1872 vim
1438 1863 1446 1877 ‚
1467 1853 1520 1884 per
1535 1844 1672 1883 injuriam
1683 1864 1692 1876 ‚
1711 1852 1763 1882 per
1772 1843 1958 1883 iniquitatem
1968 1841 2089 1882 judtcii.

1123 1893 1222 1915 totum
1234 1895 1350 1927 agrum,
1361 1887 1414 1927 qui
1426 1895 1602 1915 communis
1611 1884 1664 1918 est,
1676 1886 1762 1915 suum
1771 1883 1865 1914 facere
1874 1882 1974 1925 poliit.
1995 1886 2090 1914 Nunc
2116 1897 2127 1907 ⁶·

1121 1928 1205 1957 causa
1214 1936 1348 1968 perorata
1358 1947 1366 1961 ‚
1384 1937 1431 1957 res
1439 1928 1500 1968 ipsa
1510 1948 1518 1960 ,
1535 1927 1567 1957 &
1577 1927 1703 1968 periculi
1714 1925 1893 1968 magnitudo
1904 1946 1913 1960 ‚
1926 1928 1955 1956 C.
1961 1926 2088 1966 Aquilli,

1122 1979 1227 2011 cogere
1238 1968 1366 2002 videtur,
1378 1978 1409 1999 nt
1419 1978 1446 2000 te
1455 1989 1463 2003 ‚
1475 1978 1562 2010 atque
1573 1979 1624 1999 eos
1636 1989 1645 2003 ‚
1668 1973 1683 1996 9
1695 1971 1748 2009 qui
1759 1968 1816 1998 tibi
1827 1969 1858 1997 in
1870 1966 1996 1998 consilio
2008 1968 2087 2001 sunt,

1121 2011 1266 2044 obsecret,
1278 2010 1499 2055 obtesteturque
1510 2013 1689 2083 RQintius
1700 2007 1934 2051 perfenessurem
1946 2009 2089 2050 acfhcieu-

1120 2052 1214 2082 dinem
1224 2054 1307 2083 suam
1319 2053 1398 2083 nihil
1409 2053 1490 2084 aliud
1503 2074 1511 2088 ,
1530 2056 1562 2083 ni
1576 2052 1736 2084 iutvestrae
1747 2061 1859 2083 naturae
1869 2072 1878 2085 ‚
1899 2052 2088 2093 bonitatique

1122 2095 1350 2137 obsequamini:
1372 2096 1424 2130 ut,
1445 2094 1555 2126 ¹'0cum
1567 2097 1674 2126 veritas
1685 2105 1754 2126 cum
1767 2095 1826 2125 hoc
1835 2093 1921 2124 faciat
1931 2114 1939 2128 ‚
1951 2094 2018 2135 plus
2030 2095 2087 2125 hu-

1117 2138 1167 2178 jus
1178 2140 1280 2178 inopia
1291 2136 1379 2178 poffit
1388 2137 1422 2168 ad
1432 2138 1650 2178 misericordiam
1661 2158 1670 2171 ,
1695 2137 1786 2179 quam
1802 2137 1885 2167 iilius
1897 2146 1968 2177 opes
1977 2135 2012 2167 ad
2023 2147 2088 2165 cru-

1118 2179 1275 2209 delitatem.
1299 2183 1369 2220 QO
1381 2179 1430 2210 die
1440 2181 1476 2212 ad
1494 2190 1522 2211 te
1536 2180 1673 2220 judicem
1682 2182 1844 2213 venimus,
1861 2179 1970 2209 eodem
1986 2178 2035 2209 die
2048 2179 2087 2209 il-

1122 2223 1222 2252 lorum
1235 2224 1333 2252 minas
1344 2242 1352 2256 ‚
1369 2232 1441 2263 quas
1450 2222 1519 2253 ante
1530 2222 1729 2253 horrebamus
1739 2243 1747 2257 ,
1766 2222 1915 2263 negligere
1925 2223 2084 2261 coepimus.

1120 2267 1149 2295 Si
1159 2264 1243 2295 causa
1252 2275 1323 2295 curn
1334 2265 1419 2295 causa
1426 2265 1622 2295 contenderet
1634 2276 1639 2294 ;
1659 2275 1715 2295 nos
1725 2263 1856 2295 nostiam
1867 2262 2008 2304 perfacile
2020 2273 2085 2294 cui-

1119 2307 1165 2337 vis
1184 2307 1359 2347 probaturos
1372 2306 1585 2337 statuebamus.
1609 2306 1699 2347 Qod
1710 2308 1778 2337 vitae
1796 2308 1871 2337 ratio
1888 2316 1957 2336 cum
1969 2307 2083 2336 ratione

1120 2351 1190 2380 vitae
1201 2349 1373 2380 decerneret
1391 2359 1398 2379 ι
1421 2349 1534 2380 idcirco
1551 2349 1639 2380 nobis
1649 2351 1741 2379 etiam
1753 2350 1846 2391 magis
1862 2348 1996 2387 tejudice
2006 2357 2082 2387 opus

1119 2390 1177 2422 esse
1187 2391 1318 2422 arbitrati
1330 2392 1442 2422 sumus.
1456 2395 1496 2422 Ea
1507 2402 1553 2422 res
1562 2394 1646 2422 enim
1657 2401 1740 2422 nunc
1763 2395 1787 2410 ¹¹
1800 2401 1833 2420 in
1843 2390 2005 2420 discrimen
2015 2400 2083 2419 vei·-

1120 2435 1196 2464 satur
1207 2454 1215 2468 ,
1235 2443 1379 2464 utrumne
1389 2432 1476 2474 poffit
1494 2435 1523 2464 se
1534 2443 1638 2465 comm
1648 2433 1795 2463 luxuriam
1806 2453 1814 2466 ,
1834 2443 1867 2462 ac
1876 2432 2021 2462 licentiam
2031 2442 2082 2462 ru-

1090 2476 1093 2487 *
1119 2475 1228 2506 sticana
1239 2477 1292 2506 illa
1302 2497 1310 2510 ‚
1322 2485 1409 2517 atque
1420 2476 1532 2506 inculta
1540 2475 1720 2516 parsimonia
1729 2474 1891 2505 defendere
1903 2485 1908 2503 :
1931 2483 1968 2504 an
1978 2473 2083 2503 defor-

1118 2528 1197 2548 mata
1208 2538 1216 2552 ,
1232 2527 1318 2559 atque
1329 2520 1517 2548 ornamentis
1527 2518 1672 2548 omnibus
1682 2517 1804 2558 spoliata
1816 2537 1824 2551 ‚
1844 2516 1924 2546 nuda
1934 2536 1942 2549 ‚
1963 2516 2083 2556 cupidi-

1116 2561 1448 2601 tati‚¹²petulantiaeque
1457 2560 1697 2591 addicaturNon
1707 2567 1858 2599 comparat
1867 2559 1895 2589 se
1906 2568 2005 2588 tecum
2017 2569 2082 2600 gra·

1117 2613 1156 2635 tia
1164 2604 1599 2645 P.Qintius,Sex.Naeviznon
1609 2602 1798 2643 opibusmon
1806 2600 1944 2632 facultate
1952 2610 2082 2673 contgn-

2047 2652 2082 2673 it.

1143 2746 1170 2772 7.
1193 2742 1262 2764 Utici
1271 2740 1349 2764 liceret
1359 2738 1557 2772 bonapqffideress
1579 2737 1621 2763 Sic
1633 2736 1700 2763 Pali.
1713 2743 1766 2763 tres
1777 2735 1878 2772 priores
1891 2745 1899 2766 3
1919 2742 1946 2762 at
1957 2734 2054 2770 reliqui
2068 2752 2077 2766 ,

1086 2793 1088 2810 ,ψ
1108 2783 1137 2802 ut
1148 2776 1175 2800 ἒς
1187 2777 1214 2801 S.
1227 2774 1299 2801 vict.
1311 2776 1339 2801 8<
1351 2777 1432 2802 (ir-ut.
1445 2777 1510 2801 item
1521 2776 1596 2800 Vett.
1608 2772 1669 2799 edd.
1681 2775 1776 2806 utiejm
1786 2775 1875 2798 liceret.

1144 2811 1171 2838 8.
1192 2814 1288 2837 Omnino
1307 2819 1384 2837 autem
1395 2812 1480 2845 bona]
1503 2811 1546 2838 Est
1557 2821 1572 2836 a
1584 2809 1658 2836 libris
1670 2809 1830 2836 Hotomaui.
1851 2816 1912 2835 iram
1923 2807 2004 2834 nostri
2016 2807 2077 2834 sub-

1108 2847 1223 2874 scribunt
1235 2856 1346 2885 receptae
1356 2847 1490 2883 scriptura:
1502 2867 1510 2878 ,
1520 2851 1598 2873 omnia
1609 2853 1687 2872 autem
1698 2865 1706 2878 ‚
1717 2847 1768 2876 ὼε.

1143 2893 1172 2919 9.
1191 2892 1206 2917 ,ι’
1215 2887 1240 2909 ui
1251 2886 1295 2910 tilu
1304 2888 1329 2910 in
1340 2884 1517 2918 consiliosith
1528 2882 1675 2910 Lambinus
1686 2883 1782 2917 adstant.
1802 2880 1845 2908 sed
1856 2879 2074 2907 contraeuntibus

1107 2920 1168 2947 edd.
1179 2921 1237 2947 aliis
1248 2921 1276 2946 &
1288 2920 1344 2947 mss‘.
1358 2921 1462 2947 nostris.

1145 2966 1187 2983 ιο.
1207 2957 1264 2983 Εὴιη
1274 2961 1367 2982 veritat
1377 2967 1428 2982 cum
1437 2956 1589 2991 mesticiam]
1610 2955 1653 2983 Est
1665 2962 1729 2993 puto
1740 2956 1756 2982 a
1766 2953 1899 2982 ViEtorio.
1919 2955 1990 2980 certe
2002 2952 2075 2981 anti-

1105 3003 1161 3029 qua:
1172 2993 1233 3020 edd.
1245 2995 1295 3019 cizm
1304 2996 1398 3018 veritas·
1407 2994 1547 3026 Jucjhciat.

1144 3040 1151 3056 1
1164 3039 1186 3056 1.
1205 3033 1233 3056 171
1244 3030 1366 3063 disti-imm
1377 3029 1517 3064 mestum-,J-
1534 3028 1592 3055 Pal⁴
1604 3027 1694 3055 sextus
1706 3038 1756 3055 non
1768 3026 1872 3054 admisit
1885 3034 1974 3053 vocem
1985 3027 2072 3060 versa-

1102 3073 1153 3092 tur.
1175 3066 1256 3093 ceteri
1268 3075 1324 3092 eum
1336 3065 1444 3097 habent,
1456 3064 1498 3091 scd
1509 3073 1636 3102 praeterea
1645 3068 1670 3091 in
1680 3066 1825 3098 discrimine,
1837 3064 1940 3099 ltgunt.

1142 3111 1183 3129 ιι.
1203 3104 1388 3136 Petulantiaeque
1397 3103 1534 3128 addicatur.
1554 3103 1632 3136 Nom]
1653 3103 1820 3128 Annotatum
1833 3101 1867 3127 est
1878 3098 1908 3126 :id
1925 3107 1999 3124 oram
2012 3098 2069 3123 Pal.

1102 3147 1189 3174 quart.
1201 3137 1285 3164 deesse
1295 3138 1359 3168 duas
1370 3137 1501 3167 dictiones
1517 3139 1712 3176 perscribendas
1731 3138 1786 3175 posi·
1807 3137 1934 3164 addicatur·
1947 3153 1954 3167 ,
1974 3134 2015 3160 scd
2026 3142 2068 3160 eas

1102 3185 1153 3202 ‘riou
1167 3181 1253 3205 vonit.

1166 3206 1173 3212 ⁴
1980 3215 1989 3231 t
1998 3225 2003 3233 .
2015 3208 2066 3231 Nm

2129 663 2189 697 29⁷
