2302 3353
15 332 28 476 l

17 477 26 499 k

11 2919 31 3041 ··!'r²:·¹.
16 2838 18 2844 .

641 145 734 176 DE

177 214 276 254 Itaque
288 213 344 242 hoc
356 211 421 241 Ioco
432 209 509 240 nihil
522 207 590 239 sane
603 208 662 242 est,
676 208 757 250 quod
768 210 887 248 praecipi
898 207 978 248 poffe
988 208 1134 240 videatur,

180 254 236 285 nisi
247 264 280 284 ut
289 252 412 295 figuram
424 253 567 281 orationis
576 252 721 291 plenioris
734 271 742 284 ‚
756 251 789 280 ὃς
801 252 958 282 tenuioris,
972 249 1087 278 &item
1100 250 1137 278 il-

180 297 237 326 lius
249 295 417 326 mediocris,
429 293 463 323 ad
474 293 516 325 id,
526 292 606 333 quod
616 294 744 334 agimuS‚
755 290 1014 322 accommodatam
1026 290 1136 329 deliga-

176 347 254 367 mus.
277 337 460 366 ornamentis
469 334 575 364 iisdem
589 337 631 364 uti
643 333 704 364 fere
716 334 819 364 licebit
831 353 840 368 ‚
860 331 931 364 alias
942 331 1113 362 contentius
1126 351 1134 363 ‚

173 378 243 409 alias
254 375 436 407 summiflius
449 386 453 404 τ
474 377 621 416 omnique
632 377 665 405 in
676 386 706 405 re
717 374 798 416 poffe
811 395 819 409 ,
832 374 914 416 quod
925 373 1027 404 deceat
1037 392 1045 406 ‚
1057 372 1135 402 face-

174 430 205 450 re
214 439 223 453 ,
234 420 302 448 artis
314 418 346 448 &
356 426 465 449 naturae
476 416 534 447 est:
546 418 618 448 scire
630 437 638 451 ‚
650 418 722 459 quid
734 438 742 450 ,
754 418 934 458 quandoque
943 415 1054 448 deceat,
1064 424 1135 454 pru—

110 459 159 500 56
177 461 292 491 dentiae.
324 459 379 490 S‘ed
400 461 462 489 haec
482 459 541 499 ipsa
561 469 668 490 omnia
684 459 808 499 perinde
828 459 895 488 sunt
913 478 921 492 ‚
944 466 977 487 ut
993 465 1130 498 aguntur.

175 499 269 531 „Astio
279 521 287 534 ‚
306 502 430 542 inquam
442 521 449 534 ,
463 502 495 531 in
505 500 632 531 dicendo
644 512 703 531 una
711 501 894 531 dominatur.
919 498 978 529 fine
989 500 1042 529 hac
1052 498 1134 528 sum-

175 553 244 574 mus
254 552 351 573 orator
361 563 369 576 ,
390 540 448 572 effe
460 545 492 572 in
503 553 632 573 numero
643 544 729 573 nullo
739 542 835 583 potest
848 553 853 571 :
873 541 1034 572 mediocris
1048 560 1056 573 ‚
1081 541 1135 584 lia-c

176 583 355 617 instruGtus‚
377 584 514 614 summos
525 585 600 625 ssepe
612 586 755 625 superare.
795 585 877 614 Huic
892 585 1002 623 primas
1023 580 1134 611 dedisse

174 625 395 657 Demosthenes
415 627 542 660 dicitur,
563 637 634 656 cum
655 635 822 668 rogaretur,
841 628 934 666 Qm
952 626 985 654 in
1005 622 1135 653 dicendo

175 667 247 698 ess'et
260 669 393 707 primum
407 680 414 702 3
433 669 503 697 huic
516 668 657 700 secundas
667 689 675 702 ,
689 665 759 698 huic
769 669 877 697 tertias.
901 669 971 707 Qo
982 666 1059 694 mihi
1069 673 1135 693 me-

175 708 236 739 lius
247 711 335 739 etiam
348 709 422 739 illud
434 710 469 739 ab
481 710 621 740 AEschine
632 709 748 740 dietum
768 709 863 738 videri
882 708 956 738 solet
966 727 974 741 ‚
994 708 1045 747 qui
1059 704 1132 735 cum

131 771 140 774 >
176 759 296 792 propter
315 753 517 793 ignominiam
533 751 641 791 judicii
660 749 782 780 ceffifl'et
801 751 927 780 Athenis
939 768 947 782 ‚
968 748 1036 778 &se
1047 748 1134 777 Rho-

176 793 252 823 dum
269 791 440 822 contuliflet
451 813 459 826 ‚
482 801 597 834 rogatus
614 791 630 822 ὲ
639 792 771 822 Rhodiis
781 812 789 825 ‚
812 789 912 832 legisse
921 790 1014 820 fertur
1023 791 1132 819 oratio-

175 844 250 865 nem
261 835 344 864 illam
356 836 513 875 egregiam,
524 844 612 874 quarn
624 835 656 863 in
667 832 892 873 Ctesiphontem
904 841 1005 862 contra
1014 834 1135 861 Demo-

177 875 314 906 sthenem
325 876 438 906 dixerat
450 885 456 904 :
472 885 528 916 qua
536 875 667 915 perleEta
677 897 686 910 ‚
698 878 826 916 petitum
836 874 878 905 est
889 874 924 904 ab
935 884 970 904 eo
980 872 1133 913 postridie,

176 927 211 948 ut
221 918 329 959 legeret
344 917 427 947 illam
438 918 527 947 etiam
538 937 547 951 ‚
568 928 633 958 quae
643 928 703 948 erat
719 926 820 947 contra
835 916 851 947 ὲ
862 916 1071 946 Demosthene
1080 925 1134 954 pro

177 958 375 998 ctefiphonte‚
387 958 479 988 edita:
491 968 582 999 quam
593 958 663 989 cum
678 957 854 992 suavissima,
873 959 905 988 &
916 959 1052 988 maxima
1061 966 1134 987 voce

174 999 304 1041 legisset,
321 999 535 1030 admirantibus
546 1001 690 1031 omnibus
700 1022 708 1035 ,
731 1004 875 1041 QANTO
885 1020 893 1034 ‚
906 1001 1008 1040 inquit
1018 1019 1026 1033 ,
1039 1000 1134 1039 magis

176 1042 420 1074 admiraremini,
440 1040 461 1070 fi
476 1041 625 1072 audiffetis
643 1044 765 1083 ipsum?
784 1045 831 1073 Ex
842 1052 902 1082 quo
913 1042 978 1071 satis
989 1039 1135 1081 fignifica-

173 1085 218 1114 vit
228 1103 236 1116 ‚
258 1091 404 1123 quantum
421 1081 491 1113 efl'et
509 1085 543 1113 in
552 1083 669 1114 mitione
680 1106 688 1118 ‚
710 1086 762 1126 qui
780 1089 790 1103 ¹
804 1086 973 1114 orationem
984 1082 1110 1113 eandem
1122 1102 1130 1115 ,

173 1125 263 1156 aliam
273 1123 331 1154 effe
341 1133 455 1163 putaret
465 1145 474 1158 ‚
493 1124 591 1155 a&ore
609 1135 736 1157 mutato.
769 1126 850 1167 Qid
861 1125 921 1155 fuit
930 1127 963 1155 in
975 1126 1109 1154 Graccho
1121 1144 1129 1156 ι

174 1176 265 1208 quem
276 1175 308 1195 tu
318 1186 326 1199 ,
339 1166 440 1196 Catule
451 1187 459 1200 ‚
473 1166 584 1197 melius
595 1167 776 1202 meministi,
788 1167 870 1208 quod
881 1177 930 1197 me
940 1177 1031 1206 puero
1043 1170 1057 1185 ²
1069 1175 1134 1196 tan-

177 1217 277 1248 topere
286 1207 430 1238 ferretur?
449 1211 522 1248 Quo
542 1219 592 1239 ME
609 1220 715 1240 MISER
731 1212 906 1240 conseram?
926 1208 987 1250 quo
997 1210 1134 1238 vertam?

176 1251 211 1280 in
221 1249 445 1289 Capitoliumne
456 1252 467 1278 ?
477 1259 504 1280 at
513 1249 610 1281 fratris
620 1253 762 1293 sanguine
773 1251 929 1281 redundat.
941 1261 978 1281 an
988 1250 1132 1280 domurn?

176 1299 344 1322 matremne
357 1300 389 1321 ut
399 1292 536 1322 miseram
547 1312 556 1326 ‚
568 1293 842 1334 lamentantemque
852 1293 970 1323 videam
980 1313 988 1325 ‚
1009 1293 1041 1322 ὃς
1051 1292 1132 1331 abje-

176 1332 278 1363 &am?
294 1335 368 1375 Qae
378 1332 416 1363 fic
425 1333 461 1363 ab
476 1334 531 1364 illo
550 1334 613 1365 aista
630 1335 689 1366 effe
708 1334 860 1366 constabat
870 1356 878 1367 ,
901 1335 997 1364 oculis
1008 1354 1016 1367 ,
1034 1344 1108 1364 voce
1121 1353 1130 1367 ,

174 1374 256 1417 gestu
266 1395 275 1408 ‚
288 1376 407 1404 inimici
418 1384 451 1404 ut
459 1375 589 1405 lacrimas
599 1385 698 1408 tenere
708 1387 772 1407 non
783 1375 908 1416 poffent.
932 1379 1004 1406 Haec
1015 1375 1052 1405 eo
1063 1375 1132 1405 dico

175 1416 311 1457 pluribus
319 1437 328 1450 ,
344 1415 427 1457 quod
436 1427 529 1458 genus
540 1419 598 1448 hoc
607 1427 707 1449 totum
718 1428 848 1449 oratores
859 1439 866 1451 ‚
887 1420 938 1459 qui
950 1419 1133 1447 suntverita-

178 1460 214 1488 tis
224 1456 310 1497 ipsius
321 1458 433 1488 affitores
444 1479 452 1492 ‚
474 1459 658 1500 reliquerunt
674 1472 680 1490 ;
702 1463 865 1491 imitatores
882 1469 981 1490 autem
1001 1461 1132 1489 veritatis

110 1509 131 1541 5
139 1509 156 1543 7
177 1498 334 1530 histriones
345 1510 571 1540 occupaverunt.
597 1505 640 1533 Ac
650 1501 711 1532 fine
722 1502 816 1532 dubio
835 1511 872 1531 iu
884 1511 973 1531 OMNI
992 1511 1023 1531 re
1035 1503 1132 1531 vincit

124 1568 130 1570 .
174 1542 378 1572 imitationem
398 1543 504 1572 veritas
517 1553 521 1571 :
541 1543 590 1573 sed
601 1554 634 1575 ea
645 1543 666 1574 fi
675 1546 742 1575 satis
752 1546 785 1574 in
793 1543 912 1574 afflone
924 1542 1053 1573 efficeret
1069 1544 1130 1583 ipsa

173 1592 226 1624 per
243 1583 318 1617 sese,
338 1592 397 1614 arte
405 1583 543 1623 proferiti>
554 1595 619 1616 non
631 1596 796 1628 egeremus.
817 1584 926 1616 verum
945 1587 1015 1626 quia
1033 1586 1129 1615 animi

173 1627 323 1666 permotio
333 1644 342 1659 ,
364 1635 428 1666 quae
443 1626 577 1657 maxime
588 1637 638 1658 aut
646 1628 818 1659 declaranda
829 1649 837 1661 ‚
857 1636 906 1658 aut
924 1627 1069 1657 imitanda
1088 1625 1131 1657 est

174 1666 292 1697 afflone
303 1687 312 1701 ‚
323 1667 488 1707 perturbata
496 1669 570 1709 saepe
579 1671 620 1700 ita
629 1670 683 1704 est,
696 1679 729 1700 ut
737 1670 919 1703 obscuretur,
936 1680 969 1699 ac
977 1668 1062 1709 paene
1074 1668 1130 1698 ob-

173 1717 287 1739 ruatur:
307 1708 492 1740 discutienda
500 1711 569 1740 sunt
578 1722 621 1746 ea,
630 1723 695 1753 quae
706 1712 879 1743 obscurant:
891 1711 923 1741 &
933 1721 975 1745 ea,
985 1721 1050 1752 quae
1060 1711 1130 1741 sunt

173 1752 352 1784 eminentia,
366 1751 399 1781 δε
407 1760 539 1790 promta,
553 1753 706 1785 sumenda.
738 1755 846 1784 Omnis
856 1755 940 1783 enim
952 1762 1052 1783 motus
1064 1754 1130 1783 ani-

174 1794 237 1826 mi,
255 1793 342 1822 suum
352 1793 501 1833 quendam
511 1793 527 1824 a
535 1804 636 1826 natura
645 1797 733 1827 habet
740 1796 860 1826 vultum
872 1815 880 1829 ,
901 1795 933 1825 &
943 1796 1051 1825 sonum
1063 1815 1071 1828 ‚
1093 1795 1125 1824 δε
1152 1821 1153 1830 ,

170 1833 285 1876 gestum
297 1854 306 1868 ,
318 1843 474 1875 totumque
483 1846 589 1876 corpus
599 1839 754 1872 hominis,
775 1838 807 1867 &
818 1838 843 1877 ej
848 1848 881 1867 us
892 1839 994 1867 omnis
1004 1837 1104 1866 vultus
1116 1857 1124 1871 ‚

171 1877 337 1916 omnesque
346 1886 434 1906 voces
445 1897 452 1910 ‚
465 1886 498 1907 ut
506 1881 592 1908 nervi
601 1881 634 1909 in
645 1879 765 1914 fidibus,
777 1881 816 1909 ita
825 1880 948 1912 sonant,
965 1883 976 1906 3
990 1888 1021 1909 nt
1031 1878 1046 1909 a
1058 1889 1125 1908 mo-

170 1925 203 1948 tu
213 1919 308 1947 animi
317 1927 437 1958 quoque
447 1919 516 1949 sunt
523 1921 623 1959 pulsae.
655 1924 737 1952 Nam
747 1932 834 1952 voces
845 1942 853 1955 ‚
873 1930 905 1950 ut
923 1920 1040 1951 chordae
1058 1921 1125 1951 sunt

173 1961 295 1989 intentae
304 1978 312 1992 ‚
324 1969 390 1999 quae
399 1959 433 1989 ad
443 1970 591 2002 quemque
603 1962 714 1993 tadhim
726 1963 922 2003 respondeant
932 1983 939 1995 ,
951 1972 1032 1992 acuta
1042 1983 1049 1995 ‚
1061 1973 1125 2003 gra-

171 2002 218 2029 vis
230 2021 238 2033 ‚
256 2002 312 2030 cita
323 2020 331 2033 ,
353 2000 431 2030 tarda
441 2021 449 2034 ‚
465 2011 571 2043 magna
580 2024 588 2036 ‚
599 2013 703 2043 parva:
722 2015 794 2045 quas
805 2013 906 2034 tamen
916 2006 995 2033 inter
1004 2006 1125 2033 omneis

173 2041 216 2072 est
224 2042 278 2072 suo
288 2051 411 2082 quaeque
422 2043 453 2072 in
465 2053 571 2084 genere
587 2045 758 2076 mediocris.
790 2048 888 2087 Atque
898 2047 987 2075 etiam
998 2045 1049 2075 illa
1059 2046 1126 2075 sunt

170 2084 207 2113 ab
217 2084 264 2112 his
273 2083 387 2123 delapsa
394 2083 477 2123 plura
484 2096 591 2125 genera
601 2107 609 2120 ,
628 2087 702 2117 laeve
712 2108 720 2121 ,
739 2088 875 2127 asperum
889 2098 894 2115 t
915 2086 1101 2117 conrrafihrm
1115 2107 1122 2120 ,

171 2123 316 2155 diffusum
328 2136 333 2153 :
352 2127 521 2156 continenti
540 2128 643 2167 spiritu
655 2150 664 2162 ,
683 2128 851 2158 intermisso
864 2140 869 2157 :
889 2128 1016 2158 &aestum
1028 2149 1037 2161 ,
1057 2129 1124 2158 scis—

171 2167 237 2197 sum
251 2177 256 2195 :
276 2165 357 2196 flexo
367 2166 452 2201 sono,
465 2176 661 2204 attenuatum,
671 2170 824 2200 inflatum.
848 2171 978 2200 Nullum
990 2170 1032 2199 est
1040 2172 1123 2199 enirn

169 2209 280 2238 horum
289 2207 435 2239 similium
445 2220 588 2250 generum
599 2232 607 2245 ,
619 2212 700 2253 quod
711 2221 775 2242 non
785 2221 842 2241 arte
855 2232 863 2244 ‚
876 2222 908 2241 ac
917 2211 1124 2241 moderatione

170 2248 317 2280 meretur.
340 2251 372 2280 hi
382 2250 549 2281 suntastori
559 2273 567 2286 ‚
581 2253 731 2293 utpiElori
741 2274 749 2287 ‚
767 2252 892 2293 expositi
902 2252 936 2283 ad
947 2253 1122 2283 variandum

107 2295 151 2335 5ss
172 2290 274 2321 colores.
297 2291 387 2321 Aliud
397 2294 480 2322 enim
489 2295 571 2323 vocis
581 2305 675 2336 genus
684 2300 701 2322 4
708 2295 858 2326 iracundia
868 2294 922 2325 sibi
932 2296 1029 2325 sumat
1039 2306 1043 2324 ;
1055 2305 1124 2325 acu—

173 2342 237 2364 tum
249 2354 257 2366 ‚
269 2335 426 2363 incitatum
438 2355 446 2366 ‚
460 2333 562 2364 crebro
572 2337 719 2367 incidens.

191 2375 298 2415 Impius
316 2376 444 2404 hortatur
461 2387 504 2405 me
513 2376 604 2414 frater
615 2399 623 2412 ‚
645 2387 679 2409 ut
696 2389 767 2408 meos
783 2378 863 2408 malis
880 2378 961 2419 mtftr

191 2416 355 2448 Manderem
373 2424 460 2446 natos.
475 2435 583 2445 ..—

815 131 1254 175 ORAToRE

1337 130 1379 174 L
1413 143 1430 173 1
1467 143 1505 173 B.
1559 127 1653 188 1411.

1187 211 1224 238 Et
1232 217 1264 238 ea
1273 227 1281 242 ,
1293 217 1358 248 quae
1369 215 1399 236 tu
1410 206 1525 237 dudum
1539 226 1547 239 ‚
1559 205 1676 235 Antoni
1688 223 1696 238 ‚
1708 201 1876 243 protulisti.

1207 251 1227 279 S
1229 259 1355 290 egregare
1371 247 1420 278 abs
1443 257 1469 278 te
1485 248 1570 288 ausus
1578 258 1590 275 .-

1187 294 1223 320 Et
1235 311 1242 324 ,

1205 334 1307 373 Ecquis
1324 335 1373 362 hoc
1389 332 1594 362 animadvertit
1605 334 1617 361 ?
1636 330 1754 362 vincite.
1775 343 1884 357 --—·-

1187 375 1222 403 Et
1234 377 1339 403 Atreus
1352 374 1413 403 fere
1425 383 1516 404 totus.

1229 415 1319 443 Aliud
1332 415 1483 445 miseratio
1492 436 1500 449 ‚
1521 425 1553 446 ac
1565 426 1674 446 maeror
1686 426 1692 446 ε
1710 413 1849 446 flexibile
1858 434 1867 448 ,
1890 415 2017 455 plenum
2030 435 2038 450 ,
2059 416 2154 446 inter-

1185 464 1306 494 ruptum
1318 475 1326 488 ‚
1340 455 1434 485 flebili
1445 467 1519 486 voce
1529 477 1536 491 ‚
2123 468 2124 471 ’

1208 495 1277 536 Qo
1295 507 1366 525 nunc
1385 507 1427 525 me
1442 506 1553 526 vertam
1565 502 1575 527 ?
1595 499 1671 539 quod
1686 499 1741 528 iter
1760 499 1895 539 incipiam
1915 499 2022 540 ingredi
2032 503 2043 529 ἓ

1209 541 1338 567 Domum
1351 543 1552 579 paternamne?
1571 550 1640 568 anne
1657 541 1696 569 ad
1712 540 1790 570 Pelia
1801 541 1880 579 filias
1893 545 1904 570 ἓ

1187 583 1224 610 Et
1241 580 1291 610 illa
1301 600 1309 613 ‚

1206 624 1229 649 O
1244 630 1326 663 parer
1338 641 1345 655 ‚
1365 619 1378 649 ὃ
1394 622 1492 663 patria
1504 642 1512 655 ‚
1533 620 1545 649 ὃ
1566 623 1674 651 Priami
1693 623 1789 653 domus
1801 627 1811 652 .¹

1186 666 1224 693 Et
1234 674 1299 704 quae
1310 664 1472 704 sequuntur
1481 684 1490 698 ‚

1204 707 1268 734 Haec
1285 706 1379 734 omnia
1398 705 1460 734 vidi
1481 705 1657 742 inflammari
1669 726 1678 738 ,

1208 748 1321 776 Priamo
1340 747 1372 775 vi
1391 748 1488 775 vitam
1506 748 1621 775 evitari.

1228 789 1320 818 Aliud
1338 797 1436 818 metus
1449 799 1454 817 :
1473 787 1635 819 demissum
1648 809 1656 822 ,
1669 788 1701 818 δε
1713 789 1844 820 haefitans
1854 811 1862 823 ,
1875 791 1907 821 Sc
1918 791 2080 831 abjestam,

1205 830 1313 860 Multi·
1324 831 1477 869 modusiim
1487 831 1704 864 circumventus,
1716 830 1819 864 morbo,
1830 833 1935 872 exsilio,
1945 842 2031 874 atque
2041 836 2148 875 inopia.-

1207 873 1281 901 Tum
1284 881 1377 914 pavor
1380 873 1551 914 sapientiam
1560 873 1633 901 mihi
1643 882 1749 901 omnem
1759 874 1919 903 exanimato
1930 875 2085 914 expeffborat
2094 888 2104 904 .-

1206 914 1299 943 -Alter
1308 914 1463 943 terribilem
1473 915 1628 943 minitatur
1637 915 1703 943 ‘vira
1713 915 1870 943 cruciatum
1882 936 1889 947 ,
1904 916 1937 947 ὼ
1947 927 2035 945 netem
2043 929 2053 944 :

1207 957 1279 997 Qae
1289 966 1364 985 nemo
1375 954 1418 985 est'
1428 956 1577 994 ramfirmo
1588 956 1695 996 ingenio
1706 976 1714 989 ‚
1731 957 1764 988 dy·
1775 964 1857 984 tanta
1869 957 2035 995 confidentia
2044 980 2052 991 ‚

1206 999 1289 1039 Qin
1299 998 1425 1037 refugiat
1434 998 1532 1027 timido
1538 999 1662 1038 sanguen
1672 1018 1679 1031 ,
1692 1005 1779 1039 atque
1790 997 1946 1038 exalbesisat
1955 1007 2043 1028 meru.

1226 1039 1319 1070 Aliud
1330 1042 1397 1069 vis?
1416 1049 1593 1070 contentum
1603 1060 1612 1073 ‚
1633 1041 1799 1070 vehemens
1809 1060 1818 1073 ‚
1842 1042 2010 1070 imminens
2019 1041 2146 1081 quadam

1182 1090 1358 1112 incitatione
1368 1091 1516 1121 gravitatis
1527 1102 1535 1115 ,

1204 1128 1218 1152 5
1229 1127 1338 1153 Iterum
1349 1122 1469 1164 Thyestes
1478 1127 1610 1153 „Atreum
1620 1122 1779 1153 attrasfhim
1787 1123 1916 1156 advenit,

1204 1169 1222 1195 I
1223 1174 1314 1194 terum
1317 1167 1382 1204 jam
1391 1165 1556 1205 aggreditur
1565 1176 1608 1194 me
1619 1187 1627 1199 ‚
1640 1166 1674 1197 ὼ
1683 1167 1814 1207 quietum
1823 1166 1986 1205 exsicfcita't.

1203 1209 1303 1247 Major
1312 1208 1383 1236 mihi
1393 1207 1475 1236 moles
1485 1228 1493 1240 ,
1506 1209 1598 1246 majus
1609 1208 1777 1246 miscendum
1787 1207 1829 1236 ’ἦ
1840 1207 1961 1236 malum.

1204 1249 1268 1290 Q!
1279 1250 1355 1279 illius
1365 1247 1494 1278 acerbum
1505 1260 1547 1278 cor
1557 1249 1724 1278 contundam
1733 1249 1767 1282 &-
1778 1250 1970 1290 comprimam.

1224 1291 1316 1321 Aliud
1327 1291 1463 1331 voluptas
1475 1289 1620 1321 :effusum
1633 1311 1642 1324 ‚
1651 1291 1720 1323 lene
1730 1312 1740 1324 ,
1751 1299 1889 1321 tenerum
1900 1311 1908 1324 ‚
1920 1291 2078 1322 hilaratum
2091 1302 2147 1326 ‚ac

1181 1332 1338 1363 remissum
1350 1353 1358 1366 ‚

1202 1373 1217 1395 ⁶
1228 1375 1282 1406 Sed
1288 1376 1359 1404 miln'
1367 1380 1382 1404 7
1392 1374 1456 1404 ci‘tm
1466 1374 1565 1404 tetulit
1574 1385 1699 1404 coronam
1708 1374 1739 1404 ob
1749 1375 1914 1407 collocandas
1923 1375 2048 1415 nuptias,

1202 1417 1268 1446 Tibi
1269 1415 1381 1456 ferebar
1389 1437 1397 1450 ‚
1410 1412 1424 1436 3
1435 1415 1498 1446 ciam
1501 1415 1659 1457 simulabat
1663 1417 1719 1456 [ὲῘὲ
1728 1418 1810 1445 alteri
1822 1417 1904 1445 dare:

1201 1464 1216 1487 9
1229 1461 1302 1488 Tum
1310 1459 1348 1488 ad
1356 1466 1382 1487 re
1390 1458 1546 1488 ludibunda
1558 1457 1635 1487 dost&
1647 1480 1655 1491 ,
1669 1459 1703 1491 (y
1712 1458 1829 1487 delicate
1838 1458 1953 1487 detulit.

1222 1500 1315 1530 Aliud
1327 1500 1464 1531 molestia
1475 1510 1481 1529 t
1500 1499 1560 1529 sine
1569 1500 1834 1530 commiseratione
1843 1509 1930 1542 grave
1939 1500 2095 1540 quiddam>
2107 1501 2140 1532 δε

1180 1553 1242 1578 uno
1253 1541 1348 1583 pressu
1359 1562 1367 1575 ‚
1381 1552 1413 1572 ac
1423 1543 1498 1572 sono
1508 1541 1675 1571 obdmstum
1688 1562 1696 1575 ,

1204 1585 1275 1626 Qa
1285 1583 1442 1626 tempestate
1451 1587 1526 1613 Pam
1535 1583 1669 1612 Helenam
1680 1584 1907 1625 innuptisjunxit
1915 1585 2017 1622 nuptia
2027 1605 2036 1617 ‚

1201 1629 1262 1667 Ego
1275 1633 1337 1655 rum
1343 1625 1469 1666 gravida
1480 1646 1487 1658 ,
1501 1626 1610 1666 expieris
1613 1626 1677 1664 jam
1681 1624 1741 1664 fere
1750 1625 1789 1653 ad
1795 1625 1961 1666 pariendum
1972 1625 2117 1666 mensibus,

1203 1671 1252 1698 Per
1264 1668 1335 1697 idem
1345 1676 1452 1708 tempm
1463 1668 1626 1708 Polydorum
1635 1665 1749 1696 Hecuba
1756 1675 1842 1705 partu
1849 1666 1977 1708 postremo
1984 1669 2072 1709 parit.

2060 144 2149 189 127

1176 1753 1266 1782 verba
1277 1754 1448 1792 exprimens
1459 1771 1466 1785 ‚
1480 1751 1611 1781 scenicus
1622 1771 1631 1785 ,
1642 1750 1692 1781 sed
1703 1751 1870 1780 universam
1881 1761 1956 1784 rem,
1977 1751 2010 1781 δε
2019 1752 2135 1782 senten-

1176 1797 1248 1824 tiam
1259 1814 1267 1828 ,
1280 1804 1344 1824 non
1356 1792 1623 1826 demonstratione,
1635 1792 1685 1822 sed
1696 1791 1912 1833 significatione
1921 1793 2082 1826 declarans,
2094 1795 2136 1824 la—

1175 1844 1272 1866 terum
1282 1835 1453 1865 inflexione
1463 1835 1515 1865 hac
1524 1833 1641 1868 forti,ac
1650 1836 1810 1867 virili‚non
1818 1834 1854 1864 ab
1865 1835 1961 1867 scena,
1973 1835 2005 1864 &
2015 1835 2134 1865 histrio-

1176 1878 1266 1908 nibus
1277 1899 1285 1911 ,
1304 1877 1351 1908 sed
1368 1877 1404 1907 ab
1423 1879 1513 1908 armis
1525 1897 1533 1909 ‚
1552 1886 1601 1906 aut
1616 1878 1705 1906 etiam
1717 1876 1732 1906 a
1742 1874 1880 1915 palaestra.
1914 1878 2024 1906 Manus
2035 1887 2135 1907 autem

1177 1923 1278 1950 minus
1296 1929 1397 1960 arguta
1408 1940 1416 1952 ‚
1438 1919 1538 1959 digitis
1548 1918 1727 1958 subsequens
1738 1917 1825 1947 verba
1835 1938 1843 1950 ,
1864 1928 1928 1947 non
1946 1920 2133 1958 exprimens:

1175 1962 1330 1991 brachium
1346 1960 1496 2000 procerius
1512 1959 1680 1999 projectum
1692 1979 1701 1992 ‚
1722 1957 1800 2000 quasi
1812 1959 1964 1999 quoddam
1975 1959 2062 1989 telum
2072 1971 2137 1990 ora-

1175 2005 1266 2033 tionis
1282 2014 1288 2031 :
1308 2001 1456 2042 supplosio
1473 2001 1556 2041 pedis
1575 2003 1607 2030 in
1616 2001 1867 2031 contentionibus
1877 2002 2115 2041 autincipiendis
2126 2022 2135 2036 ‚

1174 2053 1222 2075 aut
1234 2043 1383 2074 finiendis.
1406 2043 1461 2073 Sed
1473 2053 1504 2072 ιι]
1514 2053 1565 2072 ore
1575 2043 1645 2072 sunt
1655 2043 1770 2072 omnia.
1800 2045 1837 2071 In
1848 2052 1885 2072 eo
1895 2052 1996 2072 autem
2007 2044 2070 2083 ipso
2079 2043 2135 2073 do—

1176 2088 1307 2116 minatus
1317 2085 1359 2116 est
1369 2087 1471 2115 omnis
1482 2085 1640 2115 oculorum
1652 2095 1657 2114 ι
1674 2082 1734 2124 quo
1747 2083 1856 2113 melius
1866 2083 1962 2114 nostri
1973 2085 2019 2114 illi
2029 2086 2113 2115 senes
2125 2105 2136 2119 ,

1174 2131 1225 2169 qui
1235 2129 1443 2167 personatum,
1464 2137 1501 2156 ne
1512 2126 1658 2156 Roscium
1669 2125 1792 2166 quidem
1804 2145 1813 2158 ‚
1834 2125 2014 2166 magnopere
2035 2126 2134 2157 lauda-

1174 2170 1255 2200 bant.
1278 2172 1392 2199 ANIMI
1404 2168 1446 2198 est
1456 2170 1538 2198 enim
1551 2170 1652 2197 omnis
1663 2167 1742 2198 aetio
1754 2188 1762 2201 ‚
1783 2167 1925 2208 &imago
1934 2169 2029 2197 animi
2041 2189 2050 2201 ‚
2069 2169 2138 2198 vul-s

1174 2221 1220 2241 tus
1231 2210 1273 2241 est
1283 2232 1292 2244 ‚
1304 2211 1416 2240 indices
1426 2211 1518 2239 oculi.
1542 2220 1612 2239 nam
1623 2211 1685 2239 haec
1697 2208 1741 2239 est
1750 2219 1810 2239 una
1819 2219 1883 2249 pars
1893 2212 2026 2249 corporis
2036 2230 2044 2243 ‚
2058 2221 2135 2251 quae,

1174 2261 1248 2294 quot
1258 2254 1354 2282 animi
1364 2261 1465 2282 motus
1477 2253 1555 2285 sunt,
1569 2254 1598 2270 ¹0
1607 2260 1649 2281 tot
1661 2249 1890 2292 significationes
1902 2270 1911 2285 ‚
1925 2252 1957 2281 δε
1967 2262 2137 2283 commuta-

1174 2298 1271 2324 tiones
1280 2292 1368 2334 possit
1377 2293 1501 2324 efficere.
1518 2304 1613 2334 neque
1625 2292 1696 2322 vero
1706 2292 1750 2322 est
1757 2293 1925 2334 quisquam,
1939 2297 1947 2312 ¹
1955 2295 2019 2334 ¹qui
2029 2294 2133 2324 eadem

1173 2345 1331 2369 contuens,
1342 2334 1458 2365 efficiat.
1483 2334 1704 2374 Theophrastus
1716 2334 1840 2375 quidem
1850 2334 2027 2365 Tauriscum
2039 2346 2135 2375 quen-

1174 2378 1242 2408 dam
1263 2378 1343 2407 dixit
1360 2376 1480 2406 astarem
1489 2377 1620 2416 aversum
1641 2377 1764 2406 solitum
1782 2374 1840 2405 effe
1856 2376 1974 2408 dicere,
1993 2379 2045 2416 qui
2064 2380 2136 2408 ’2111

1145 2449 1148 2455 .
1176 2420 1290 2461 agendo
1303 2428 1448 2449 contuens
1459 2419 1590 2459 aliquid,
1611 2420 1828 2458 pronuntiaret.
1858 2420 1954 2456 Quare
1972 2418 2134 2450 oculorum

2012 2459 2054 2489 est
2068 2471 2134 2492 ma-

206 2583 216 2600 1
224 2595 230 2600 .
249 2579 379 2602 orationem
388 2579 462 2603 aliam
471 2579 510 2611 effi’
516 2578 641 2613 putaret]
654 2578 709 2605 Pal.
720 2577 770 2606 sec.
781 2581 833 2613 fiire
839 2582 948 2612 putarit.
968 2579 1047 2615 prim.
1059 2585 1121 2604 tert.

169 2610 241 2637 Pith.
251 2612 362 2638 Merum.
374 2615 537 2646 scire-putarit.

206 2655 233 2672 2.
250 2648 508 2684 Tantopcreferremr]
522 2651 666 2677 Lambinus
678 2652 808 2684 effirremr,
821 2650 863 2677 sed
874 2658 969 2687 prmter
980 2650 1060 2677 libros
1072 2650 1124 2676 ini-

169 2681 264 2716 pressos
275 2684 301 2708 Sc
313 2684 412 2711 calamo
422 2694 544 2713 exaratos
556 2697 564 2717 3
577 2697 660 2722 neque
671 2695 727 2713 erat
739 2687 847 2713 necess‘e.

206 2726 232 2753 3.
252 2721 281 2743 Ut
289 2717 304 2744 ἃ
314 2727 375 2745 motu
385 2724 458 2746 am'tm
467 2724 715 2757 quoquesimtpusfie]
735 2725 758 2748 N
765 2733 798 2749 on
809 2722 928 2759 displicet
939 2721 1026 2749 tmesis
1038 2722 1123 2747 Parit.

171 2762 213 2789 pr.
223 2753 272 2780 sec.
282 2755 353 2781 Pith.
363 2763 390 2781 ut
399 2764 458 2782 motu
468 2761 542 2783 animi
552 2761 790 2793 crtmquesicntpttssse.

204 2797 232 2823 4.
252 2792 538 2828 Iracundiafibifirmat]
559 2794 616 2820 Pal.
627 2795 834 2830 pluressummat.
854 2802 916 2821 tert.
931 2795 993 2820 vero
1005 2803 1034 2819 ac
1044 2802 1124 2829 quar-

170 2833 211 2863 tus
224 2834 312 2852 vocem
322 2836 378 2853 eam
391 2837 441 2854 non
453 2829 528 2856 habet
539 2839 546 2861 5
559 2829 601 2857 sed
612 2840 666 2866 ejus
678 2831 748 2863 loco,
759 2833 835 2857 alind.
855 2830 926 2867 quod
937 2832 962 2856 δε
974 2831 1001 2856 in
1013 2829 1084 2856 Pith.
1096 2830 1123 2854 8<

170 2860 290 2887 Memmii
302 2872 454 2899 papyraceo.
562 2892 565 2894 ,

208 2904 232 2929 5.
252 2900 337 2923 Iterum
346 2901 443 2934 ‘nyestes
453 2903 552 2927 Atreum
568 2904 698 2928 atti-aslum
716 2903 841 2937 advenit]
862 2904 903 2928 Ita
915 2902 984 2928 Pall.
995 2901 1041 2928 nisi
1053 2900 1122 2937 quod

170 2929 237 2971 sext.
248 2942 277 2959 ac
286 2934 349 2969 sept.
363 2939 462 2961 Atreum
471 2939 532 2962 alter
540 2942 610 2963 etiam
620 2946 668 2963 tum
679 2939 778 2964 advenit
787 2958 795 2969 ,
815 2938 885 2974 quod
905 2937 1004 2964 accedit
1018 2937 1049 2963 ad
1061 2947 1124 2963 con—

165 2966 316 3008 stet-aueum
328 2970 462 2998 Lambini.
480 2976 567 2999 lterum
575 2976 676 3008 Thy-istus
686 2984 771 3000 mecum
782 2976 922 3000 altercatum
932 2978 1008 2999 *rt-nit.
1026 2973 1068 2999 sed
1080 2983 1122 2999 ac-

171 3002 241 3030 cedit
252 3012 365 3032 tantum.

206 3039 234 3065 6.
253 3041 298 3080 Seii
304 3043 360 3067 mihi
369 3051 418 3067 cnm
428 3046 515 3076 tetulit,
525 3046 591 3079 ὡς]
605 3045 662 3071 Pal.
673 3055 712 3082 pr.
724 3055 752 3072 ac
762 3045 811 3072 sec.
822 3048 923 3080 Srdsilai.
939 3046 1063 3080 Pith.fihi
1072 3055 1122 3071 cnm

170 3076 265 3107 tetulit5
277 3078 382 3110 lincsed.

172 3141 177 3147 ⁸
207 3116 234 3148 Ζ.
253 3113 310 3150 Crem
327 3115 403 3138 tetulit
413 3123 517 3140 coronam
527 3118 551 3140 ob
561 3117 699 3143 collocandas
710 3120 807 3152 nuptias
818 3137 825 3150 ‚
839 3118 908 3152 dvm]
930 3117 1054 3153 Explicat
1064 3119 1121 3145 Cu-

166 3152 251 3178 jactus
261 3145 307 3174 hb.
318 3155 361 3174 x1.
371 3148 472 3177 0bserV.
483 3159 538 3187 cap.
554 3161 595 3186 ¹5·

1216 2578 1241 2604 8.
1261 2581 1320 2603 Cum
1330 2581 1460 2612 simulabat
1472 2580 1519 2612 fist·
1536 2580 1607 2603 alteri
1624 2578 1705 2612 dara]
1726 2578 1840 2605 Mirifice
1852 2578 2022 2605 variantmss.
2042 2579 2134 2605 nostri,

1176 2613 1233 2640 Pal,
1245 2615 1324 2649 prim.
1336 2615 1383 2641 sec.
1405 2615 1555 2647 l’it11.ftfih1·
1564 2616 1636 2647 Ajnti
1646 2615 1712 2640 darc.
1732 2615 2054 2646 tcanonas,Memmium
2065 2614 2131 2646 duo,

1165 2650 1296 2683 sty'j’Ajaci
1306 2652 1370 2676 dmi.
1390 2658 1488 2676 ceteras
1502 2649 1627 2675 leti‘tiones
1639 2649 1718 2676 taedet
1728 2650 1864 2676 exhibere.
1885 2650 1980 2677 sufficit
1997 2651 2131 2677 annotaffi:

1171 2685 1204 2711 a'd
1224 2686 1308 2712 'i'ullii
1328 2687 1379 2712 mci
1398 2687 1556 2721 unu-ginesii.
1576 2695 1609 2712 ex
1620 2686 1673 2712 istis
1685 2687 1756 2712 enim
1768 2685 1844 2713 fiicile
1854 2687 1952 2713 constat
1962 2687 2048 2712 locuni
2061 2687 2130 2713 hunc

1171 2721 1268 2748 liaerere
1280 2722 1304 2748 in
1317 2721 1422 2748 mendo.

1205 2766 1233 2792 9.
1254 2759 1310 2782 ‘firm
1320 2759 1380 2783 adro:
1390 2758 1520 2783 ludibunda
1530 2757 1615 2791 dom]
1632 2757 1777 2784 Lambinus
1789 2777 1796 2789 ‚
1817 2759 1880 2784 Time
1898 2759 1933 2784 ad
1946 2766 1968 2783 te
1982 2759 2128 2788 ‚ludtbundn’

1170 2794 1238 2820 dotti).
1260 2793 1300 2819 sed
1311 2801 1406 2829 praeter
1417 2800 1483 2819 vett.
1504 2793 1595 2819 libros.
1617 2803 1676 2820 nam
1688 2794 1757 2820 Pali,
1769 2801 1821 2820 tres
1832 2795 1932 2831 priores
1945 2813 1952 2826 ,
1972 2804 2023 2819 cum
2033 2794 2048 2820 ἃ
2059 2803 2079 2819 tt·
2089 2796 2128 2819 lu-

1168 2830 1281 2855 rimanda.
1311 2829 1381 2865 quod
1400 2830 1529 2855 ludibunda
1547 2837 1672 2865 praetereu
1691 2830 1718 2856 in
1736 2831 1830 2856 ceteris
1849 2838 1926 2857 extat
1938 2850 1946 2861 ,
1964 2831 1990 2856 in
2010 2830 2128 2867 quibus',

1169 2868 1227 2890 Cum
1237 2866 1270 2891 ad
1278 2873 1309 2891 te.

1210 2911 1250 2927 10.
1271 2903 1488 2936 wistani-firminum
1497 2902 1526 2931 ᾠ-
1535 2905 1722 2928 commutationes
1726 2905 1791 2935 poffit
1799 2903 1881 2935 efficere
1886 2902 1907 2935 ]
1920 2901 1964 2927 Pal
1971 2922 1976 2927 .
1987 2902 2054 2937 prim
2061 2922 2066 2928 .
2077 2902 2127 2929 sec,

1168 2937 1238 2963 Pith.
1251 2939 1362 2973 Merum.
1373 2938 1526 2971 abiecerunt
1536 2940 1564 2968 (ἱῑ-
1574 2942 1759 2964 commutationes
1771 2948 1869 2974 :neque
1881 2938 2037 2974 requiritur.

1209 2984 1214 2999 1
1226 2983 1233 2999 1
1244 2994 1248 2999 .
1263 2976 1310 3005 Q
1319 2975 1396 2998 eadem
1407 2981 1514 2998 conruens
1527 2974 1738 3008 efficiat.]Nullus
1751 2974 1986 3009 manuscriptorum
1999 2974 2064 2999 lianc
2075 2973 2122 2999 ha-

1167 3008 1211 3034 bet
1223 3009 1364 3035 lectionem
1377 3017 1470 3045 prirter
1482 3009 1551 3035 Pali.
1562 3010 1652 3036 οξῒαν.
1670 3011 1727 3036 aliis
1738 3011 1773 3037 cst
1786 3010 1825 3036 vel
1838 3014 1955 3036 continens
1968 3029 1975 3041 ‚
1990 3009 2029 3034 rc]
2042 3018 2125 3034 conve-

1166 3050 1233 3071 m'ms
1246 3065 1254 3077 ,
1267 3046 1305 3071 xel
1319 3049 1425 3070 coni-mm*
1438 3065 1445 3075 ‚
1458 3044 1528 3080 quod
1538 3045 1600 3073 esset
1610 3049 1735 3072 connivens
1746 3066 1754 3077 ‚
1773 3048 1800 3072 ὃ(
1813 3046 1869 3072 fere
1879 3046 1964 3082 placet
1975 3057 1981 3072 :
2003 3045 2124 3079 conjece-

1168 3090 1259 3116 ratquc
1270 3081 1296 3106 id
1307 3081 1477 3106 Gulielmius.

1209 3126 1249 3142 12.
1260 3120 1287 3141 In
1298 3117 1381 3149 agendo
1391 3124 1499 3145 contuens
1509 3118 1711 3153 aliquid.]Forte
1722 3125 1830 3145 contuens
1841 3119 1916 3145 alind.
1926 3125 1997 3145 certe
2007 3117 2055 3143 lio:
2067 3115 2124 3141 ruit

1154 3152 1272 3180 Taurisci
1283 3161 1358 3180 mens
1366 3172 1373 3180 .

2055 3194 2079 3212 ι.
2094 3189 2124 3211 Ut

1180 1712 1306 1740 Omneis
1316 1719 1416 1740 autem
1426 1711 1481 1739 hos
1492 1717 1594 1739 motus
1604 1709 1742 1749 subsequi
1761 1709 1850 1738 debet
1867 1708 1964 1750 gestus
1976 1729 1984 1743 ,
2006 1720 2070 1739 non
2087 1711 2136 1740 hic
2157 1722 2205 1755 59
