2337 3400
161 149 256 196 610
570 142 642 189 M.
720 135 1085 183 TULLri

163 227 310 260 familiam
323 246 332 260 ,
352 234 418 266 quae
430 222 529 265 postea
538 221 611 252 viris
621 215 790 250 fortissimis
801 214 923 249 floruit,
942 213 1128 259 attulitconj

167 271 295 301 sulatum
308 289 316 301 ‚
338 267 459 297 statuam
473 264 613 295 videmus
627 263 659 291 in
668 259 795 291 Rostris.
819 268 912 290 nemo
923 266 988 287 tum
999 261 1127 284 novitati

170 309 316 341 invidebat
326 320 336 336 .·
353 316 446 338 nemo
455 306 599 337 virtutem
611 313 675 334 non
685 301 859 332 honorabat.
883 302 922 329 At
934 308 967 328 ea
978 297 1037 328 fuit
1050 297 1127 339 lega-

172 355 216 383 tio
228 351 342 382 offlvii
355 370 363 383 ,
386 352 418 379 in
430 359 487 391 qua
503 346 627 388 periculi
645 344 773 385 suspicio
791 352 856 373 non
874 337 1010 373 subesset.
1033 341 1128 372 Nam,

170 393 243 424 cum
255 391 326 423 effer
336 390 441 422 missus
458 395 474 422 a
495 391 595 421 senatu
605 387 640 418 ad
650 389 770 417 animos
781 393 885 425 regum
895 381 1129 423 perspiciendos,

172 435 396 475 liberorumque
412 433 595 474 populorum
606 449 615 463 ,
635 429 829 467 maximeque
841 446 850 459 ,
871 434 902 455 ut
914 433 1056 464 nepotem
1068 426 1131 468 An-

172 478 267 508 tiochi
278 478 353 522 regis
362 495 370 509 ‚
383 476 446 513 ejus
455 495 463 509 ‚
476 477 608 516 quicum
618 469 785 511 majoribus
797 467 904 498 nostris
913 467 1028 497 bellum
1038 464 1129 506 gesse-

173 523 217 549 rat
227 538 235 552 ‚
247 518 363 549 claiieis
373 518 478 548 habere
489 536 498 550 ‚
512 515 686 555 elephantos
694 512 771 542 alere
779 510 950 551 prohiberet
963 518 968 537 z
980 508 1135 538 Laodiceae

173 562 207 590 in
219 558 373 601 gymnasio
384 560 398 589 a
409 558 540 600 quodam
552 557 681 596 Leptine
691 553 734 584 est
747 551 931 583 interfeetus.
954 549 1084 581 Reddita
1093 548 1136 578 est

177 604 205 632 ei
218 612 282 632 tum
293 602 308 632 ὲ
319 602 484 638 maioribus
495 598 596 636 statua
610 606 657 638 pro
675 603 741 626 vita
750 606 761 622 .·
779 605 844 635 qua:
855 593 970 624 multos
979 602 1029 631 per
1039 600 1134 622 annos

175 645 352 685 progeniem
367 644 431 681 ejus
442 641 610 672 honestaret
620 660 628 672 ,
647 648 730 668 nunc
740 637 775 667 ad
786 646 872 667 tantae
882 635 1006 666 familia:
1015 642 1137 664 memo-

176 688 252 716 riam
262 686 323 716 sola
333 684 460 715 restaret.
485 683 619 724 Atqui&
630 682 700 710 huic
711 701 718 714 ‚
742 683 751 698 ¹
765 679 798 709 &
807 678 902 708 Tullo
913 678 1022 707 Cluvio
1034 696 1042 709 ‚
1055 676 1087 705 ὃς
1099 677 1134 704 L.

176 728 290 758 Roscio
302 748 310 761 ‚
323 727 355 757 ὃς
364 728 511 767 Sp.Antio
526 747 533 759 ,
545 725 578 755 ὅτ.
589 723 781 754 C.Fulcinio,
797 722 848 761 qui
859 731 874 750 a
884 720 1060 758 Vejentium
1073 726 1139 758 rege

176 768 240 800 caesi
251 770 319 800 sunt
330 790 339 803 ,
355 779 419 799 non
430 769 545 810 sanguis
556 786 564 800 ‚
579 767 629 807 qui
641 763 779 804 profusus
788 762 830 792 est
841 764 871 791 in
883 769 979 791 morte
990 779 998 792 ,
1019 759 1067 804 sed
1077 758 1137 798 ipsa

144 814 158 846 3
180 821 262 842 mors
282 811 322 841 ob
342 821 437 852 remp.
450 811 531 841 obita
542 829 550 842 ,
572 808 680 837 honori
692 804 759 835 fuit.
804 807 903 844 Iraque
916 822 923 836 ‚
943 805 973 832 P.
986 804 1021 831 C.
1044 801 1063 829 11
1073 803 1136 830 Ser.

177 854 312 894 Sulpicio
328 853 411 884 casus
431 861 563 882 mortem
581 845 740 879 attulisset,
761 845 896 875 dolerem
916 843 1040 884 quidem
1055 851 1137 872 tanto

179 897 254 935 reip.
266 896 408 925 vulnere:
428 902 561 924 mortem
581 890 652 921 vero
673 890 735 928 ejus
757 897 819 917 non
840 886 1050 916 monumentis
1061 903 1069 918 ‚
1090 883 1139 913 sed

180 938 264 967 1110111
275 937 396 977 publico
408 935 464 966 esse
473 932 679 965 honorandam
690 939 834 970 putarem.
856 937 935 957 nunc
956 936 1056 956 autem
1076 927 1142 966 quis

181 979 318 1012 dubitat,
334 981 410 1020 quin
421 980 448 1008 ei
458 980 551 1008 vitam
564 973 716 1005 abstulerit
726 972 785 1011 ipsa
794 971 924 1011 legatio?
943 969 1044 999 secum
1055 969 1140 997 enim

180 1021 234 1051 ille
244 1029 378 1051 mortem
388 1021 515 1051 extulit:
536 1026 627 1058 quam
639 1034 647 1047 ‚
668 1012 688 1043 si
703 1013 860 1043 nobiscum
873 1008 1072 1043 remansisset,
1094 1009 1144 1039 sua

180 1072 269 1096 cura,
290 1065 400 1102 optimi
416 1060 492 1095 filii,
515 1056 693 1089 fidelissimae
706 1055 845 1095 conjugis
859 1054 1033 1094 diligentia,
1051 1053 1142 1081 vitare

181 1103 333 1145 potuisset.
358 1108 396 1134 At
407 1103 478 1137 ille,
499 1111 569 1132 cum
582 1098 714 1131 videret,
734 1095 754 1126 si
772 1095 875 1126 vestra:
894 1094 1063 1125 3116101113ῑί
1077 1102 1141 1122 non

180 1145 338 1186 paruisset,
358 1144 537 1175 dissimilem
553 1143 580 1172 se
593 1140 729 1171 futurum
745 1139 796 1168 sui.
822 1136 840 1167 si
854 1135 991 1177 paruiss'et
1002 1155 1010 1169 ,
1030 1143 1143 1164 munus

182 1187 237 1218 sibi
250 1187 325 1217 illud
341 1197 395 1226 pro
410 1196 470 1227 rep.
483 1185 650 1223 suscePtum
663 1202 670 1215 ‚
691 1183 759 1212 vitae
772 1179 865 1209 finem
878 1179 1054 1209 allaturum:
1076 1186 1142 1205 1113-

181 1230 239 1260 luit
250 1232 282 1259 in
293 1231 431 1259 maximo
442 1230 513 1268 reip.
524 1226 710 1257 discrimine,
720 1224 809 1255 mori,
820 1231 909 1262 quam
921 1218 1037 1252 minus,
1047 1218 1138 1258 quarn

182 1269 342 1312 potuiss‘et,
362 1271 455 1301 videri
463 1279 535 1310 reip.
548 1263 702 1309 profuiss'e.
723 1265 830 1294 Multis
841 1263 887 1292 illi
896 1264 931 1291 in
941 1260 1076 1293 urbibus,
1086 1258 1144 1299 qua

183 1316 240 1343 iter
248 1312 373 1344 faciebat
384 1333 393 1347 ,
406 1310 560 1342 reficiendi
572 1310 598 1340 se
609 1330 617 1342 ,
640 1308 672 1338 &
684 1305 806 1337 curandi
817 1303 944 1344 potestas
955 1302 1021 1333 fuit.
1044 1302 1143 1331 aderat

184 1355 219 1386 &
228 1355 379 1395 hospitum
390 1355 531 1385 invitatio
540 1351 673 1382 liberalis
682 1359 736 1390 pro
747 1348 889 1393 dignitate
900 1346 1012 1376 summi
1021 1346 1078 1374 viri
1089 1363 1097 1377 ‚
1107 1343 1140 1372 &

184 1407 291 1428 eorum
306 1399 434 1428 hortatio
446 1417 454 1430 ‚
474 1397 527 1437 qui
545 1394 605 1425 11οἰ1
622 1400 705 1423 erant
722 1390 818 1423 missi,
837 1388 873 1419 ad
883 1385 1144 1429 requiescendum,

186 1439 221 1470 δε
232 1441 299 1470 vitae
309 1440 327 1470 s
325 1449 367 1470 uae
375 1437 607 1470 consulendum.
629 1438 667 1465 At
678 1433 729 1464 ille
738 1440 898 1473 properans
910 1450 918 1463 .
931 1428 1144 1468 festinansque,

184 1481 324 1512 mandata
334 1480 432 1512 nostra
441 1478 592 1512 conficere
603 1478 727 1517 cupiens
738 1495 746 1509 ‚
759 1476 791 1504 in
801 1475 854 1504 hac
864 1471 1031 1502 constantia
1041 1490 1049 1503 ,
1063 1479 1144 1518 mor:

184 1523 225 1553 bo
244 1523 414 1554 adversante
425 1543 433 1557 ‚
453 1520 658 1562 perseveravit¹
681 1519 775 1556 Cujus
787 1515 859 1546 cum
869 1513 998 1544 adventu
1007 1521 1144 1558 maxime

184 1565 370 1606 perturbatus
383 1563 454 1595 effer
464 1564 618 1594 Antonius
629 1582 637 1595 ,
656 1558 739 1601 quod
749 1568 782 1589 ea
792 1578 801 1591 .
816 1566 883 1598 quae
892 1554 946 1585 fibi
953 1556 963 1594 j
968 1553 1033 1584 ussu
1042 1552 1146 1600 nostro

186 1606 452 1640 denuntiarentur,
467 1604 642 1636 3118101113ῑο
653 1610 734 1632 erant
745 1620 753 1633 ‚
765 1601 798 1630 &
807 1599 953 1629 sententia
960 1595 1148 1635 Ser-Sulpicii

189 1647 368 1679 constituta:
390 1648 547 1678 declaravit
561 1666 569 1680 ‚
582 1645 671 1687 quam
681 1641 788 1673 odisset
798 1642 932 1671 senatum
943 1659 952 1672 ,
963 1636 1035 1683 cum
1044 1636 1148 1667 311610-

188 1699 252 1720 rem
264 1690 380 1720 senatus
390 1688 575 1719 0111111161οω
588 1707 596 1721 ,
618 1687 684 1717 laete
697 1705 706 1718 ‚
717 1693 804 1725 atque
815 1681 959 1722 insblenter
968 1684 1049 1709 tulit.
1073 1681 1148 1709 Non

188 1733 279 1774 igitur
296 1733 390 1781 magis
413 1730 573 1761 OStavium
585 1730 745 1769 Leptines,
762 1735 818 1755 nec
826 1725 1001 1763 Vejentium
1013 1730 1076 1768 rex,
1085 1729 1148 1754 eos,

189 1783 267 1815 quos
277 1773 373 1803 modo
383 1773 544 1802 nominavi
556 1792 564 1805 ,
585 1770 676 1811 quam
686 1771 745 1799 Ser.
756 1767 923 1806 Sulpicium
933 1763 1043 1794 occidit
1052 1765 1150 1792 Anto—

188 1817 269 1846 nius.
292 1817 320 1845 Is
336 1824 426 1844 ENIM
440 1812 578 1854 profes-3:¹0
596 1819 727 1841 mortem
744 1810 862 1840 attulit,
879 1807 933 1847 qui
946 1805 1030 1835 causa
1041 1806 1149 1834 mortis

188 1856 255 1887 fuit.
279 1858 426 1898 roiica
443 1855 478 1886 ad
498 1853 676 1895 posteritatis
695 1854 786 1882 etiam
805 1850 987 1879 memoriam
1001 1848 1149 1886 pertinere

187 1898 332 1931 arbitror,
352 1897 464 1928 exstare
474 1917 482 1931 ,
503 1896 585 1937 quod
596 1894 687 1924 fuerit
697 1893 733 1923 de
744 1893 801 1922 hoc
811 1891 892 1921 bello
900 1889 1050 1929 judicium
1066 1888 1149 1931 sena—

190 1949 249 1971 tus.
273 1941 329 1971 erit
346 1942 429 1970 enim
449 1938 541 1969 statua
556 1937 616 1977 ipsa
635 1935 733 1968 testis,
753 1934 869 1964 bellurn
879 1940 940 1961 tam
954 1939 1040 1971 grave
1053 1927 1151 1961 fuisse,

151 1985 175 2018 4
191 1991 223 2013 ut
232 1983 319 2024 legati
329 1983 479 2014 interitus,
492 1981 618 2010 honoris
629 1977 810 2007 memoriani
818 1974 995 2004 consecutus
1005 1970 1048 2001 sit.
1061 1969 1153 2010 Quod

190 2023 212 2055 fi
223 2025 449 2054 excusationem
458 2026 519 2054 ser.
529 2021 655 2061 Sulpicii
665 2039 674 2053 ,
690 2022 721 2049 P.
731 2020 764 2048 C.
779 2016 937 2057 legationis
946 2012 1095 2044 obeundae
1106 2022 1152 2041 re-

192 2066 308 2097 cordari
319 2066 478 2096 volueritis
489 2084 497 2099 ,
511 2064 594 2094 nulla
606 2061 754 2093 dubitatio
765 2060 949 2098 relinquetur
960 2076 969 2090 ,
988 2059 1003 2075 ²
1012 2057 1087 2096 quin
1098 2056 1151 2084 'no-

192 2117 284 2139 00105
295 2109 407 2138 mortni
417 2127 426 2142 ‚
439 2109 491 2148 qui
502 2107 575 2135 vivo
586 2105 728 2145 injuriam
738 2101 868 2131 fecimus
878 2119 886 2133 ‚
898 2099 1065 2129 sarciamus.
1089 2099 1153 2126 Vos

193 2152 278 2180 enim
287 2170 296 2183 ,
317 2159 412 2190 patres
422 2148 582 2188 conscripti
594 2146 692 2188 (grave
702 2143 786 2175 111ἂο
796 2141 838 2173 est
848 2161 857 2176 ‚
878 2140 927 2172 sed
938 2139 1101 2170 dicendum
1113 2148 1154 2169 ta-

195 2192 281 2231 men)
300 2201 374 2225 1105,
394 2194 535 2232 inquam,
559 2192 618 2219 Ser.
630 2188 799 2227 Sulpicium
816 2185 878 2215 vita
893 2181 1038 2224 privastis.
1061 2191 1154 2222 quem

192 2243 266 2264 cum
280 2233 421 2263 videretis
436 2233 463 2263 se
479 2233 573 2272 magis
585 2229 694 2260 morbo
704 2248 713 2263 ‚
732 2237 823 2269 quam
834 2227 969 2256 oratione
979 2244 988 2258 ,
1008 2223 1153 2254 excusan-

196 2284 259 2306 tem
271 2294 280 2309 ‚
300 2284 365 2305 non
374 2284 428 2304 vos
438 2273 561 2315 quidem
570 2271 705 2302 crudeles
714 2268 812 2300 fuistis
825 2289 833 2301 ‚
856 2266 940 2308 (quid
950 2268 1035 2296 enim
1046 2264 1153 2311 minus

195 2318 231 2347 in
242 2318 323 2347 hunc
332 2316 471 2346 ordinem
482 2315 648 2345 convenit?
659 2314 669 2354 )
680 2312 727 2342 sed
737 2331 745 2345 ‚
755 2311 827 2341 curn
838 2309 987 2349 speraretis
996 2308 1074 2337 nihil
1084 2305 1153 2340 este,

192 2358 277 2400 quod
295 2368 360 2388 non
379 2358 462 2387 1111115
479 2355 669 2388 ιιιιὸὲονίῑιιτε,
690 2353 869 2393 &shpz'entm
878 2348 1079 2389 efficiposs‘et,
1101 2358 1154 2378 ve-

196 2399 375 2432 hementius
385 2399 570 2430 excusationi
580 2394 737 2427 obstitistis
748 2406 754 2423 2
770 2402 856 2434 atque
865 2401 936 2422 eum
948 2411 957 2424 ‚
975 2392 1028 2431 qui
1038 2390 1154 2429 semper

193 2442 327 2475 vestrum
338 2441 529 2474 consensum,
545 2436 748 2480 gravissimum
756 2432 952 2477 judicaviffet,
965 2432 1001 2462 de
1012 2432 1157 2462 sententia

196 2483 355 2521 dejecistis.
380 2486 424 2514 Ut
439 2481 513 2512 vero
523 2481 622 2512 Pansae
639 2479 773 2510 consulis
788 2475 901 2507 acceffit
914 2475 1082 2505 cohortatio
1092 2483 1157 2513 gra-

195 2535 263 2556 vior
273 2546 281 2559 ‚
301 2526 392 2567 quam
406 2534 489 2555 aures
498 2527 557 2554 Ser.
567 2523 692 2562 Sulpicii
707 2520 782 2551 ferre
800 2515 990 2551 didicissent,
1010 2525 1077 2546 tum
1087 2524 1158 2544 vero

199 2568 329 2608 denique
342 2567 441 2597 filium
452 2586 461 2600 ,
482 2575 593 2607 meque
606 2564 744 2596 seduxit,
763 2571 850 2602 atque
859 2563 899 2591 ita
912 2561 1031 2604 locutus
1042 2556 1085 2587 est
1096 2578 1105 2591 ,
1127 2566 1159 2587 ut

199 2608 407 2640 vitiositatem
425 2607 552 2639 vestram
569 2608 639 2637 vitae
653 2606 710 2636 suae
725 2605 753 2635 se
771 2604 883 2634 diceret
898 2604 1051 2632 anteierre.
1074 2600 1160 2639 cujus

200 2660 257 2681 nos
274 2653 415 2681 virtutem
434 2650 591 2683 admirati,
613 2657 678 2678 non
688 2645 745 2677 aufi
761 2647 863 2677 sumus
876 2645 940 2684 ejus
950 2643 1094 2674 adversari
1104 2651 1160 2672 vo-

199 2693 318 2722 luntati.
341 2692 518 2723 movebatur
537 2690 673 2732 singulari
692 2691 800 2729 pietate
820 2686 902 2717 filius
914 2697 919 2716 2
940 2696 1006 2716 non
1025 2683 1160 2716 multum

201 2734 266 2773 ejus
277 2735 492 2774 perturbationi
502 2743 587 2764 meus
597 2733 684 2763 dolor
693 2730 891 2761 concedebat:
909 2728 959 2760 sed
971 2738 1090 2769 uterque
1101 2736 1160 2756 no—

204 2774 299 2806 strum
318 2776 419 2806 cedere
437 2776 595 2817 cogebatur
608 2773 812 2814 magnitudini
826 2773 940 2805 animi,
960 2769 1162 2809 orationisque

201 2819 336 2859 gravitati
349 2829 354 2846 z
374 2817 444 2847 cum
455 2816 578 2858 quidem
589 2817 640 2846 ille
651 2817 786 2845 maxima
797 2814 881 2844 laude
892 2834 902 2847 ,
922 2813 954 2843 &
964 2814 1161 2854 gratulatione

205 2861 348 2890 omniurn
360 2858 492 2889 vestrum
504 2859 656 2899 pollicitus
666 2855 708 2887 est
718 2877 726 2891 ‚
742 2857 771 2887 se
781 2876 789 2890 ,
805 2855 886 2897 quod
899 2855 1015 2885 velletis
1026 2874 1035 2889 ,
1047 2852 1105 2884 effe
1114 2852 1159 2885 fa-

204 2900 326 2932 &urum
337 2921 345 2934 ‚
358 2911 453 2942 neque
463 2902 488 2941 ej
494 2911 527 2931 us
537 2901 689 2932 sententiae
698 2900 868 2939 periculum
878 2899 1041 2929 vitaturum
1051 2916 1061 2931 ‚
1073 2896 1159 2936 cujus

243 3025 266 3042 1.
286 3019 318 3042 Et
327 3017 386 3042 ἹὶιΙίο
396 3018 504 3051 Cluvio]
525 3017 591 3043 Vide
603 3027 634 3044 ne
646 3016 825 3053 reponendum
838 3017 867 3044 sit
886 3020 918 3043 L.
930 3019 995 3050 Julio
1007 3036 1014 3049 ,
1034 3016 1160 3043 admonet

202 3051 312 3087 Pighius
324 3053 410 3079 noster
432 3052 561 3079 librom.
574 3054 721 3080 Fastorum.
739 3061 767 3080 at
777 3053 889 3080 Fulvius
900 3053 1011 3079 Ursinus
1031 3054 1057 3080 in
1069 3055 1161 3078 Cloulia

200 3087 293 3151 ἷῃξΗεῑ
303 3089 351 3114 fito
359 3090 446 3150 Cla-lig,
457 3096 486 3116 ut
496 3087 567 3116 idem
577 3091 729 3117 nominatur
739 3089 808 3126 apud
817 3090 927 3117 Livium
938 3089 1030 3116 lib.iv.
1041 3088 1159 3116 Plinium

212 3133 221 3151 i
243 3133 273 3150 ro
285 3133 335 3150 111.
349 3134 404 3161 cap.
445 3145 450 3150 .

236 3169 263 3186 2.
284 3161 348 3193 an
357 3163 438 3187 honore
447 3161 557 3195 mmuh]
582 3161 622 3187 Ita
634 3161 779 3188 Lambinus
793 3181 800 3193 ,
812 3171 896 3198 neque
908 3161 1017 3189 recedit.
1029 3162 1096 3188 Pau.
1108 3161 1159 3188 sec.

198 3205 258 3225 nam
268 3205 310 3234 pr.
321 3198 425 3224 bonorem
435 3205 540 3232 marim,-
555 3196 692 3234 quomodo
703 3198 729 3225 8<
741 3197 807 3226 olim
817 3198 894 3228 editi.
906 3199 1065 3227 recentiores
1075 3198 1159 3231 enim,

1163 133 1722 184 CrcssRoN1s

1175 214 1237 256 ipse
1247 210 1345 244 auster
1355 211 1454 245 fuisset
1463 234 1472 249 2
1489 226 1579 257 quem
1590 212 1713 260 exsequi
1723 216 1861 249 mandata
1869 215 1961 248 vestra
1969 225 2133 257 properan-

1176 267 1257 291 tem,
1279 257 1368 286 mane
1386 255 1527 304 postridie
1546 261 1692 299 prosecuti
1707 262 1817 291 sumus.
1841 260 2029 301 quiquidem
2041 259 2134 289 disce-

1177 300 1251 330 dens
1262 319 1270 332 ,
1290 308 1411 328 mecum
1423 299 1592 330 italocutus
1601 301 1662 335 est,
1683 311 1716 333 ut
1727 304 1790 342 ejus
1801 312 1896 332 oratio
1908 322 1916 335 ,
1937 311 2032 331 OMEN
2053 310 2133 330 FArr

1183 341 1343 388 videretur-
1375 340 1506 371 Reddite
1518 343 1608 382 igitur
1619 363 1627 376 ‚
1647 347 1677 374 Ρ.
1687 347 1718 374 C.
1730 347 1757 374 ei
1768 347 1860 374 vitam
1871 364 1879 378 ‚
1899 344 1948 374 cui
1970 342 2135 373 ademistis.
2153 349 2173 380 5

1181 391 1248 413 vita
1257 392 1341 413 enim
1353 391 1544 413 mortuorum
1557 394 1587 413 in
1599 388 1746 416 memoria
1755 388 1895 416 vivorum
1907 384 1948 415 est
1959 383 2058 425 posita.
2068 394 2136 424 per·

1188 424 1266 456 ficite
1277 445 1286 458 ‚
1302 433 1333 454 ut
1344 426 1368 453 is
1380 444 1388 458 ,
1403 434 1495 465 quem
1506 434 1559 455 vos
1569 426 1604 456 ad
1615 436 1744 457 mortem
1757 429 1843 458 inscii
1854 427 1972 458 misistis
1983 447 1992 460 ,
2008 430 2049 456 im
2056 435 2139 456 mor-

1185 467 1327 498 talitatem
1339 466 1466 496 habeata
1477 467 1574 497 vobis.
1598 471 1646 498 cui
1665 467 1685 498 si
1702 469 1826 500 statuam
1846 472 1877 499 in
1889 469 2005 500 Rostris
2019 469 2139 499 decreto

1184 508 1283 539 vestro
1295 507 1452 538 statueritis
1463 529 1472 542 ,
1490 510 1573 540 nulla
1586 510 1649 549 ejus
1664 511 1844 552 legationem
1859 511 2037 551 posteritatis
2050 510 2140 540 inob-

1186 550 1312 581 scurabit
1321 550 1450 580 oblivio.
1474 553 1555 581 Nam
1564 552 1677 592 reliqua
1685 556 1744 583 Ser.
1755 553 1880 592 Sulpicii
1889 556 1948 583 vita
1960 553 2063 582 multis
2073 554 2140 586 erit,

1186 592 1391 633 praeclarisque
1413 596 1624 623 monumentis
1645 593 1680 623 ad
1702 604 1828 624 omnem
1854 598 2034 624 memoriam
2056 603 2144 625 corn·

1189 634 1334 665 mendara.
1359 634 1474 675 semper
1489 636 1572 664 1111115
1586 637 1759 677 gravitatem
1772 656 1780 669 ‚
1798 635 1996 666 constantiam
2007 655 2016 669 ,
2036 635 2142 669 fidem,

1189 676 1388 717 praestantiam
1401 696 1409 710 ‚
1427 679 1461 706 in
1479 677 1628 717 republica
1645 677 1754 707 tuenda
1771 687 1871 707 curam
1884 697 1892 710 ‚
1910 686 1996 717 atque
2013 678 2144 717 pruden-

1190 721 1263 748 tiam
1274 739 1283 752 ‚
1301 720 1443 748 omnium
1456 718 1621 748 mortalium
1632 719 1715 758 famei
1728 719 1897 749 celebrabit.
1921 721 1987 748 Nec
1996 718 2068 748 verb
2079 718 2146 748 sile-

1191 761 1271 790 bitur
1280 760 1466 791 admiiabilis
1475 761 1612 801 quaedam
1622 781 1629 795 ,
1643 762 1675 791 ὅ(
1685 761 1872 791 incredibilis
1882 780 1891 794 ,
1904 761 1935 791 &
1946 761 2032 801 paene
2042 760 2147 791 divina

1189 803 1252 842 ejus
1263 804 1295 832 in
1305 802 1421 843 legibus
1431 803 1658 842 interpretandis
1669 823 1677 837 ,
1691 805 1827 844 aequitate
1836 802 2011 842 explicanda
2020 821 2029 835 ,
2050 801 2148 831 scien-

1193 847 1244 874 tia.
1267 846 1385 874 Omnes
1396 864 1405 878 ,
1416 854 1454 874 ex
1463 855 1552 874 omni
1561 854 1643 875 aetate
1655 865 1663 878 ‚
1678 855 1730 886 qui
1741 847 1793 875 hac
1803 846 1963 874 incivitate
1973 843 2148 885 intelligen—

1191 886 1345 925 tiamjuris
1356 886 1540 920 habuerunt,
1555 886 1575 916 si
1587 897 1682 917 unum
1694 889 1727 916 111
1738 888 1838 917 locum
1850 886 2042 917 conferantur
2051 904 2059 918 ,
2073 895 2145 917 cum

1189 928 1386 968 Ser.Sulpicio
1397 938 1460 958 non
1472 929 1752 968 suntcomparandi.
1777 931 1885 968 Neque
1894 930 1979 958 enim
1990 927 2039 956 ille
2052 928 2148 967 magis

1186 970 1263 1009 juris
1280 970 1433 1000 consultus
1444 990 1452 1004 ‚
1471 970 1561 1011 quarn
1573 970 1690 1010 justitie
1704 970 1770 1001 fuit.
1794 973 1894 1010 Itaque
1905 980 1970 1011 quae
1979 967 2147 1010 proficisce-

1191 1011 1298 1042 bantur
1310 1010 1325 1041 a
1338 1012 1453 1052 legibus
1465 1032 1475 1045 ,
1495 1012 1528 1042 &
1546 1012 1563 1042 a
1577 1015 1644 1053 jure
1661 1014 1765 1046 civili3
1784 1013 1899 1051 semper
1912 1012 1947 1042 ad
1959 1011 2146 1045 facilitatem,

1190 1055 1419 1093 aequitatemque
1429 1054 1586 1084 referebat:
1601 1064 1696 1095 neque
1706 1053 1888 1085 constituere
1900 1055 2000 1084 litium
2011 1053 2147 1083 actiones

1191 1093 1337 1127 malebat,
1349 1095 1440 1134 quam
1451 1095 1662 1126 controversias
1672 1097 1788 1126 tollere.
1811 1099 1889 1137 Ergo
1901 1097 1957 1125 hoc
1968 1094 2065 1125 statua:
2078 1103 2147 1123 mo-

1190 1144 1340 1165 numento
1360 1145 1423 1165 non
1441 1145 1525 1177 eget:
1546 1137 1635 1167 habet
1652 1138 1708 1168 alia
1726 1138 1847 1177 majora.
1871 1139 1933 1167 haec
1946 1139 2029 1166 enim
2044 1135 2147 1170 statua,

1195 1179 1301 1207 moitis
1313 1176 1444 1208 honestae
1456 1177 1538 1208 testis
1546 1180 1618 1208 erit:
1632 1179 1683 1209 illa
1693 1199 1701 1212 ‚
1713 1182 1861 1209 memoria
1870 1181 1940 1208 vitae
1950 1178 2102 1219 glorios-ae:
2116 1186 2149 1208 ut

1190 1220 1249 1249 hoc
1260 1228 1308 1249 ma
1331 1221 1355 1248 is
1364 1229 1603 1250 monumentum
1609 1222 1693 1261 grati
1697 1221 1824 1260 senatus,
1834 1220 1924 1261 quam
1935 1222 2005 1250 clari
2013 1222 2071 1249 viri
2080 1239 2088 1252 ‚
2098 1218 2149 1248 fu-

1191 1270 1294 1306 turum
1326 1269 1346 1291 t.
1359 1260 1496 1292 Multum
1507 1263 1600 1293 etiam
1610 1261 1736 1292 voluiss'e
1749 1263 1783 1292 ad
1796 1264 1886 1302 patris
1896 1263 2045 1291 honorem
2055 1263 2149 1300 pietas

1192 1304 1248 1333 11111
1257 1302 1417 1333 videbitur:
1427 1305 1479 1344 qui
1488 1313 1672 1345 quamquam
1684 1303 1812 1334 affliCtus
1823 1303 1907 1334 01ἃο
1917 1312 1982 1334 non
1990 1302 2069 1333 adest
2082 1322 2091 1335 ι
2104 1311 2149 1333 ta-

1193 1354 1267 1375 men
1285 1343 1323 1375 fic
1339 1348 1466 1376 animati
1485 1344 1544 1376 esse
1562 1346 1677 1377 debetis
1688 1366 1698 1380 ,
1717 1355 1749 1377 ut
1762 1347 1813 1376 ille
1824 1343 1971 1376 [130101101-
1995 1344 2038 1375 est
2047 1353 2148 1374 autem

1189 1388 1231 1418 ita
1249 1385 1371 1418 affeistus
1387 1408 1397 1420 ,
1416 1396 1450 1418 ut
1469 1398 1563 1419 nemo
1580 1398 1726 1430 umquam
1746 1390 1827 1418 unici
1843 1386 1899 1417 filii
1913 1395 2043 1417 mortem
2055 1387 2151 1426 magis

1196 1428 1346 1463 doluerit,
1365 1428 1456 1470 quam
1476 1430 1530 1461 ille
1547 1428 1656 1461 moeret
1671 1432 1772 1471 patris.
1795 1429 1945 1471 Equidem
1953 1437 2043 1459 etiam
2057 1427 2092 1458 ad
2106 1428 2152 1458 fa-

1195 1480 1279 1502 mam
1288 1474 1346 1502 Ser.
1357 1472 1482 1512 Sulpicii
1493 1470 1551 1503 filii
1559 1473 1684 1504 arbitror
1693 1474 1815 1503 31110010
1828 1492 1838 1506 ,
1859 1480 1891 1502 ut
1902 1471 2036 1501 videatur
2050 1471 2151 1499 hono-

1194 1523 1259 1544 rem
1278 1513 1417 1544 debitum
1429 1516 1504 1554 patri
1516 1513 1690 1554 praestitiffc.
1712 1524 1895 1555 quamquam
1905 1513 2025 1544 nullum
2037 1521 2151 1542 monu-

1196 1564 1336 1586 mentum
1355 1555 1461 1585 clarius
1480 1558 1692 1596 Ser.Sulpicius
1708 1558 1876 1596 relinquere
1888 1556 2036 1596 potuerit,
2057 1552 2150 1594 quam

1195 1598 1312 1638 effigiem
1321 1607 1431 1626 morum
1441 1599 1559 1628 suorum
1572 1618 1581 1632 ,
1591 1600 1710 1628 virtutis
1721 1617 1730 1632 ‚
1743 1597 1917 1628 constantiae
1927 1617 1934 1629 ‚
1949 1597 2066 1636 pietatis
2076 1614 2085 1628 ²
2100 1596 2152 1624 in-

1197 1642 1300 1681 genii,
1313 1638 1425 1669 filium.
1448 1640 1533 1680 cujus
1542 1639 1640 1670 1u6tus
1649 1649 1699 1669 aut
1710 1641 1766 1670 hoc
1776 1641 1892 1669 honore
1903 1638 2010 1671 vestro,
2021 1645 2071 1666 aut
2080 1635 2150 1665 nul*

1197 1683 1227 1711 lo
1237 1681 1341 1712 solatio
1351 1681 1558 1721 levaripotest.
1582 1683 1661 1711 Mihi
1671 1691 1771 1711 autem
1780 1680 1946 1711 recordanti
1957 1678 2150 1718 Ser.Suipicii
2168 1676 2190 1710 6

1194 1727 1208 1752 3
1223 1723 1338 1753 multos
1347 1725 1380 1752 in
1389 1723 1488 1753 nostra
1498 1723 1698 1754 familiaritate
1708 1723 1860 1753 seimones
1871 1742 1880 1755 ,
1895 1723 2004 1762 gratior
2014 1720 2058 1749 illi
2068 1719 2154 1750 vide-

1199 1775 1264 1798 tur,
1285 1763 1305 1794 fi
1319 1774 1370 1805 qui
1384 1763 1426 1794 est
1438 1765 1538 1795 sensus
1551 1768 1584 1795 in
1598 1774 1694 1795 morte
1705 1785 1714 1798 ,
1736 1774 1816 1794 aenea
1827 1763 1917 1793 statua
1937 1762 2037 1792 futura
2047 1781 2057 1795 ‚
2077 1761 2109 1791 δε
2119 1769 2154 1792 ea

1197 1805 1339 1847 pedestris
1349 1826 1359 1840 ,
1372 1808 1461 1846 quam
1472 1808 1602 1837 inaurata
1611 1805 1753 1847 equestris
1764 1817 1770 1835 2
1790 1807 1885 1846 qualis
1897 1803 1938 1834 est
1949 1803 2083 1833 L.Su11ae
2092 1803 2154 1842 pri-

1199 1859 1248 1878 ma
1265 1847 1365 1878 statua.
1390 1847 1545 1878 4mir1fice
1565 1850 1649 1878 enim
1659 1851 1719 1878 Ser.
1729 1848 1878 1887 Sulpicius
1894 1846 2046 1885 majorum
2063 1843 2154 1874 conti-

1197 1891 1323 1920 nentiam
1340 1890 1498 1930 diligebat:
1521 1890 1610 1929 hujus
1628 1889 1728 1919 saeculi
1745 1890 1937 1918 insolentiam
1955 1886 2150 1926 vituperabat.

1200 1936 1243 1963 Ut
1253 1941 1342 1974 igitur
1351 1951 1360 1965 ‚
1378 1930 1399 1961 s1
1409 1932 1506 1971 ipsum
1517 1932 1672 1961 consulam
1683 1951 1691 1965 ‚
1706 1932 1778 1972 quid
1788 1931 1878 1963 velit,
1891 1928 1928 1960 fic
1936 1928 2104 1969 pedestrem
2114 1936 2154 1957 ex

1199 1984 1254 2005 aere
1264 1974 1406 2007 statuam,
1428 1982 1580 2014 tamquam
1598 1983 1636 2003 ex
1652 1975 1715 2013 ejus
1731 1972 1905 2003 306101113ῑο
1916 1992 1925 2005 ,
1946 1972 1978 2001 &
1990 1972 2156 2003 voluntate.

1200 2017 1347 2046 decerno:
1366 2025 1431 2056 quae
1444 2015 1567 2055 quidem
1579 2025 1724 2056 magnum
1734 2017 1850 2044 civium
1860 2013 1997 2044 dolorem
2008 2032 2017 2046 ‚
2038 2012 2070 2042 ὃς
2080 2009 2155 2041 defi-

1198 2058 1317 2088 derium
1331 2077 1340 2092 ,
1364 2059 1479 2087 honore
1498 2059 1695 2088 monumenti
1714 2059 1832 2087 minuet
1841 2075 1850 2090 ,
1872 2056 1904 2086 8(
1924 2056 2026 2084 leniet.
2057 2057 2157 2094 Atque

1201 2102 1277 2130 hanc
1288 2109 1387 2130 meam
1399 2100 1578 2130 sententiam
1589 2119 1598 2133 ,
1613 2102 1643 2130 P.
1653 2102 1687 2130 C.
1706 2101 1735 2130 P.
1745 2098 1863 2129 Servilii
1879 2098 2025 2128 sententia
2038 2095 2157 2136 probari

1203 2141 1317 2173 necess'e
1327 2141 1386 2172 est:
1406 2144 1459 2182 qui
1469 2142 1637 2182 sepulcrum
1650 2140 1771 2182 publice
1786 2139 2007 2170 decernendum
2018 2141 2076 2168 Ser.
2087 2136 2156 2167 Sul-

1199 2186 1281 2226 picio
1291 2184 1421 2218 censuit,
1436 2183 1559 2214 statuam
1571 2194 1635 2213 rion
1645 2183 1771 2214 censuit.
1786 2184 1868 2212 Nam
1878 2179 1899 2210 fi
1909 2189 1991 2210 mors
1999 2180 2086 2221 legati
2096 2177 2159 2208 fine

1200 2227 1279 2258 caede
1291 2247 1299 2259 ,
1314 2226 1489 2266 atqueferro
1498 2226 1620 2256 nullum
1631 2226 1779 2255 honorem
1791 2221 1946 2253 desiderat:
1966 2231 2017 2251 cur
2026 2221 2159 2251 decernit

1200 2270 1325 2299 honorem
1328 2268 1475 2308 sepultum
1483 2278 1494 2295 .·
1503 2270 1555 2308 qui
1564 2269 1717 2297 maximus
1727 2265 1827 2296 haberi
1837 2262 1932 2304 potest
1942 2270 2064 2292 mortuo
2075 2266 2086 2292 ,⁷
2105 2264 2161 2293 Sin

1201 2311 1232 2341 id
1247 2310 1352 2341 tribuit
1361 2313 1420 2340 Ser.
1430 2310 1563 2349 Sulpicio
1574 2329 1582 2342 ‚
1603 2308 1684 2349 quod
1704 2317 1767 2340 non
1781 2305 1823 2336 est
1834 2306 1939 2336 datum
1950 2307 2004 2334 Cn.
2015 2303 2158 2335 ORavio:

1201 2363 1271 2385 cur,
1291 2351 1374 2392 quod
1384 2352 1431 2380 ilii
1443 2351 1544 2380 datum
1557 2349 1619 2384 est,
1639 2350 1710 2379 huic
1728 2348 1863 2378 dandum
1883 2345 1940 2376 esse
1957 2356 2022 2376 non
2039 2347 2160 2376 censet?

1203 2396 1335 2432 Majores
1345 2412 1353 2425 ,
1365 2392 1489 2433 quidem
1500 2391 1594 2422 nostri
1606 2390 1711 2421 statuas
1722 2390 1826 2419 multis
1836 2389 2046 2419 decreverunt:
2063 2388 2160 2428 sepul-

1204 2445 1250 2466 cra
1267 2436 1378 2474 paucis.
1402 2435 1450 2464 sed
1457 2432 1716 2470 statummereunt
1726 2431 1896 2472 tempestate
1909 2450 1917 2464 ‚
1937 2431 1989 2464 vi,
2008 2430 2161 2462 vetustate:

1205 2477 1408 2517 sepulcrorum
1419 2485 1519 2506 autem
1529 2474 1665 2506 [30811135
1676 2476 1710 2504 in
1719 2474 1783 2514 ipso
1797 2473 1861 2504 solo
1872 2472 1929 2502 est:
1944 2472 2025 2514 quod
2036 2473 2118 2503 nulla
2128 2475 2161 2504 vi

1207 2519 1324 2549 moveri
1336 2538 1345 2552 ,
1356 2528 1454 2558 neque
1468 2517 1558 2548 deleri
1571 2516 1680 2557 potest.
1702 2525 1800 2556 atque,
1813 2525 1845 2545 ut
1854 2524 1948 2545 cetera
1958 2513 2159 2557 exstinguun-

1208 2571 1256 2592 tur
1265 2580 1274 2594 ‚
1296 2559 1334 2590 sic
1346 2560 1473 2600 sepulcra.
1491 2558 1569 2589 fiunt
1582 2557 1728 2590 13οἃ1013
1736 2555 1887 2588 vetustate.
1910 2559 2078 2598 Augeaturi
2100 2558 2162 2588 itur

1208 2603 1265 2634 isto
1275 2604 1365 2632 etiam
1375 2604 1491 2632 honore
1503 2604 1526 2631 is
1537 2604 1584 2631 vir
1593 2623 1603 2636 ‚
1616 2603 1668 2633 cui
1679 2601 1781 2631 nullus
1791 2602 1890 2629 honor
1899 2599 1990 2629 tribui
2000 2608 2064 2628 non
2096 2599 2162 2629 ebi-

1208 2655 1255 2676 1115
1265 2643 1370 2685 potest.
1393 2646 1465 2684 grati
1480 2642 1571 2674 simus
1584 2646 1617 2674 in
1637 2643 1699 2683 ejus
1715 2651 1813 2672 morte
1830 2640 2016 2673 decoranda,
2034 2641 2164 2671 cuinul-

1209 2688 1269 2717 lam
1284 2688 1348 2726 jam
1369 2686 1457 2716 aliam
1475 2687 1598 2727 gratiam
1617 2684 1723 2715 referre
1742 2682 1908 2724 possumus.
1930 2691 2053 2712 notetur
2069 2684 2163 2713 etiarn

1211 2732 1254 2759 M.
1265 2729 1391 2759 Antonii
1403 2748 1411 2761 ‚
1431 2729 1579 2759 neiarium
1592 2727 1708 2757 bellum
1720 2728 1849 2768 gerentis
1860 2745 1869 2759 ‚
1890 2724 2026 2755 scelerata
2034 2724 2163 2754 audacia.

1209 2773 1255 2801 his
1265 2772 1350 2801 enim
1361 2770 1529 2800 honoribus
1540 2769 1647 2799 habitis
1655 2771 1716 2799 Ser.
1725 2768 1858 2807 Sulpicio
1867 2786 1876 2800 ‚
1894 2765 2051 2806 repudiatae
2061 2786 2070 2798 ,
2087 2767 2127 2805 rej
2132 2776 2165 2796 e·

1211 2813 1324 2854 ‹Ytaeque
1334 2812 1491 2852 legationis
1498 2811 1534 2841 ab
1546 2813 1682 2840 Antonio
1693 2830 1701 2844 ,
1724 2809 1857 2839 manebit
1873 2805 2040 2838 testificatio
2053 2808 2163 2848 sempi-

1210 2865 1303 2886 terna.
1327 2849 1407 2894 'Quas
1417 2853 1458 2884 ob
1468 2855 1560 2883 resita
1569 2851 1686 2881 censeo.
1711 2854 1788 2881 CUM
1802 2853 1860 2880 Ser.
1869 2850 2017 2889 Sulpicius
2028 2869 2037 2883 ‚
2057 2852 2117 2891 Q.
2129 2852 2161 2880 F.
2178 2858 2202 2892 7

1212 2898 1364 2928 Lemonia
1374 2915 1383 2930 ,
1393 2895 1494 2927 Rufus
1504 2914 1513 2930 ,
1525 2892 1710 2931 difficillimo
1720 2891 1892 2933 reipublicae
1901 2899 2039 2932 tempore
2049 2911 2060 2925 ,
2071 2893 2163 2934 gravi,

2087 2943 2166 2974 peri-

1207 3014 1287 3043 secuti
1296 3013 1419 3048 'conjefflm
1425 3022 1478 3040 ram
1490 3012 1616 3043 Ferrarii,
1627 3011 1766 3043 admisere,
1776 3013 1835 3045 quin
1843 3013 1924 3037 honore
1932 3013 2028 3037 mortui.

1247 3060 1260 3086 3
1268 3072 1274 3078 .
1293 3053 1384 3079 Multos
1394 3053 1419 3076 in
1437 3052 1515 3083 nostra
1527 3051 1699 3081 familiaritate
1707 3048 1853 3082 sermonen]
1874 3047 2035 3074 Gulielmius
2055 3054 2108 3074 ⁶¹·ae
2117 3045 2165 3073 ad-

1207 3087 1318 3124 scripsit,
1331 3086 1446 3117 fortean,
1454 3094 1496 3119 pro
1505 3087 1592 3118 nostra.

1241 3131 1269 3156 4.
1290 3123 1393 3157 Mrifici‘
1403 3125 1463 3148 enim
1479 3125 1530 3148 Ser.
1538 3123 1658 3154 sulpicius
1666 3122 1779 3156 majorum
1789 3122 1968 3152 continentiam,
1975 3118 2042 3153 &c.]
2064 3118 2108 3144 Sic
2116 3117 2166 3144 ho-

1206 3159 1249 3186 die
1260 3158 1348 3196 paffim
1360 3157 1477 3185 cuditur.
1497 3165 1601 3194 patrum
1622 3165 1711 3186 tamen
1721 3155 1902 3193 aevoimprcssi
1913 3175 1923 3189 ,
1933 3155 2053 3190 magnific&
2067 3173 2075 3187 ,
2094 3151 2165 3189 quod

1208 3197 1235 3223 Bt
1246 3196 1274 3224 in
1286 3194 1344 3224 mis.
1355 3194 1460 3224 nostris.

2058 3232 2083 3254 ι.
2092 3225 2170 3253 mum

2268 422 2272 425 ,
2259 315 2266 319 ,

2329 1430 2334 1503 ἡ..
2330 1318 2334 1423 ,ῤ-
2321 0 2333 1312 -Η--ῄῄ--Ἦ-,ῥω
