2337 3400
217 128 311 189 516
619 119 1120 169 MzTULer

218 247 340 280 forensis
351 247 434 276 labor
444 265 451 278 ,
468 247 593 284 vitaeque
603 246 677 274 ratio
686 244 851 274 dimanavit
864 243 900 273 ad
909 241 1169 274 existimationem

223 292 387 321 hominum
404 287 504 326 paullo
523 287 611 316 latius
630 285 938 316 commendationeac
953 283 1070 323 judicio
1089 291 1173 311 meo-

224 341 303 362 rum.
337 332 436 361 Nam,
453 327 534 369 quod
556 326 710 366 objestum
728 326 770 356 est
785 326 822 357 de
841 325 1001 367 pudicitia,
1029 323 1171 364 quodque

224 383 276 403 om
283 374 366 401 nium
376 370 578 400 accusatorum
588 379 653 399 non
663 369 844 399 criminibus
855 388 863 402 ‚
876 368 924 398 sed
932 366 1056 398 vocibus
1066 386 1074 398 .
1084 365 1178 394 male-

226 413 372 453 diEtisque
391 412 572 441 celebratum
591 410 651 443 est,
671 410 702 440 id
721 420 889 451 numquam
906 419 966 440 tam
985 407 1089 439 acerbe
1104 405 1181 436 feret

228 458 271 484 M.
283 454 398 484 Coelius
411 462 428 486 ,’
439 462 550 483 uteum
568 454 712 491 poeniteat
728 462 793 482 nori
803 451 973 482 deformem
990 448 1049 480 effe
1064 457 1178 479 natum.

228 497 295 527 sunt
308 497 423 525 etenim
438 494 490 524 ista
502 493 655 523 rnaledic'ia
673 494 840 534 pervulgata
850 496 883 524 in
892 494 1010 523 omneis
1024 512 1033 525 ,
1048 499 1179 531 quorum

229 540 262 568 in
273 537 470 568 adolescentia
483 535 580 569 forma
601 536 634 565 &
649 535 759 575 species
778 535 984 566 suitliberalis.
1007 533 1062 564 Sed
1074 541 1182 562 Auxun

229 579 273 610 est
283 579 458 615 maledicere
467 599 476 611 ‚
488 578 569 608 aliud
580 578 719 607 accusare.
742 578 884 607 accusatio
894 579 1010 607 crimen
1030 573 1181 606 desiderat,

230 714 334 744 praetei·
344 703 580 734 contumeliam:
604 706 688 743 quae3
702 701 1046 742 fipetulantiusjafilatur
1057 719 1064 733 ‚
1087 699 1184 727 convi-

232 748 308 775 cium
317 756 328 773 :
340 744 358 774 si
369 744 503 778 facetius,
514 743 661 773 urbanitas
673 754 860 774 nominatur.
888 753 979 784 quam
989 741 1112 782 quidem
1125 749 1188 779 par-
1213 744 1215 764 ¹.

231 794 294 818 'tem
313 787 505 817 accusationis
518 786 679 816 admiratus
699 786 761 816 sui-ri
774 807 782 820 ,
803 787 835 815 &
849 784 975 815 moleste
1000 783 1056 813 tuli
1075 779 1190 821 [1011111-

234 839 322 859 11111111
334 827 390 858 effe
400 830 538 858 Atratino
548 828 655 858 datam.
677 837 772 868 neque
783 829 866 856 enim
878 826 1009 859 decebat,
1022 833 1116 863 neque
1127 829 1190 850 arcu

234 872 286 901 1113
295 870 471 910 postulabat,
483 880 578 910 neque
589 870 620 899 id
634 869 715 909 quod
726 869 960 898 animadvertere
971 868 1124 906 poteratis,
1134 873 1190 903 pu-

235 913 292 942 dor
303 912 465 952 patiebatur
478 913 587 951 optimi
607 911 801 941 adolescentis
812 930 820 943 ,
839 912 873 939 111
887 910 938 939 tali
954 909 1043 938 illum
1055 908 1192 937 oratione
1216 923 1217 926 =

234 955 351 985 versari.
375 954 495 983 Vellem
505 954 611 992 aliquis
620 962 657 982 ex
667 952 753 982 vobis
772 951 993 982 robustioribus
1006 952 1087 980 hunc
1100 947 1193 978 male-

236 995 357 1026 dicendi
371 995 475 1025 locuni
497 993 672 1033 suscepisset.
695 994 848 1034 aliquanto
860 993 985 1023 liberius
998 1013 1005 1025 ‚
1027 988 1191 1022 &fortius,

238 1039 270 1069 &
292 1039 385 1078 magis
396 1046 481 1066 more
492 1034 594 1065 nostro
613 1034 809 1065 refutaremus
829 1034 914 1065 istam
935 1031 1137 1064 maledicendi
1157 1032 1194 1060 li-

236 1081 377 1110 centiam.
402 1081 517 1108 Tecum
530 1097 539 1110 ,
558 1079 710 1110 Atratine,
730 1088 813 1118 agani
824 1076 922 1107 levius
933 1096 940 1110 ,
961 1075 1043 1117 quod
1056 1073 1194 1113 &pudor

236 1131 304 1152 tuus
318 1120 488 1150 moderatur
497 1120 627 1148 orationi
637 1129 712 1149 meae
725 1130 730 1147 z
741 1121 773 1149 &
784 1129 888 1148 meum
899 1128 965 1160 erga
976 1127 1015 1150 te,
1026 1125 1194 1159 parentem-

236 1174 294 1204 que
306 1172 391 1192 tuum
402 1159 585 1191 beneficium
606 1162 681 1190 tueri
700 1161 806 1190 debeo.
831 1160 910 1190 Illud
926 1168 1064 1189 tumente
1075 1156 1132 1186 esse
1143 1156 1194 1186 ad-

238 1206 393 1234 monitum
411 1203 500 1232 volo:
521 1206 538 1228 4
552 1204 686 1242 primum
707 1212 833 1239 QLALis
852 1212 905 1235 Es,
927 1210 1045 1231 TALEM
1064 1209 1106 1228 TE
1123 1207 1197 1227 Essa

237 1254 438 1278 EX15T1ME53
454 1253 496 1277 ut,
508 1253 654 1284 quantum
663 1245 678 1273 a
690 1254 788 1273 rerum
801 1243 985 1283 turpitudine
995 1242 1195 1273 abes,tantum

237 1297 265 1318 te
276 1288 292 1317 a
302 1287 462 1317 verborum
473 1287 606 1316 libertate
617 1286 750 1326 sejungas
763 1297 768 1314 :
793 1284 901 1315 deinde
912 1305 920 1318 ‚
942 1293 975 1314 ut
983 1294 1016 1313 ea
1028 1286 1059 1312 in
1069 1283 1194 1311 alterum

239 1340 278 1360 ne
289 1329 367 1359 dicas
379 1349 386 1362 ,
408 1339 473 1369 quae
483 1327 553 1358 curn
565 1328 619 1357 tibi
629 1327 706 1357 falso
720 1328 855 1367 responsa
867 1325 922 1356 sint
932 1346 940 1359 ,
960 1324 1105 1364 erubefizm.
1119 1325 1194 1363 Qs

234 1370 280 1401 est
290 1372 387 1404 enirn,
397 1372 447 1400 cui
457 1372 505 1400 via
516 1369 568 1399 ista
579 1379 642 1399 non
653 1378 747 1409 pateat
759 1371 830 1410 ?qui
844 1372 855 1395 5
866 1367 914 1397 isti
926 1370 1001 1398 aetati
1011 1375 1096 1406 atquc
1106 1367 1196 1394 etiam

235 1413 392 1454 dignitati,
416 1422 480 1442 non
491 1410 581 1451 possit
598 1421 688 1452 quam
700 1412 774 1440 velit
788 1411 953 1451 petulanter
964 1430 971 1443 ,
991 1411 1081 1438 etiam
1102 1405 1122 1436 si
1139 1405 1200 1436 sine

238 1456 298 1484 ulla
307 1454 472 1494 suspicione
487 1474 495 1487 ,
516 1463 544 1483 at
554 1463 618 1482 non
628 1452 689 1482 sine
700 1461 878 1494 argumento
895 1472 903 1486 ,
923 1450 1121 1481 maledicere?
1140 1448 1196 1479 Sed

238 1496 363 1526 istarum
373 1498 501 1535 partium
515 1496 599 1534 culpa
609 1494 651 1525 est
660 1505 765 1524 eorum
777 1515 785 1528 ‚
813 1496 865 1535 qui
877 1504 903 1523 te
921 1503 1004 1534 agere
1021 1490 1182 1522 voluerunt
1194 1501 1199 1519 :

239 1539 303 1569 laus
313 1538 437 1577 pudoris
448 1539 510 1570 tui,
521 1537 602 1577 quod
614 1547 646 1566 ea
657 1545 684 1566 te
695 1538 827 1566 invitum
839 1536 934 1565 dicere
944 1533 1122 1563 videbamus
1132 1543 1138 1561 :
1150 1535 1200 1562 in-

204 1593 225 1623 4
243 1582 342 1622 genii,
365 1578 449 1620 quod
460 1578 563 1609 ornate
573 1598 582 1611 ‚
597 1579 747 1618 politeque
760 1577 874 1607 dixisti.
897 1580 1011 1606 Verum
1022 1575 1057 1605 ad
1068 1574 1154 1605 istam
1164 1584 1200 1602 o-

243 1631 350 1652 mnem
361 1623 528 1650 orationem
540 1620 638 1649 brevis
656 1619 697 1649 est
713 1618 855 1649 defensio.
879 1629 950 1648 narn
967 1617 1048 1658 quod
1065 1626 1133 1646 aetas
1154 1618 1198 1645 M.

242 1663 334 1694 Coelii
344 1662 411 1692 dare
421 1663 519 1701 potuit
528 1661 576 1691 isti
589 1662 747 1700 suspicioni
759 1662 862 1691 locum
874 1681 882 1694 ,
901 1659 960 1690 suit
968 1661 1101 1699 primum
1113 1656 1201 1698 ipsius

235 1705 359 1745 pudore
367 1723 376 1736 ‚
397 1704 507 1733 deinde
518 1706 608 1733 etiam
619 1706 707 1743 patris
717 1703 872 1743 diligentia
883 1723 892 1736 ,
914 1702 1128 1741 disciplinaque
1139 1710 1202 1728 nau-

243 1748 306 1776 m'ra
317 1757 328 1773 .·
350 1747 401 1786 qui
411 1755 442 1775 ut
452 1747 522 1775 huic
532 1746 652 1775 virilem
669 1755 769 1785 togam
781 1745 878 1778 dedit,
904 1742 918 1763 ⁶
930 1744 1007 1773 nihil
1018 1744 1155 1772 hocloco
1164 1742 1201 1771 de
1225 1752 1226 1759 ¹

244 1799 294 1818 me
313 1788 441 1826 (tantum
451 1785 485 1816 sit
497 1808 505 1819 ‚
515 1796 660 1827 quantum
671 1797 725 1816 vos
735 1786 922 1826 existimatis)
934 1787 992 1815 hoc
1000 1784 1110 1817 dicam,
1121 1785 1202 1813 hunc

243 1830 260 1860 ‘a
271 1839 350 1870 patre
360 1828 508 1858 continuo
519 1828 554 1858 ad
565 1838 613 1858 me
625 1827 681 1858 esse
694 1828 871 1858 deduGtuiri.
888 1837 981 1857 nemo
995 1828 1075 1855 hunc
1086 1827 1202 1854 M.Coe-

242 1873 320 1902 lium
339 1873 370 1900 in
388 1871 440 1900 illo
454 1873 544 1900 aetatis
554 1869 628 1899 flore
638 1869 713 1899 vidit
723 1890 732 1903 ,
755 1869 810 1899 nisi
819 1879 868 1900 aut
876 1879 945 1899 cum
960 1877 1040 1908 patre
1051 1887 1059 1901 ,
1079 1876 1201 1896 autme-

242 1923 313 1943 cum
329 1933 336 1947 ,
348 1914 437 1942 autin
448 1911 591 1942 111-613111
603 1910 864 1941 castiss'unadomo
875 1931 883 1945 ,
905 1910 975 1941 cum
985 1909 1094 1939 artibus
1105 1910 1201 1938 hone-

244 1954 378 1985 stissimis
391 1953 564 1984 erudiretur.
589 1955 669 1983 Nam
681 1951 763 1993 quod
773 1951 1106 1991 Catilinaesamiliariras
1117 1950 1200 1986 oble-

245 1996 292 2026 613
310 1997 408 2026 Coelio
420 1995 462 2026 est
475 2015 484 2029 ,
508 1996 596 2036 longe
618 1995 653 2025 ab
671 1995 726 2025 ista
743 1995 910 2035 suspicione
929 1994 1085 2024 abhorrere
1103 1992 1199 2034 debet.

248 2041 315 2069 Hoc
326 2040 408 2067 enim
418 2037 603 2067 adolescente
611 2037 690 2067 scitis
698 2037 887 2067 consulatum
899 2046 1021 2066 mecum
1033 2032 1136 2074 peti'ss'e
1147 2036 1202 2064 Ca-

242 2081 374 2110 tilinam.
396 2079 432 2109 ad
441 2089 531 2119 quem
542 2078 563 2108 si
577 2077 692 2109 accessit
702 2099 710 2113 ,
729 2088 778 2109 aut
788 2078 807 2108 si
818 2078 833 2108 a
845 2089 893 2108 me
905 2075 1035 2108 discessit
1044 2086 1200 2116 umquam,

243 2124 439 2162 (quamquam
453 2121 544 2150 multi
561 2121 634 2151 boni
646 2121 847 2151 adolescentes
859 2121 906 2149 illi
917 2121 1039 2150 homini
1058 2128 1200 2158 nequam,

245 2173 332 2203 atque
346 2162 486 2202 improbo
499 2162 674 2193 studuerunt
687 2173 692 2191 :
703 2163 786 2200 ltuiri
797 2162 988 2192 existimetur
1001 2161 1114 2191 Coelius
1124 2162 1203 2190 Cati-

248 2206 318 2235 linae
329 2207 461 2234 nimium
473 2203 628 2234 familiaris
643 2203 741 2233 fuiss'e.
765 2207 804 2234 At
814 2206 896 2234 enim
908 2202 1008 2243 postea
1018 2203 1128 2233 scimus
1139 2223 1147 2235 ‚
1169 2202 1202 2231 &

245 2246 381 2276 vidimus
399 2244 456 2275 esse
473 2247 553 2276 hunc
571 2249 604 2276 in
620 2246 703 2275 illius
716 2247 832 2275 amicis.
863 2247 939 2286 Qis
956 2247 1062 2284 negat?
1081 2243 1130 2274 sed
1146 2253 1202 2285 ego

246 2288 322 2317 1111161
335 2297 451 2327 tempus
462 2290 551 2317 aetatis
563 2308 571 2320 ,
589 2287 670 2328 quod
683 2286 781 2326 ipsum
796 2287 948 2325 suasponte
958 2286 1116 2316 infirmum
1127 2286 1203 2315 alio-

248 2339 315 2360 rum
325 2329 453 2359 libidine
466 2329 607 2359 infestum
619 2328 660 2358 est
672 2348 680 2362 ,
699 2328 729 2358 id
747 2329 884 2357 hocloco
899 2327 1039 2357 defendo.
1062 2327 1119 2356 fuit
1137 2324 1205 2356 asli-

241 2372 323 2401 -duus
334 2380 452 2401 mecum
466 2390 474 2403 ‚
495 2379 617 2410 praetore
628 2379 678 2400 me
690 2379 778 2410 elnon
796 2377 919 2398 noverat
929 2369 1098 2397 Catilinam.
1124 2366 1205 2396 Afri-

245 2423 312 2443 cam
322 2421 388 2442 tum
398 2421 506 2451 praetor
518 2413 570 2441 ille
583 2410 748 2441 obtinebat.
772 2411 887 2440 secutus
905 2408 951 2439 est
960 2418 1064 2438 annus.
1087 2408 1201 2438 causam

244 2455 280 2484 de
291 2464 426 2495 pecuniis
434 2453 604 2492 repetundis
615 2454 742 2483 Catilina
754 2452 840 2481 dixit.
865 2460 990 2481 mecum
1001 2459 1059 2480 erat
1074 2451 1122 2479 hic
1135 2461 1140 2477 :
1158 2449 1205 2478 ilii

246 2507 284 2526 iic
293 2496 452 2526 advocatus
462 2495 585 2536 quidem
595 2497 679 2525 venit
690 2504 844 2534 umquam.
869 2493 1008 2532 deinceps
1021 2491 1080 2522 suit
1093 2500 1200 2525 annm,

289 2624 297 2640 1
306 2635 311 2640 .
332 2619 362 2640 Et
373 2626 436 2640 mem
446 2618 482 2641 bi:
492 2617 583 2648 (irc-'3135
595 2617 686 2650 larium]
715 2617 772 2643 Pil.
785 2626 870 2643 11011115
881 2617 907 2642 8:
921 2616 1080 2652 Turiugicus
1092 2615 1170 2648 liber,
1181 2616 1210 2646 (35‘

248 2651 317 2675 omrn'r
328 2653 375 2681 liic,
387 2661 393 2674 1
404 2652 430 2677 'ix
442 2652 477 2678 cst
490 2659 580 2678 utnon
594 2652 621 2678 ii:
636 2653 728 2678 tiit-lius
743 2662 750 2676 1
759 2653 859 2688 ulguto.

270 2722 273 2725 Ι
287 2695 313 2711 2.
334 2690 449 2712 Hominem
459 2695 486 2712 ut
495 2695 555 2712 mm
569 2707 575 2719 ‚
596 2689 662 2722 Ua]
688 2689 855 2715 Hotomanus
869 2688 1082 2723 Disputationum
1095 2688 1158 2717 iuris
1170 2688 1208 2713 ci-

253 2721 309 2747 ·:i'iis
322 2730 394 2748 tomo
410 2733 427 2748 z.
439 2724 573 2753 emendat,
583 2734 662 2749 nomen
671 2732 698 2749 ist
708 2732 767 2749 nost-t
780 2736 785 2749 .·
805 2734 863 2750 meo
871 2725 973 2758 judicio
984 2734 1073 2760 parum
1087 2724 1204 2754 venuste,

252 2758 279 2782 &-
291 2766 376 2798 trinit-n
391 2759 419 2783 P.
431 2760 564 2786 Manutius
586 2760 729 2795 publicauit
742 2780 749 2792 ,
769 2764 857 2786 nomine
875 2768 901 2786 m
919 2768 997 2793 ηοω,-
1017 2768 1112 2796 prester
1123 2759 1205 2786 libros

251 2794 385 2829 phi-:istm

290 2838 314 2864 3.
334 2832 628 2863 Sisclttlnmimja&amir
642 2833 655 2865 ]
678 2833 800 2858 Muretus
812 2832 862 2858 lib.
875 2839 932 2858 riX.
943 2833 1007 2858 Vnt.
1019 2832 1082 2858 1661.
1093 2841 1149 2867 cap.
1164 2841 1205 2857 10.

253 2866 500 2899 (milicia-jaciatur.
520 2868 588 2901 quali
598 2867 682 2893 altera
693 2868 758 2894 seri-'i
770 2872 842 2904 itque
855 2875 978 2903 nequeat.

251 2936 258 2941 ἡ
289 2909 315 2932 4.
336 2905 443 2939 ‘ipa-wrm
456 2922 462 2931 ,
473 2905 551 2936 quasis
560 2913 584 2928 cs
596 2923 603 2934 ,
619 2906 689 2928 naim
699 2913 720 2929 te
731 2906 781 2938 effe,
793 2904 934 2937 t.v1[(l.¹'mes.]
962 2903 1106 2930 Lambinus
1117 2904 1205 2929 locum

250 2936 334 2976 istunc
346 2936 411 2962 leude
423 2938 550 2965 collutula
570 2941 591 2965 it
603 2959 610 2970 ,
627 2948 756 2975 prmrextu
770 2940 827 2966 iuss.
839 2940 954 2966 1110111111.
975 2948 1002 2966 at
1014 2940 1119 2974 vulgata
1142 2940 1205 2971 11166,

251 2973 348 2998 diserte
369 2973 444 3012 restat
463 2983 488 2999 111
507 2975 561 3000 Pal.
582 2976 677 3001 oetam
696 2977 722 3001 8<
743 2977 905 3002 Grutcriauo
918 2996 926 3008 ‚
946 2985 1030 3011 neque
1050 2975 1147 3002 abeunt
1165 2985 1205 3011 pr.

252 3016 340 3048 quart.
360 3016 446 3048 quint.
459 3017 486 3034 ut
499 3020 546 3035 nec
564 3012 649 3037 omnis
662 3011 745 3037 editio
757 3013 886 3038 vetustate
897 3012 1029 3038 rancidior
1043 3031 1050 3041 ,
1070 3012 1115 3037 11111
1134 3011 1205 3046 quod

249 3051 377 3070 omittant
388 3043 453 3069 illud
464 3046 504 3077 ‘ffi'
534 3046 558 3071 iu
571 3046 645 3072 nullo
656 3055 742 3073 autem
755 3049 903 3074 nostrorum
924 3048 1007 3074 exstat
1018 3046 1083 3073 illud
1098 3047 1206 3073 Lumbi-

250 3081 357 3106 1113011111
369 3087 395 3104 n!
404 3080 459 3115 post
467 3084 579 3112 primum,
591 3083 636 3107 uili
648 3083 672 3108 in
685 3085 711 3107 S.
723 3084 840 3109 Victossis
854 3103 861 3115 ,
872 3083 913 3110 sed
926 3094 940 3109 a
951 3093 1029 3110 intuiti
1043 3082 1163 3109 secunda.
1183 3085 1208 3108 hi

249 3117 313 3142 vero
326 3116 391 3149 ejus,
404 3125 495 3141 omncs
506 3116 536 3141 ad
550 3127 562 3142 u
569 3127 629 3143 1111111
643 3118 777 3152 respuunt.

235 3189 238 3192 .
285 3161 312 3188 5.
330 3154 371 3186 Isti
380 3155 603 3188 aetatiatqueeiiam
621 3155 756 3190 dignitati]
778 3156 842 3183 Non
854 3155 889 3184 2st
909 3155 982 3193 quod.
1000 3156 1219 3192 istai·cpetmnus;

1201 116 1243 163 C
1280 132 1297 162 1
1334 131 1360 162 c
1397 131 1425 163 E
1462 134 1497 164 R
1533 136 1561 166 o
1599 136 1631 167 N
1669 137 1685 168 1
1724 137 1742 168 s

216 199 547 244 hisfonti'buspi·0fiuxi
564 202 597 232 ad
609 203 772 232 hominum
792 200 925 232 famam:
949 199 1004 229 ἴδε
1023 207 1109 228 meus
1120 198 1168 227 hic
1204 199 1206 203 ⁴

1221 207 1282 239 quo
1292 207 1347 237 ego
1356 197 1542 244 consulatum
1554 203 1656 239 petivi.
1679 201 1796 242 petebat
1805 201 1932 233 Catilina
1941 211 2071 232 mecum.
2093 201 2173 233 nund

1223 249 1314 281 quam
1325 239 1359 268 ad
1370 240 1460 286 illum
1469 240 1585 271 acceflit
1597 253 1602 271 2
1616 244 1633 273 a
1643 254 1690 273 me
1703 254 1860 286 nunquam
1870 243 1993 275 receffit.
2017 247 2080 274 Tot
2089 246 2182 285 igitur⁴
2194 253 2214 284 5

1225 291 1321 312 annos
1335 284 1462 311 versatus
1473 284 1506 312 in
1514 282 1582 313 soro
1592 282 1652 315 sine
1672 285 1837 326 suspicione
1849 307 1863 321 ,⁴
1880 285 1940 317 sine
1951 285 2076 316 iufamia
2086 306 2095 318 ,
2119 284 2180 315 stu-

1227 323 1292 354 duit
1302 323 1555 354 Catilinaeiterum
1564 329 1686 364 petenti.
1717 331 1817 369 Quem
1840 339 1910 370 ergo
1927 328 1961 358 ad
1984 326 2078 357 finem
2096 335 2183 366 putas

1227 364 1453 396 custodiendam
1471 366 1556 395 illam
1575 377 1689 398 aetatern
1703 365 1789 400 fuiffe
1809 373 1820 399 ?
1850 369 1949 400 Nobis
1965 369 2088 410 quidem
2106 368 2185 398 olim

1229 416 1324 437 annus
1343 415 1403 436 erat
1425 416 1503 436 unus
1519 407 1555 437 ad
1571 410 1775 442 cohibendum
1793 412 1948 442 brachium
1969 420 2051 450 toga,
2072 409 2188 440 consti.-

1231 457 1330 479 tutus:
1350 449 1383 478 δε
1400 457 1431 478 ut
1450 451 1684 486 exercitatione,
1705 453 1836 493 ludoque
1857 454 2037 493 7campestri
2060 451 2187 482 tunicati

1233 499 1393 520 uteremur.
1412 490 1576 535 eademque
1585 502 1645 523 erat
1657 513 1665 527 ,
1688 492 1708 523 fi
1723 494 1820 524 statim
1836 497 1943 525 mereri
1961 494 2107 534 stipendia
2124 502 2188 523 coe-

1233 541 1389 572 peramus,
1409 531 1558 562 castrensis
1568 537 1662 568 ratio,
1685 546 1717 566 ac
1728 537 1875 566 militaris.
1898 546 1956 576 qua
1973 547 2006 565 in
2028 544 2111 566 aetate
2126 531 2184 564 nisi

1210 589 1212 595 .
1233 574 1285 614 qui
1298 573 1325 603 se
1338 574 1396 612 ipse
1411 574 1460 603 sua
1470 577 1623 614 gravitate,
1648 577 1865 607 &castimonia
1877 598 1885 610 ‚
1907 579 1938 607 3:
1950 577 2021 607 cum
2034 576 2191 616 disciplina

230 631 295 651 rem
305 618 466 650 urdefiniat
477 640 485 653 ,
501 623 515 639 2
526 621 686 649 hominem
705 628 736 649 ut
751 629 854 652 notet,
874 626 1051 659 argumento
1068 615 1183 656 probet,
1211 626 1212 629 ¹

232 662 304 692 teste
323 660 493 692 confirmet.
518 660 695 691 maledidio
713 671 811 691 autem
832 662 911 690 niiiii
930 661 1017 690 habet
1030 655 1184 698 propositi,
1212 666 1213 673 ¹

1235 614 1418 649 domestica,
1437 625 1502 645 turn
1520 619 1609 646 etiam
1629 619 1756 647 naturali
1773 619 1895 660 quodam
1914 618 1978 647 bono
1998 617 2189 651 defenderat,

1236 667 1360 697 quoquo
1372 657 1467 688 modo
1476 658 1493 688 a
1506 659 1563 688 suis
1573 658 1739 690 custoditus
1748 660 1818 691 effet
1830 681 1838 694 ,
1859 670 1958 691 tamen
1968 659 2127 690 infamiam
2136 668 2191 689 ve-

1237 708 1298 728 ram
1309 697 1436 740 effugere
1447 710 1510 730 non
1519 710 1643 739 poterat.
1668 697 1682 721 8
1692 702 1748 732 sed
1758 705 1810 742 qui
1818 705 1915 742 prima
1929 702 1980 732 illa
1989 703 2114 741 imperia
2123 709 2191 731 aeta-

1238 743 1273 770 tis
1285 760 1293 774 ,
1303 742 1424 787 ¹integra
1434 761 1442 774 ,
1462 751 1547 781 atque
1558 744 1700 774 inviolata
1710 743 1902 783 praestitiss'et:
1925 744 1961 774 de
1976 744 2037 784 ejus
2045 743 2124 773 sama
2137 762 2146 776 ,
2157 752 2191 773 ac

1237 782 1381 826 pudicitia
1391 802 1400 816 ,
1420 782 1491 812 cum
1501 794 1527 812 15
1535 784 1594 821 jam
1608 785 1635 814 se
1645 784 1893 816 corroboraviss'et
1903 806 1911 819 ‚
1932 796 1964 816 36
1973 788 2018 815 vir
2027 788 2104 815 inter
2112 786 2195 814 viros

1238 822 1326 857 esset,
1344 834 1441 854 vnemo
1459 826 1642 870 loquebatur.
1675 828 1793 858 Studuit
1808 828 1942 858 Catilina:
1956 847 1969 860 7
1987 826 2128 866 cumjam
2138 826 2196 856 ali-

1238 874 1312 905 quot
1320 875 1415 895 annos
1425 865 1494 897 esset
1506 868 1536 896 in
1544 867 1612 897 foro
1622 888 1629 901 ,
1652 869 1775 898 Coelius.
1799 870 1832 899 &
1852 870 1942 899 multi
1959 869 2017 899 hoc
2029 868 2100 897 idem
2111 877 2148 897 ex
2159 876 2197 897 o-

1241 908 1308 936 mni
1327 907 1433 937 ordine
1446 929 1455 942 ,
1476 917 1561 949 atque
1572 920 1609 939 ex
1621 913 1707 940 omni
1725 920 1808 941 aetate
1818 911 1962 941 fecerunt.
1992 910 2094 940 habuit
2110 911 2195 938 enim

1241 949 1292 977 ille
1304 968 1312 982 ‚
1324 947 1406 979 sicuti
1417 949 1654 995 meminifl'evos
1671 953 1796 983 arbitror
1805 973 1813 987 ,
1833 953 1981 993 permulta
1991 953 2199 982 maximarum·

1242 1000 1306 1019 nori
1317 990 1447 1030 expressa
1457 991 1534 1033 signa
1549 1013 1556 1025 ‚
1578 993 1626 1023 sed
1638 994 1809 1024 adumbrata
1818 998 1974 1024 virtutum.
1999 993 2133 1023 utebatur
2141 994 2198 1022 ho-

1243 1032 1378 1061 minibus
1390 1034 1535 1077 improbis
1547 1036 1650 1065 multis
1671 1047 1676 1065 :
1701 1037 1734 1066 &
1751 1036 1874 1076 quidem
1886 1038 2010 1076 optimis
2021 1036 2048 1065 se
2057 1036 2132 1064 viris
2146 1033 2198 1064 de-

1243 1073 1342 1102 ditum
1362 1073 1420 1104 esse
1441 1073 1604 1106 simulabat.
1627 1087 1709 1107 erant
1725 1078 1800 1117 apud
1822 1079 1910 1108 illum
1929 1078 2076 1107 illecebrae
2095 1075 2200 1105 libidi—

1244 1124 1320 1143 num
1331 1117 1434 1146 multae
1448 1126 1543 1146 :erant
1551 1118 1642 1147 etiarn
1654 1119 1805 1149 industriae
1823 1119 1946 1159 quidam
1961 1119 2095 1152 stimuli,
2114 1117 2201 1147 3613-

1245 1156 1335 1186 boris.
1361 1155 1520 1197 flagrabant
1529 1161 1602 1189 uitia
1610 1160 1747 1189 libidinis
1757 1161 1832 1200 apud
1843 1162 1931 1190 illum
1942 1160 2098 1200 :vigebant
2107 1160 2199 1188 etiam

1244 1197 1338 1227 studia
1346 1200 1388 1227 rei
1400 1199 1547 1229 militaris.
1558 1210 1656 1240 neque
1665 1211 1720 1241 ego
1734 1212 1879 1241 umquam
1887 1199 1973 1231 fuiss'e
1983 1202 2039 1231 tale
2050 1199 2200 1236 monstrum

1242 1243 1276 1269 in
1287 1241 1370 1269 terris
1381 1240 1476 1269 ullum
1486 1250 1559 1280 puto
1570 1245 1586 1275 ,'
1599 1251 1658 1271 tam
1670 1253 1707 1272 ex
1726 1245 1880 1272 contrariis
1891 1262 1899 1276 ,
1925 1241 2104 1282 diversisque
2123 1243 2202 1270 inter

1244 1282 1273 1311 se
1293 1282 1494 1321 pugnantibus
1524 1292 1634 1314 naturae
1654 1283 1776 1318 studiis,
1795 1284 2063 1325 cupiditatibusque
2081 1282 2197 1313 confla-

1245 1332 1320 1352 tum.
1345 1325 1421 1362 Qis
1440 1324 1613 1354 clarioribus
1632 1327 1702 1355 viris
1719 1326 1849 1366 quodam
1867 1334 2000 1365 tempore
2016 1324 2200 1365 jucundior?
2218 1323 2240 1356 6

1246 1366 1313 1405 quis
1334 1366 1516 1404 turpioribus
1535 1366 1724 1406 conjunGtiOi
1740 1371 1750 1397 ?
1776 1370 1843 1408 quis
1858 1370 1933 1397 civis
1952 1368 2117 1397 meliorum
2135 1375 2202 1406 par-

1245 1410 1322 1436 tium
1333 1407 1514 1447 aliquando?
1533 1412 1599 1449 quis
1614 1410 1827 1440 taetriorhostis
1839 1410 1909 1439 huic
1927 1411 2060 1439 civitati?
2082 1411 2150 1449 quis
2168 1409 2203 1438 in

1246 1449 1450 1488 voluptatibus
1468 1452 1655 1490 inquinatior
1675 1454 1685 1480 ?
1718 1454 1784 1492 quis
1804 1454 1836 1481 in
1853 1451 2007 1480 laboribus
2022 1451 2204 1489 patientior?

1247 1493 1314 1532 quis
1324 1493 1356 1519 in
1365 1493 1517 1529 rapacitate
1538 1495 1672 1522 avarior?
1691 1495 1758 1533 quis
1768 1495 1801 1523 in
1818 1493 1974 1533 largitione
1988 1490 2125 1522 effusior?
2145 1491 2203 1522 [lla

1247 1531 1320 1562 vero
1332 1552 1340 1566 ,
1348 1533 1463 1571 judices
1474 1553 1482 1566 ,
1495 1535 1526 1562 in
1535 1534 1592 1563 illo
1602 1536 1728 1564 homine
1742 1535 1892 1564 mirabilia
1906 1533 2029 1563 fuerunt
2040 1553 2050 1567 2
2061 1542 2204 1572 compre-

1247 1574 1376 1603 hendere
1390 1576 1502 1604 multos
1519 1577 1669 1610 amicitia,
1692 1578 1767 1606 tueri
1779 1577 1925 1616 obsequio
1942 1595 1950 1609 ,
1969 1586 2040 1606 cum
2057 1574 2205 1604 omnibus

1247 1618 1473 1646 communicare
1491 1617 1572 1657 quod
1584 1618 1729 1651 habebat,
1754 1619 1862 1648 servire
1880 1617 2066 1656 temporibus
2078 1617 2204 1646 suorum

1248 1660 1389 1688 omnium
1398 1668 1522 1697 pecunia
1533 1679 1540 1692 ,
1554 1661 1644 1700 gratia
1655 1679 1663 1693 ,
1675 1660 1775 1690 labore
1784 1661 1916 1699 corporis
1931 1679 1939 1693 ,
1950 1660 2056 1689 scelere
2066 1661 2168 1691 etiam,
2181 1656 2204 1686 fi

1249 1710 1324 1739 opus
1341 1698 1428 1732 ess'et,
1448 1700 1627 1731 &audaciaz
1650 1702 1761 1732 versare
1781 1702 1861 1731 suam
1881 1711 2014 1731 naturam
2027 1721 2034 1733 ‚
2056 1700 2088 1730 &
2105 1700 2205 1740 regem

1248 1743 1283 1771 ad
1294 1751 1410 1780 tempus
1424 1762 1431 1774 ,
1444 1752 1530 1782 atque
1539 1744 1597 1772 huc
1606 1762 1614 1776 ,
1630 1743 1662 1773 &
1672 1744 1744 1773 illuc
1755 1752 1888 1783 torquere
1899 1763 1907 1776 ,
1918 1743 1949 1771 &
1959 1746 1974 1768 9
1983 1740 2098 1779 flestere
2109 1752 2121 1768 .·
2130 1750 2203 1771 cum

1249 1782 1380 1813 tristibus
1391 1784 1488 1813 severe
1502 1803 1510 1817 ,
1528 1794 1596 1813 cum
1609 1783 1879 1824 remissisjucunde
1890 1805 1898 1818 ,
1918 1794 1989 1813 cum
2008 1783 2127 1813 senibus
2140 1791 2206 1823 gra-

1249 1827 1326 1854 viter
1335 1844 1343 1857 ,
1355 1835 1426 1853 cum
1436 1827 1593 1863 juventute
1603 1829 1731 1856 comiter
1745 1847 1753 1860 ‚
1773 1837 1844 1856 curn
1853 1824 2024 1856 facinorosis
2034 1825 2181 1855 audaciter
2190 1843 2201 1858 ,

1247 1877 1317 1896 cum
1327 1866 1494 1896 libidinosis
1506 1867 1662 1898 luxuriose
1671 1870 1782 1898 vivere.
1807 1870 1870 1898 Hac
1882 1868 1933 1897 ille
1944 1877 2005 1897 tam
2015 1869 2093 1897 varia
2101 1886 2109 1899 2
2121 1866 2203 1895 mul-

1250 1909 1405 1948 tiplicique
1415 1917 1484 1938 natu
1490 1919 1518 1938 13
1528 1929 1536 1942 ,
1550 1907 1622 1939 cum
1633 1913 1753 1940 omneis
1762 1910 1907 1939 omnibus
1917 1919 1956 1939 ex
1969 1911 2052 1939 terris
2062 1909 2206 1938 homines

1251 1951 1406 1990 improbos
1416 1969 1425 1983 ,
1449 1951 1640 1992 audace-isque
1650 1953 1822 1992 collegerat:
1845 1961 1910 1981 tum
1919 1953 2009 1980 etiam
2019 1951 2132 1980 multos
2141 1948 2207 1979 soi·-

1250 1994 1304 2021 teis
1316 1993 1397 2021 viros
1407 2012 1415 2025 ,
1437 1993 1468 2022 &
1479 1992 1664 2032 bonos-specie
1672 1993 1797 2034 quadam
1809 1993 1924 2023 virtutis
1940 1991 2111 2022 assimulatae
2123 1999 2206 2021 tene-

1251 2034 1307 2064 bat.
1332 2044 1429 2074 neque
1440 2044 1584 2074 umquam
1596 2037 1698 2065 exillo
1718 2035 1839 2066 delendi
1857 2035 1945 2074 hujus
1955 2035 2074 2074 imperii
2101 2035 2203 2063 ¹0tam

1250 2075 1465 2106 consceleratus
1475 2078 1606 2116 impetus
1624 2075 1799 2111 exstitisset,
1819 2076 1875 2107 nisi
1896 2085 1940 2106 tot
1957 2078 2104 2106 vitiorum
2127 2082 2208 2104 tanta

1254 2120 1428 2148 immanitas
1438 2119 1615 2159 quibusdam
1625 2119 1773 2149 facilitatis
1784 2119 1834 2153 ,.&
1845 2120 1992 2159 patientiae
2000 2116 2147 2147 radicibus
2157 2116 2207 2144 ni-

1250 2169 1369 2190 teretur.
1393 2163 1491 2201 Qare
1504 2160 1556 2190 ista
1565 2161 1702 2191 conditio
1714 2182 1722 2195 ,
1736 2162 1850 2201 judices
1859 2181 1868 2194 ‚
1877 2160 2028 2199 respuatur
2038 2179 2046 2192 ‚
2058 2167 2113 2187 nec
2123 2158 2206 2187 Cati-

1226 2222 1227 2230 .
1249 2202 1321 2231 linae.
1332 2201 1540 2232 familiaritatis
1549 2206 1666 2233 crimen
1676 2205 1790 2233 haereat.
1809 2201 1850 2232 est
1860 2203 1942 2231 enim
1960 2208 2125 2230 commune
2132 2208 2205 2229 cum

1253 2244 1360 2273 multis
1373 2264 1381 2277 ,
1404 2244 1436 2273 &
1446 2254 1517 2273 cum
1526 2245 1703 2284 quibusdam
1716 2246 1804 2274 etiam
1814 2244 1912 2273 bonis.
1935 2244 1986 2271 Me
1998 2241 2097 2280 ipsum
2110 2261 2118 2273 ‚
2141 2250 2203 2274 me,

1251 2288 1390 2325 inquam,
1412 2285 1565 2325 quondam
1581 2285 1725 2325 paeneille
1737 2286 1870 2323 decepit,
1889 2284 1961 2313 cum
1982 2283 2015 2312 &
2031 2284 2106 2312 civis
2126 2282 2204 2312 milii

1252 2327 1351 2356 bonus
1362 2347 1371 2359 ‚
1392 2327 1424 2356 &
1434 2328 1545 2365 optimi
1554 2327 1696 2365 cujusque
1707 2326 1832 2366 cupidus
1849 2346 1858 2358 ,
1871 2325 1902 2354 &
1911 2324 2015 2354 firmus
2025 2326 2138 2354 amicus
2150 2343 2158 2356 ,
2170 2333 2204 2354 ac

1252 2366 1349 2396 fidelis
1368 2367 1528 2396 videretur.
1552 2369 1635 2406 cujus
1652 2377 1707 2408 ego
1728 2367 1862 2397 facinora
1879 2367 1976 2396 oculis
1989 2368 2069 2406 prius
2081 2385 2088 2398 ‚
2109 2366 2202 2405 quam

1252 2409 1399 2447 opinione
1413 2427 1420 2440 ‚
1442 2408 1582 2438 manibus
1600 2418 1667 2438 ante
1679 2429 1687 2442 ‚
1711 2409 1801 2449 quarn
1811 2409 1979 2447 suspicione
1989 2427 1998 2441 ,
2008 2407 2202 2446 deprehendi.

1252 2450 1335 2488 cujus
1346 2452 1377 2479 in
1389 2452 1504 2490 magnis
1516 2453 1639 2479 catervis
1649 2454 1814 2481 amicorum
1826 2470 1834 2483 ,
1857 2449 1877 2478 si
1894 2449 1952 2479 suit
1969 2451 2059 2479 etiarn
2079 2448 2202 2482 Coelius,

1252 2493 1346 2532 magis
1355 2490 1415 2525 est,
1435 2501 1466 2521 ut
1478 2492 1538 2531 ipse
1551 2491 1678 2522 molesti:
1692 2490 1873 2523 seinterrass'e
1893 2492 1940 2525 se,
1959 2489 2042 2521 sicuti
2059 2500 2204 2521 nonnun-

2111 2542 2203 2573 quam

1246 2615 1278 2641 ab
1289 2616 1409 2651 Agi‘aetio
1419 2626 1426 2640 :
1447 2615 1544 2642 restant
1554 2616 1579 2642 in
1593 2615 1689 2650 primis
1699 2614 1758 2641 edd.
1768 2623 1876 2650 przeque
1888 2615 1911 2641 se
1924 2614 2014 2641 ferunt
2023 2613 2091 2640 Pall.
2103 2614 2206 2650 plures,
2221 2638 2225 2641 .

1245 2654 1299 2676 item
1314 2653 1396 2677 Grut.

1283 2688 1309 2713 6.
1332 2689 1454 2722 'IQ'hilknc
1471 2690 1514 2713 loro
1524 2689 1550 2713 de
1559 2687 1619 2721 men]
1632 2687 1792 2714 Vocabulum
1805 2688 1882 2712 dicam
1895 2706 1902 2717 ,
1914 2685 1963 2712 esse
1974 2688 1988 2712 ἐι
2001 2685 2202 2714 1111131115;661·1ὲ

1248 2733 1297 2749 non
1311 2724 1397 2750 6116111
1411 2724 1466 2750 Pal.
1479 2734 1549 2750 nono
1560 2731 1605 2749 aut
1616 2724 1665 2749 lec.
1679 2731 1724 2749 aut
1735 2724 1816 2749 Grut.
1827 2723 1947 2748 oculatus
1958 2722 2013 2748 sum
2024 2721 2095 2748 testis
2107 2740 2115 2752 ,
2126 2719 2202 2747 ideo-

1247 2769 1297 2794 que
1308 2759 1401 2793 abjeci.
1422 2760 1490 2785 belle
1500 2761 1559 2795 quis
1571 2759 1666 2795 repetit
1678 2768 1710 2785 ex
1723 2768 1785 2785 mox
1797 2758 1975 2793 sequentibus.

1282 2804 1309 2828 7.
1329 2798 1457 2828 Campestasi
1466 2796 1595 2829 tunicati]
1618 2795 1674 2820 Pal.
1686 2805 1769 2821 nonus
1780 2795 1807 2820 8<
1820 2793 1930 2820 Erfurd.
1941 2794 2060 2826 campestri
2069 2795 2145 2818 cauti.
2156 2801 2200 2818 re,-

1230 2853 1231 2863 ,
1247 2831 1295 2857 stat
1307 2839 1393 2857 tamen
1404 2831 1519 2857 alterum
1538 2832 1563 2857 in
1576 2831 1671 2857 ceteris
1685 2830 1742 2857 inss‘.
1763 2830 1809 2857 nisi
1820 2828 1890 2865 quod
1901 2830 1981 2856 Grut.
1994 2828 2060 2855 liber
2072 2847 2081 2860 ,
2099 2831 2200 2862 runica3

1251 2867 1359 2903 quod&
1378 2869 1401 2893 111
1415 2867 1533 2893 editione
1544 2868 1671 2902 principe.

1283 2904 1309 2929 8.
1329 2904 1374 2928 Sed
1382 2907 1422 2938 qni
1435 2907 1517 2936 prima
1526 2905 1565 2928 illa
1575 2905 1675 2935 Jmperia
1691 2903 1765 2928 aetan's
1778 2921 1786 2932 ,
1804 2900 1869 2934 dvc]
1894 2899 1977 2926 Malui
1993 2899 2058 2927 istud
2070 2909 2128 2926 cum
2143 2899 2202 2925 Pal.

1247 2938 1295 2964 sce.
1306 2941 1367 2965 611111
1378 2939 1515 2965 accederet
1524 2940 1589 2965 item
1601 2948 1683 2964 nonus
1698 2958 1705 2969 ‚
1717 2939 1742 2964 in
1755 2947 1807 2973 quo
1816 2938 1856 2963 illa
1867 2938 2012 2968 impietatis5
2031 2946 2112 2971 qil-iiii
2125 2936 2198 2962 161ῑὸ

1247 2976 1383 3010 vulgatum
1397 2995 1405 3006 ‚
1424 2978 1465 3001 illa
1483 2978 1555 3001 ini-ria
1571 2975 1655 3000 aetazis.
1676 2973 1743 3000 haud
1762 2972 1862 2999 infitior
1874 2980 1959 2998 tamen
1982 2973 2007 2998 111
2020 2972 2076 2998 Pal.
2097 2979 2159 2998 tert.
2171 2979 2201 2997 ac

1246 3012 1410 3037 Gruter-iano
1421 3011 1471 3037 esl'i:
1482 3018 1584 3037 tantum
1592 3030 1599 3041 ,
1609 3010 1654 3035 illa
1665 3011 1738 3035 maris
1751 3009 1800 3035 line
1812 3018 1874 3034 voce
1885 3007 1981 3034 media.

1282 3056 1311 3081 9.
1331 3049 1428 3072 Flei‘i‘rre
1438 3048 1466 3077 ξ’]
1475 3046 1606 3080 torquem]
1629 3045 1685 3071 Pal.
1696 3045 1741 3070 ilie
1752 3054 1848 3075 nouus,
1858 3052 1974 3077 torquere,
1986 3046 2095 3077 affligere.
2117 3042 2199 3078 dispi-
2223 3048 2227 3055 ¹

1229 3096 1231 3106 A
1247 3083 1318 3108 ciant
1328 3083 1476 3109 otiosiores.
1496 3091 1580 3113 neque
1591 3082 1661 3107 enini
1673 3080 1843 3107 temerarium
1856 3080 1902 3106 611.

1286 3128 1327 3144 10.
1347 3120 1403 3143 Tam
1421 3119 1587 3152 consideratus·
1604 3117 1728 3152 impetun]
1746 3117 1789 3144 lta
1797 3115 1867 3145 Pall-
1879 3115 1962 3143 nostri
1978 3116 2044 3144 item
2054 3114 2161 3143 Gembl.
2171 3120 2202 3140 ac

1247 3153 1414 3182 &Vtetur-is.
1437 3153 1691 3190 vulgatasceleratm.
2149 3170 2205 3212 ’,Β
