2337 3400
81 694 124 719 10

89 1427 146 1468 11·

103 2282 146 2308 12
200 2273 301 2302 SER-
324 2272 598 2302 SULPICIUS
628 2273 966 2305 MCICERONI,
992 2274 1071 2302 S.D.

545 138 614 183 M.
686 133 1052 180 TULLII

131 145 229 202 670

1526 110 1559 126 Χ

1122 134 1670 182 Cicnnoriis

134 217 154 247 si
171 218 228 248 fuit
241 213 340 255 magni
361 213 455 242 animi
479 215 487 230 ¹
499 220 561 241 non
583 207 633 239 Αἲξ
646 209 809 249 supplicem
821 207 951 241 vietori:
973 206 1042 238 vide
1056 216 1092 238 ue
1138 210 1171 239 in
1183 208 1300 238 Italiam
1309 207 1410 239 versus
1420 210 1681 252 navigaturuserat.
1706 208 1851 242 Postridie
1862 207 1926 248 ejus
1936 206 2008 243 diei,
2023 219 2094 241 cum

133 259 251 298 superbi
272 256 322 288 sit,
345 254 491 294 aspernari
514 252 651 287 eiusdem
671 252 898 281 i.beralitatem:
919 250 971 284 &,
993 248 1014 280 fi
1031 259 1096 280 sA-

135 311 151 331 r
170 311 179 330 i
196 310 213 328 F.
225 309 243 327 Ν
257 309 275 326 τ
291 307 300 326 i
315 306 326 326 s
352 305 371 324 r.
383 305 424 324 si·
445 305 540 325 careie
566 295 673 334 patria,
694 293 762 323 duri
772 303 835 323 non
845 291 1022 323 defiderare:
1040 292 1073 323 δε
1086 312 1095 325 ,

135 341 155 371 si
177 350 238 380 rep.
250 348 312 368 non
328 335 412 377 possis
423 336 479 366 frui
491 357 498 369 ‚
522 335 646 366 stultum
658 334 700 366 cst
711 335 792 365 nolle
803 344 927 375 privata.
951 336 1044 375 Caput
1054 333 1096 365 est

135 382 230 414 illud,
246 389 287 413 ut,
303 378 321 409 si
333 378 386 408 ista
396 389 456 409 vita
467 379 520 408 tibi
531 378 726 408 commodior
735 375 791 406 ess'e
802 376 946 411 videatur,
961 378 1096 419 cogitan-

136 424 211 454 dum
231 431 330 452 tamen
353 419 384 450 sit
397 441 404 454 ‚
425 431 462 450 ne
479 422 571 450 tutior
584 430 647 449 non
668 417 710 448 sit.
732 422 746 438 ²
759 429 865 459 magna
874 418 1045 459 gladiorum
1055 417 1097 449 est

137 466 275 495 licentia:
297 463 345 493 sed
366 465 398 492 in
417 464 550 492 externis
568 462 640 492 locis
656 463 759 491 minor
771 460 906 491 etiamad
919 459 1036 491 facinus
1045 470 1098 491 ve-

138 507 290 537 recundia.
314 506 393 535 Mihi
407 505 481 535 salus
493 512 552 538 tua,
564 513 652 534 tantae
664 513 740 533 curae
749 502 803 536 est,
815 512 847 533 ut
857 503 1002 533 Marcello
1016 502 1100 533 fratri

137 558 191 580 tuo
209 557 258 579 aut
276 557 325 587 par
340 568 347 581 ,
370 548 505 577 autcerte
516 548 676 586 proximus
686 544 752 575 sim.
778 548 884 576 Tuum
894 544 937 575 est
945 545 1101 575 consulere

139 591 346 631 temporibus,
373 590 405 620 &
425 589 651 623 incolumitati,
674 587 708 619 &
729 589 818 622 vitae,
839 587 872 619 &
891 586 1023 618 fortunis
1033 589 1101 619 tuis.

143 634 226 664 Vale.

307 682 835 714 tx=1.T.C.M.MARCELLO‚
859 683 940 711 S.D.

146 729 251 808 ET
263 740 275 760 s
289 741 299 760 1
325 730 402 760 ni'nil
413 731 486 759 novi
499 750 507 763 ‚
521 728 603 769 quod
615 728 650 758 ad
661 737 688 758 te
700 728 871 762 scriberem,
890 728 1042 769 magisque
1054 727 1105 757 lit-

223 782 294 802 teras
317 781 379 802 tuas
395 772 458 811 jam
482 770 651 810 exspe&are
669 770 850 810 incipiebam
863 792 871 804 ,
893 771 940 800 vel
964 779 991 799 te
1005 768 1105 809 potius

141 814 239 854 ipsum
257 825 261 843 t
276 824 388 847 tamen,
402 813 472 843 cum
485 813 677 852 Theophilus
688 810 934 851 proficisceretur,
946 821 1008 841 non
1019 812 1105 851 potui

141 857 221 886 nihil
233 867 259 886 ei
271 857 435 886 litterarum
447 855 524 885 dare.
549 857 628 884 Cura
640 856 728 895 igitur
739 874 747 887 ,
760 853 894 894 utquam
905 852 1040 893 primum
1052 862 1105 882 ve-

142 899 219 928 nias.
233 900 336 928 venies
344 899 428 928 enim
441 918 449 931 ,
469 896 641 926 mihicrede
654 916 661 929 ‚
676 895 860 935 exspefitatus
873 916 881 929 ‚
895 905 990 935 neque
1005 894 1104 924 solum

143 940 236 970 nobis
249 961 257 974 ‚
271 939 300 969 id
313 939 365 974 est,
383 942 451 972 tuis,
464 939 511 969 sed
523 937 640 978 prorsus
650 937 804 967 omnibus.
829 939 920 967 Venit
930 946 1014 967 enim
1026 937 1105 965 mihi

143 982 176 1012 in
197 991 332 1012 mentem
346 1003 354 1015 ,
377 982 527 1012 subvereri
538 979 691 1009 interdum
703 999 711 1012 ‚
735 989 773 1009 ne
784 987 811 1009 te
822 978 950 1009 delestet
960 978 1039 1009 tarda
1052 977 1105 1008 de-

142 1022 244 1054 ceffio.
268 1023 359 1064 Qiod
384 1022 404 1052 fi
427 1022 549 1052 nullum
561 1021 680 1051 haberes
693 1021 810 1051 sensum
823 1041 832 1055 ,
853 1019 908 1051 nisi
919 1020 1080 1051 oculorum
1093 1039 1101 1053 ‚

143 1066 264 1106 prorsus
283 1062 337 1096 tibi
357 1065 541 1106 ignoscerem
553 1083 562 1097 ‚
590 1061 610 1092 fi
628 1062 773 1103 quosdam
795 1063 892 1093 nolles
910 1062 1020 1093 videre.
1034 1061 1083 1092 sed
1095 1081 1103 1095 ‚

144 1105 218 1138 cum
230 1108 342 1138 leviora
352 1116 414 1136 non
425 1106 524 1136 multo
535 1102 629 1134 ess'ent
640 1124 648 1138 ‚
664 1114 731 1145 quae
739 1105 923 1139 audirentur,
935 1104 1027 1145 quam
1038 1113 1105 1143 quae

143 1149 335 1179 viderentur:
356 1148 514 1187 suspicarer
524 1155 623 1176 autem
634 1166 642 1180 ,
667 1146 802 1177 multum
814 1145 953 1177 interesse
963 1148 1005 1176 rei
1015 1144 1104 1175 fami-

143 1190 223 1220 liaris
235 1200 291 1220 [ωε
303 1211 311 1224 ,
335 1199 362 1221 te
373 1194 464 1231 quiim
474 1188 610 1229 primum
624 1190 726 1218 venire
739 1208 746 1222 ‚
764 1189 852 1229 idque
866 1190 898 1218 in
909 1189 1030 1218 omneis
1040 1196 1105 1226 par-
1125 1193 1128 1227 l

144 1234 200 1262 teis
223 1233 352 1266 valesce,
374 1233 496 1272 putavi,
516 1240 548 1260 ea
566 1230 603 1260 de
614 1240 644 1260 re
656 1239 683 1260 te
694 1229 752 1260 ess'e
763 1230 1003 1260 admonendum.
1026 1228 1083 1259 Sed
1095 1248 1103 1261 ‚

143 1280 289 1315 quoniam
311 1274 393 1314 quod
413 1274 489 1303 mihi
503 1273 630 1313 placeret
640 1292 648 1306 ‚
670 1271 804 1302 ostendi:
826 1273 938 1312 reliqua
951 1280 981 1301 tu
992 1280 1046 1310 pro
1058 1279 1107 1300 tua

143 1315 303 1356 prudentia
312 1314 522 1346 considerabis.
548 1316 599 1344 Me
611 1323 711 1344 tamen
721 1315 815 1344 velim
826 1334 834 1348 ,
849 1313 931 1355 quod
941 1313 976 1343 ad
987 1321 1106 1353 tempus

145 1367 173 1388 te
184 1357 403 1398 exspestemus,
415 1358 574 1387 certiorem
585 1355 682 1387 facias.
707 1356 789 1386 Vale.

205 1418 250 1446 M.
273 1417 588 1446 MARCELLUS
610 1416 946 1448 M.CICERON1‚
970 1416 997 1444 S.
1011 1416 1051 1444 D.

225 1469 250 1497 L
260 1477 283 1497 υ
294 1477 316 1497 R
328 1477 338 1496 1
353 1476 380 1496 M
392 1477 414 1496 n
428 1476 454 1496 M
474 1463 597 1496 valuisse
620 1465 697 1506 apud
712 1475 762 1495 me
787 1474 869 1495 tuam
879 1466 994 1505 semper
1003 1463 1108 1495 austo—

226 1511 354 1543 ritatem,
369 1507 441 1538 cum
452 1510 484 1538 in
493 1509 581 1538 omni
593 1517 703 1541 re2tum
714 1510 746 1537 in
758 1508 815 1537 hoc
826 1509 963 1538 maxime
971 1508 1105 1548 negotio,

147 1559 233 1591 potes
249 1550 433 1580 existimare.
456 1548 535 1580 Cum
556 1550 633 1579 mihi
655 1552 690 1580 C.
704 1550 864 1579 Marcellus
879 1569 887 1584 ,
906 1548 994 1579 frater
1003 1558 1106 1578 aman-

147 1590 276 1622 tiffimus
296 1594 356 1622 mei
369 1613 377 1625 ‚
397 1601 461 1621 non
484 1590 585 1621 solum
603 1590 764 1621 consilium
782 1591 863 1621 daret
875 1611 883 1625 ,
908 1591 957 1621 sed
969 1590 1107 1631 precibus

149 1644 272 1676 quoque
290 1644 339 1664 me
349 1634 511 1664 obsecraret
522 1643 527 1662 :
548 1643 612 1663 non
622 1632 703 1673 prius
715 1635 790 1663 mihi
800 1633 973 1673 persuadere
985 1635 1104 1672 potuit,

147 1686 239 1718 quam
254 1678 313 1706 tuis
322 1675 364 1706 est
374 1673 517 1705 effeetum
528 1675 634 1705 litteris
645 1696 652 1708 ,
665 1685 695 1705 ut
708 1684 803 1706 uterer
811 1674 909 1705 vestro
918 1673 1108 1714 potissimum

149 1716 287 1749 consilio.
311 1720 372 1748 Res
381 1716 640 1757 quemadmodum
652 1715 755 1747 sita-Sta
765 1737 774 1751 ‚
803 1717 904 1747 vestrae
915 1718 1020 1747 litterae
1030 1717 1108 1748 mi'ni

150 1759 309 1790 declarant.
334 1759 499 1789 Gratulatio
509 1758 557 1788 tu'a
567 1778 576 1792 ,
591 1757 644 1789 etsi
654 1758 696 1789 est
707 1760 783 1789 mihi
795 1757 995 1799 probatissima
1006 1778 1014 1792 ‚
1027 1757 1109 1799 quod
1130 1780 1131 1786 ,

151 1801 189 1832 ab
198 1803 318 1842 optimo
330 1799 362 1830 fit
371 1803 477 1831 animo
490 1811 495 1829 ε
508 1809 610 1831 tamen
618 1802 762 1831 hocmihi
772 1800 1044 1840 multo-iucundius
1055 1799 1108 1833 est,
1131 1828 1132 1833 ,

153 1843 186 1874 &
203 1846 313 1885 gratius
328 1862 336 1876 ‚
355 1842 436 1883 quod
449 1844 482 1872 in
497 1842 613 1872 summa
622 1845 767 1883 paucitate
777 1845 944 1873 amicorum
957 1862 964 1875 ‚
983 1843 1110 1882 propin-

150 1895 281 1926 quorum
295 1904 302 1918 ‚
323 1894 354 1914 ac
364 1882 593 1914 necessariorum
605 1904 613 1918 ‚
625 1885 757 1925 quivere
769 1895 844 1914 meae
858 1885 944 1914 saluti
955 1883 1087 1914 faverent
1103 1903 1111 1917 ,

154 1937 182 1957 te
191 1924 416 1966 cupidiffimum
431 1926 513 1959 mei,
528 1924 764 1967 singularemque
781 1927 856 1956 mihi
871 1926 1112 1956 benivolentiam
1133 1933 1134 1938 ¹

152 1966 316 2010 praestitiss’e
339 1970 480 2008 cognovi.
503 1968 633 2008 Reliqua
643 1968 710 1998 sunt
724 1967 895 2007 ejusmodi,
915 1968 1025 2009 quibus
1036 1977 1091 2009 ego
1102 1987 1110 2001 ‚

153 2012 300 2051 quoniam
312 2011 374 2040 haec
384 2018 466 2040 erant
475 2018 609 2049 tempora
625 2030 634 2043 ,
649 2009 736 2040 facile
753 2030 761 2043 ,
774 2010 806 2040 δε
822 2020 908 2050 aequo
918 2020 1023 2040 animo
1034 2020 1113 2040 carc-

155 2053 234 2083 bam.
255 2053 313 2082 hoc
335 2051 407 2082 vero
428 2052 578 2091 ejusmodi
599 2050 657 2081 effe
667 2051 781 2086 statu0,
801 2051 903 2083 utsine
914 2053 1021 2082 talium
1031 2056 1115 2082 viro-

155 2104 235 2128 rum,
248 2094 279 2124 δε
291 2095 460 2124 amicorum
475 2094 682 2124 benivolentia
695 2115 704 2128 ‚
725 2104 823 2135 neque
834 2096 864 2124 in
873 2094 1002 2128 adversa,
1018 2103 1117 2134 neque

155 2138 190 2166 in
209 2135 335 2166 secunda
354 2135 475 2166 fortuna
500 2136 659 2176 quisquam
668 2138 770 2166 vivere
785 2135 880 2176 poffit.
903 2139 1005 2177 Itaque
1016 2138 1047 2166 in
1058 2137 1117 2166 hoc

155 2187 212 2219 ego
223 2178 447 2218 mihigratulor.
471 2180 520 2208 Tu
532 2177 604 2208 vero
616 2186 648 2208 ut
658 2179 807 2219 intelligas
817 2198 825 2212 ,
848 2179 970 2208 homini
979 2176 1118 2209 amiciffi-

157 2229 212 2250 mo
222 2228 250 2249 te
260 2218 396 2250 tribuiss'e
408 2218 558 2254 officium,
570 2229 600 2250 re
609 2219 663 2250 tibi
672 2219 827 2260 praestabo.
850 2221 934 2251 Vale.

238 2319 267 2347 T
280 2327 292 2347 s
306 2326 316 2345 1
337 2316 410 2349 scio,
423 2327 486 2347 non
496 2316 746 2356 jucundissimum
758 2320 902 2348 nuntium
915 2328 966 2347 me
977 2319 1064 2349 vobis
1078 2318 1119 2349 al-

239 2359 384 2388 laturum:
407 2367 509 2388 tamen
520 2378 527 2392 ,
544 2361 689 2399 quoniam
711 2369 729 2389 e
742 2368 763 2388 A
775 2370 787 2388 s
798 2369 842 2389 ns
862 2369 909 2389 ET
931 2369 952 2388 N
964 2369 1016 2390 Ατ
1027 2371 1049 2390 U
1062 2370 1083 2390 R
1098 2369 1120 2390 A

159 2402 194 2432 in
205 2400 294 2431 nobis
306 2400 479 2430 dominatur
488 2420 496 2433 ,
517 2401 615 2430 visum
628 2399 671 2430 est
680 2399 851 2431 faciendum
863 2420 870 2433 ,
891 2411 1014 2441 quoquo
1026 2401 1120 2431 modo

159 2452 206 2473 res
217 2443 244 2472 se
254 2441 382 2475 haberet,
395 2452 449 2472 vos
458 2443 597 2472 certiores
607 2441 711 2472 facere.
737 2442 783 2472 Ad
796 2452 825 2472 x.
838 2443 901 2472 Cal.
911 2443 983 2483 Jun.
999 2443 1070 2472 cum
1084 2442 1119 2472 ab

159 2484 311 2524 Epidauro
330 2485 474 2514 Piraeeum
492 2486 561 2513 navi
579 2482 821 2515 adve&iisess‘cm
833 2504 841 2518 ,
863 2484 905 2514 ibi
915 2485 1092 2514 Marcellum
1111 2504 1118 2518 ‚

159 2526 309 2567 collegam
323 2525 460 2555 nostrum
473 2545 480 2558 ,
501 2528 645 2560 conveni,
656 2536 785 2567 eumque
795 2526 878 2556 diem
894 2526 934 2556 ibi
949 2525 1098 2556 consumsi
1110 2547 1118 2559 ,

163 2576 196 2597 ut
214 2577 284 2597 cum
304 2577 341 2597 eo
359 2565 461 2597 css'em.
486 2566 607 2598 Postero
626 2569 674 2598 die
696 2568 767 2598 cum
777 2568 812 2598 ab
826 2577 862 2597 eo
873 2566 1119 2610 digress'usess'em

165 2618 202 2638 eo
217 2607 343 2639 consilio
362 2617 394 2638 ut
408 2609 444 2639 ab
457 2610 583 2639 Athenis
593 2611 626 2640 in
638 2612 785 2640 Boeotiam
796 2612 871 2640 irem
884 2630 892 2644 ,
914 2610 1120 2651 reliquamque

163 2649 406 2690 jurisdiffionem
422 2651 625 2682 absolverem:
641 2652 693 2682 ille
704 2672 712 2687 ,
723 2654 768 2682 uti
777 2652 871 2693 ajebat
883 2672 891 2686 ‚
905 2655 917 2679 3
929 2653 1014 2692 supra
1025 2653 1119 2692 Majas

206 2763 216 2780 1
249 2758 309 2789 'NJn
317 2755 492 2787 ilfi-ficpplicem
510 2754 624 2788 vie‘lori]
645 2755 688 2781 Sic
707 2754 779 2782 reete
799 2765 833 2781 ex
846 2754 973 2783 Medicaeo
992 2755 1128 2783 Viam-ius

172 2792 245 2821 (nain
257 2791 282 2816 iii
295 2800 325 2816 co
336 2792 373 2817 ita
383 2789 432 2817 csse
445 2810 453 2822 ‚
471 2790 582 2818 adnotat
600 2791 630 2818 ad
651 2792 764 2827 primam
783 2791 977 2827 imprcssionem
990 2793 1129 2828 Egnatius)

169 2834 282 2861 eumque
292 2827 394 2852 securus
405 2827 500 2853 Lamb.
522 2827 605 2862 sicque
617 2828 748 2864 reperitur
760 2828 784 2854 iii
799 2828 939 2855 Vaticano.
960 2829 1126 2864 Propertius,

167 2862 286 2896 ecquando
294 2865 328 2887 ire
337 2864 379 2887 ribi
387 2864 502 2896 ltbcrfiem
511 2864 579 2898 vism
591 2869 600 2890 ἓ
612 2864 859 2899 l'all.o.effe,praeter
870 2863 920 2890 sec.
932 2865 957 2892 in
970 2874 1023 2900 quo
1029 2866 1108 2899 fiiiffis.

205 2905 234 2923 2.
254 2900 364 2930 &Magna
377 2900 536 2929 gladiatorum
554 2902 589 2926 eft<
605 2901 728 2935 [scenam]
750 2902 791 2927 lta
802 2910 828 2926 o.
849 2901 906 2928 mss‘.
921 2902 1029 2937 vulgati
1040 2908 1128 2929 tamen

166 2933 332 2967 gladiatorum
344 2934 428 2959 nescio
439 2935 533 2970 quibus
544 2935 658 2962 fiduciis.

208 2976 233 3004 3.
253 2972 424 3008 Supraillajar
442 2974 466 2996 in
485 2975 582 2997 ballam
598 2973 707 3007 versun]
729 2973 772 2998 Sic
781 2982 873 2999 omnes
893 2972 951 3000 mff.
963 2980 1015 3000 tam
1037 2974 1131 3007 nostri,

190 3013 248 3030 iiam
268 3005 393 3045 aliurn-mt-
422 3007 575 3038 comestura
593 3008 749 3035 emendabat
768 3008 904 3036 ViEtorius
926 3011 1005 3043 supra
1022 3013 1130 3038 Malea.
1150 3024 1152 3036 l

188 3039 268 3067 iamb.
287 3049 319 3067 ne
333 3040 399 3081 nihil
411 3043 470 3067 novi
482 3043 533 3077 ipse
544 3044 668 3071 invenisse
683 3044 818 3072 videi-etur
831 3065 839 3077 ,
858 3048 975 3072 Maleam.
996 3046 1129 3082 Pantaga—

169 3075 231 3103 thus
241 3085 275 3103 ex
289 3077 511 3117 vestigiis-veteris
523 3099 531 3109 ,
543 3088 572 3106 ut
583 3080 667 3107 refert
677 3081 788 3107 Ursinus
802 3100 810 3112 ‚
821 3081 956 3117 stripturae
970 3083 1017 3115 fich
1027 3084 1129 3109 Kalend.

166 3115 260 3147 Jrem'as
269 3112 339 3149 quod
352 3113 413 3139 mihi
428 3123 477 3139 non
490 3115 583 3149 placet.
606 3117 686 3151 vulgo
700 3117 777 3143 nimis
788 3117 1024 3151 licenter-‚suprema
1034 3120 1112 3153 quo.

202 3155 231 3181 4.
250 3152 353 3176 Circiter
360 3149 420 3175 hora*
428 3150 517 3176 decima⁴
533 3152 630 3186 nomn]
654 3155 694 3178 lta
704 3153 789 3180 edidit
801 3153 937 3183 Victorius
949 3165 958 3187 3
982 3154 1066 3191 sicque
1079 3164 1128 3182 ex-

165 3182 214 3212 stat
224 3185 252 3213 in
265 3185 351 3213 Vatic.
362 3185 428 3213 alias
438 3188 534 3213 circiter
542 3188 623 3214 horam
633 3189 746 3215 decimam
755 3192 816 3217 noH.

1150 3046 1152 3087 1
1171 3047 1286 3080 αῲεῐῖηε.

1140 250 1176 281 ab
1195 250 1322 281 Athenis
1339 249 1488 291 proficisci
1507 254 1538 282 in
1562 255 1669 284 animo
1690 253 1828 284 haberem
1841 272 1849 285 ‚
1868 253 2012 282 4circiter
2023 252 2096 283 hora

1143 292 1261 323 decima
1274 290 1373 322 noffis
1383 295 1413 324 P.
1426 292 1596 324 Postumius
1609 315 1617 328 ‚
1629 294 1783 326 familiaris
1793 295 1856 334 ejus
1866 313 1874 328 ‚
1885 293 1920 324 ad
1935 303 1983 324 me
1995 302 2077 323 venit
2087 312 2097 328 ,

1145 335 1178 366 &
1201 335 1279 365 mihi
1297 336 1467 369 nuntiavit,
1487 337 1533 364 M.
1557 337 1734 368 Marcellum
1751 357 1759 371 ‚
1777 336 1922 378 collegam
1942 334 2098 370 nostrum,

1145 376 1212 418 post
1232 386 1311 407 cenae
1331 384 1460 416 tempus,
1474 396 1483 410 ‚
1507 380 1520 404 5
1530 377 1545 407 a
1555 380 1585 408 P.
1597 380 1698 420 Magio
1712 379 1820 410 Cilone
1833 398 1842 413 ,
1857 378 2004 408 familiare
2015 377 2078 418 ejus
2089 395 2098 410 ,

1147 420 1279 460 pugione
1297 416 1466 458 percussum
1478 417 1535 448 ess'e
1547 438 1556 453 ,
1579 419 1611 450 &
1621 419 1682 450 duo
1691 421 1815 450 vulnera
1824 418 1965 460 accepisse
1978 430 1983 448 ;
2002 427 2100 449 unum

1147 463 1181 491 in
1195 459 1367 492 stomacho:
1387 460 1514 491 alterum
1524 461 1672 502 incapite,
1685 462 1848 500 secundum
1859 471 1959 492 aurem
1973 472 1978 490 2
1990 461 2101 501 sperare

1151 511 1252 534 tamen
1272 512 1342 532 eum
1361 504 1461 532 vivere
1478 500 1571 543 poffe.
1601 505 1737 545 Magium
1756 504 1885 544 seipsum
1904 501 2102 534 interfecisse:

1147 544 1248 586 postea
1258 545 1285 574 se
1297 545 1312 574 a
1323 544 1468 575 Marcello
1478 543 1513 575 ad
1521 555 1572 574 me
1582 544 1706 576 missum
1716 544 1785 580 effe,
1796 547 1848 586 qui
1859 546 1920 576 baec
1930 547 2104 578 nuntiaret.

1151 588 1183 618 &
1197 585 1211 607 ⁶
1223 595 1336 629 rogaret
1357 588 1399 616 uti
1413 586 1557 617 medicos.
1581 588 1674 628 Coegi
1684 607 1693 620 ,
1706 587 1737 618 δε
1748 587 1764 617 ὲ
1776 586 1903 628 vestigio
1912 586 1948 616 eb
1958 587 2023 617 sum
2033 596 2106 626 pro-

1148 629 1244 660 fessus
1253 632 1351 669 prima
1361 629 1437 659 luce.
1461 628 1539 659 Ct‘im
1550 639 1612 659 non
1623 629 1713 671 longe
1724 629 1741 659 a
1750 631 1861 659 Piraeeo
1873 627 2003 659 abessem
2014 649 2023 663 ,
2033 637 2106 668 puer

1150 671 1272 702 Acidini
1291 671 1414 701 obviarn
1434 672 1511 700 mihi
1522 674 1685 701 venitcum
1695 670 1860 700 codicillis:
1880 672 1913 700 in
1923 671 2033 710 quibus
2045 678 2105 701 erat

1149 714 1290 754 scriptum
1304 733 1312 746 ,
1323 714 1412 752 paulo
1422 721 1488 743 ante
1498 713 1596 742 lucem
1609 713 1785 743 Marcellum
1796 711 1878 742 diem
1889 711 1975 741 suum
1986 710 2105 742 obiiffe.

1149 759 1194 786 Ita
1211 757 1257 785 vir
1276 753 1449 785 clarlffimus
1460 755 1496 784 ab
1508 755 1633 784 homine
1644 754 1807 784 deterrimo
1817 752 2000 784 acerbiffima
2007 762 2105 783 morte

1149 796 1192 827 est
1208 795 1347 828 affe&us:
1370 797 1402 826 &
1420 799 1469 827 cui
1492 798 1612 826 inimici
1631 805 1752 836 propter
1769 795 1947 836 dignitatem
1967 804 2108 835 peperce-

1153 848 1236 870 rant:
1253 841 1393 869 inventus
1413 837 1455 868 est
1474 841 1608 872 amicus,
1626 841 1677 879 qui
1694 841 1723 869 ei
1742 847 1872 868 mortem
1891 836 2016 867 afferret.
2041 839 2106 877 Ego

1151 890 1252 912 tamen
1264 881 1298 911 ad
1310 881 1532 911 tabernaculum
1544 882 1607 919 ejus
1617 883 1743 921 perrexi.
1760 881 1864 910 inveni
1875 879 1950 909 duos
1962 879 2084 909 libertos
2094 899 2105 912 ‚

1151 924 1184 954 ὃς
1202 923 1344 964 pauculos
1358 923 1467 953 servos.
1480 923 1612 964 reliquos
1622 920 1928 963 ajebantprofugiffe‚
1948 929 2030 951 metu
2041 929 2108 960 per-

1148 968 1284 998 territos,
1305 964 1388 1006 quod
1408 964 1551 994 dominus
1569 975 1674 995 eorum
1696 973 1764 995 ante
1782 963 2007 993 tabernaculum
2016 964 2110 992 inter-

1149 1006 1246 1037 fedius
1270 1006 1350 1037 ess'et.
1374 1005 1501 1037 Coaetus
1523 1007 1587 1037 sum
1611 1008 1643 1037 in
1663 1006 1766 1036 eadem
1779 1006 1828 1035 illa
1838 1005 1960 1038 leetica,
1981 1004 2108 1045 quaipse

1149 1048 1264 1078 delatus
1282 1059 1362 1079 eram
1374 1069 1383 1083 ‚
1403 1048 1537 1089 meisque
1557 1048 1715 1079 lecfficariis
1733 1050 1765 1078 in
1777 1047 1883 1077 urbem
1895 1057 1964 1077 eum
1977 1045 2085 1076 referre
2100 1056 2106 1075 :

1150 1090 1254 1130 ibique
1270 1099 1324 1129 pro
1343 1100 1375 1120 ea
1384 1092 1470 1129 copia
1482 1110 1490 1122 ‚
1510 1100 1576 1131 quae
1591 1093 1718 1120 Athenis
1730 1099 1788 1120 erat
1801 1110 1808 1122 ,
1827 1088 1919 1119 funus
1930 1090 1957 1118 ei
1967 1088 2033 1119 satis
2043 1097 2109 1118 am-

1150 1132 1237 1171 plum
1256 1131 1429 1161 faciendum
1438 1134 1549 1161 curavi.
1573 1132 1620 1161 Ab
1630 1130 1880 1164 Atheniensibus,
1899 1131 2001 1160 locum
2012 1130 2110 1170 scpul-

1152 1182 1223 1203 tui·ae
1242 1174 1319 1202 intra
1336 1173 1444 1202 urbem
1465 1182 1496 1202 ut
1506 1173 1627 1206 darent,
1650 1175 1808 1212 impetrare
1822 1183 1886 1202 non
1896 1174 1980 1212 potui
1992 1191 2001 1205 ‚
2025 1170 2109 1212 quod

1151 1215 1298 1256 religione
1315 1214 1343 1244 se
1365 1214 1506 1254 impediri
1516 1214 1667 1244 dicerent:
1691 1224 1788 1254 neque
1798 1223 1899 1244 tamen
1909 1213 1939 1243 id
1952 1215 2110 1243 anteacui-

1150 1267 1241 1298 quam
1249 1254 1460 1287 concesserant.
1485 1256 1575 1298 Qod
1587 1258 1763 1296 proximum
1774 1254 1841 1288 fuit,
1858 1257 1902 1285 uti
1913 1275 1921 1289 ,
1932 1257 1962 1285 in
1974 1265 2035 1295 quo
2045 1254 2111 1285 vel-

1151 1299 1249 1329 lemus
1277 1297 1432 1339 gymnasio
1451 1308 1522 1328 eum
1541 1298 1733 1338 sepeliremus
1755 1317 1763 1331 ‚
1791 1297 1881 1327 nobis
1900 1297 2109 1337 permiserunt.

1152 1343 1220 1371 Nos
1238 1343 1272 1370 in
1290 1338 1478 1371 nobiliffimo
1498 1340 1581 1370 orbis
1600 1349 1742 1370 terrarum
1755 1337 1910 1380 gymnasio
1923 1338 2111 1372 Academiae,

1147 1383 1252 1413 locum
1278 1382 1445 1424 delegimus
1466 1392 1471 1411 :
1487 1381 1589 1422 ibique
1608 1392 1678 1411 eum
1693 1380 1911 1412 combuffimus
1931 1391 1936 1410 :
1954 1379 2113 1421 posteaque

1150 1426 1341 1458 curavimus,
1361 1432 1393 1454 ut
1411 1423 1506 1454 iidem
1530 1424 1730 1454 Athenienses
1748 1425 1781 1453 in
1798 1423 1906 1453 eodem
1918 1423 1986 1452 loco
1998 1432 2112 1452 monu-

1150 1475 1292 1497 mentum
1310 1468 1339 1496 ei
1358 1476 1563 1497 marmoreum
1582 1465 1756 1496 faciendum
1776 1465 1918 1494 locarent.
1951 1466 1994 1494 Ita
2013 1483 2022 1498 ,
2045 1473 2113 1505 quae

1150 1508 1251 1539 nostra
1269 1505 1518 1540 officiafueiunt,
1541 1517 1596 1548 pro
1609 1507 1757 1548 collegio,
1780 1507 2040 1546 &propinquitate
2052 1525 2061 1539 ‚
2079 1505 2113 1536 &

1151 1553 1223 1580 vivo
1246 1550 1279 1580 δε
1297 1559 1420 1581 mortuo
1440 1551 1545 1581 omnia
1563 1551 1590 1579 ei
1607 1549 1808 1590 praestitimus.
1832 1549 1914 1579 Vale.
1935 1551 1975 1578 D.
1985 1557 2031 1588 pr.
2042 1547 2110 1578 Kal.

1150 1595 1218 1623 Iun.
1229 1594 1369 1622 Athenis.

1247 1645 1293 1673 M.
1306 1645 1343 1673 T.
1357 1645 1388 1672 C.
1409 1645 1490 1673 S.D.
1515 1645 1546 1674 P.
1560 1645 1591 1673 N
1605 1645 1723 1674 IGID
1737 1644 1790 1672 10
1811 1643 2017 1672 FIGULO.

1251 1693 1422 1720 UAERENTI
1446 1699 1475 1719 m
1483 1691 1524 1719 ihi
1532 1689 1661 1729 jamdiu,
1676 1689 1748 1731 quid
1758 1689 1793 1719 ad
1803 1699 1831 1719 te
1841 1687 2029 1729 potiffimum
2043 1687 2115 1717 scri-

1250 1733 1351 1762 berem
1365 1742 1370 1760 :
1389 1741 1453 1761 non
1465 1731 1560 1761 modo
1570 1741 1646 1762 certa
1660 1742 1703 1761 res
1714 1732 1808 1765 nulla,
1819 1731 1867 1761 sed
1886 1740 1923 1760 ne
1933 1740 2027 1770 gentis
2046 1730 2116 1770 qui-

1157 1773 1230 1803 dem
1240 1776 1403 1804 litterarum
1415 1772 1552 1803 usitatum
1562 1774 1702 1804 veniebat
1711 1775 1742 1803 in
1756 1781 1900 1802 mentem.
1918 1773 2020 1801 Unam
2032 1773 2116 1802 enim

1157 1824 1285 1855 partem,
1297 1815 1589 1845 &consuetudinem
1601 1825 1701 1845 earum
1713 1814 1906 1855 epistolarum
1919 1833 1927 1848 ‚
1940 1813 2061 1854 quibus,
2074 1813 2119 1843 se-

1157 1857 1268 1888 cundis
1281 1857 1369 1887 rebus
1379 1877 1388 1891 ‚
1408 1859 1453 1887 uti
1465 1858 1632 1887 solebamus
1642 1877 1650 1891 ‚
1669 1866 1789 1897 tempus
1806 1859 1952 1896 eripuerat
1965 1866 1970 1884 :
1989 1854 2122 1895 perfece-

1132 1918 1133 1929 η
1158 1908 1258 1939 ratque
1268 1898 1406 1933 fortuna,
1429 1899 1547 1940 nequid
1566 1900 1622 1929 tale
1638 1899 1761 1929 scribere
1775 1897 1889 1939 poffem
1901 1918 1910 1932 ‚
1930 1906 1978 1928 aut
1988 1898 2121 1927 omnino

1159 1951 1296 1989 cogitare.
1324 1942 1564 1982 Relinquebatur
1575 1939 1656 1971 triste
1664 1941 1817 1982 quoddam
1828 1960 1837 1974 ‚
1856 1940 1888 1970 &
1899 1939 2044 1970 miserum
2055 1959 2063 1972 ‚
2088 1938 2122 1969 δε

1134 1993 1135 2002 ¹
1162 1985 1208 2013 his
1218 1983 1404 2024 temporibus
1413 1983 1650 2014 consentaneum
1660 1993 1753 2024 genus
1762 1983 1937 2013 litterarum.
1960 1981 1992 2011 id
2001 1990 2125 2022 quoque

1160 2023 1316 2056 deficiebat
1337 2035 1403 2055 me:
1426 2026 1460 2055 in
1481 2035 1542 2066 quo
1561 2024 1685 2055 debebat
1706 2023 1763 2055 effe
1782 2033 1831 2054 aut
1849 2021 2004 2064 promiffio
2017 2022 2124 2053 auxilii

1163 2068 1291 2108 alicujus
1301 2088 1309 2102 ,
1322 2075 1372 2098 aut
1382 2068 1549 2099 consolatio
1558 2067 1673 2097 doloris
1683 2069 1737 2097 tui.
1760 2066 1851 2109 Qod
1860 2066 2017 2106 pollicerer
2027 2085 2036 2099 ,
2057 2073 2122 2094 non

1166 2118 1236 2141 crat.
1259 2110 1321 2150 ipse
1331 2111 1415 2140 enim
1428 2114 1443 2138 7
1452 2110 1514 2150 pari
1523 2108 1645 2143 fortuna
1657 2108 1803 2147 abjestus,
1814 2109 1944 2138 aliorum
1954 2107 2063 2147 opibus
2072 2114 2122 2135 ca-

1163 2151 1212 2182 sus
1224 2162 1309 2182 meos
1321 2151 1538 2184 sustentabam‚
1558 2150 1722 2191 saepiusque
1732 2151 1811 2180 mihi
1829 2149 1969 2180 veniebat
1986 2151 2019 2178 in
2035 2156 2123 2177 men-

1165 2201 1227 2224 tem
1244 2194 1347 2234 queri,
1366 2192 1449 2233 quod
1463 2193 1504 2223 ita
1513 2193 1649 2223 viverem
1659 2212 1668 2226 ‚
1682 2192 1772 2233 quam
1782 2191 1924 2233 gaudere,
1944 2189 2026 2231 quod
2041 2191 2125 2219 vive-

1163 2245 1239 2265 rem.
1265 2237 1457 2276 Qamquam
1479 2235 1563 2264 enim
1582 2234 1664 2264 nulla
1682 2235 1830 2274 meipsum
1848 2233 1988 2273 privatim
2010 2231 2127 2271 pepulit

1165 2276 1289 2319 insignis
1300 2278 1410 2316 injuria
1421 2287 1427 2306 1
1451 2286 1506 2307 nec
1517 2277 1594 2306 mihi
1605 2275 1769 2316 quidquam
1781 2275 1832 2305 tali
1845 2275 2021 2313 temporem
2035 2282 2125 2303 men-

1167 2328 1229 2349 tem
1241 2320 1450 2359 vcnitoptare‚
1463 2317 1544 2359 quod
1555 2328 1620 2348 non
1631 2318 1709 2347 ultro
1719 2318 1797 2346 mihi
1806 2316 1895 2346 Caesai
1907 2315 2046 2345 detulerit
2059 2326 2064 2343 ·.
2083 2323 2125 2345 ta-

1168 2370 1239 2390 men
1255 2358 1463 2390 nihilominus
1473 2361 1515 2389 eis
1523 2358 1671 2389 conficior
1680 2360 1757 2388 curis
1769 2378 1779 2391 ,
1797 2358 1934 2398 utipsurn
1948 2377 1955 2390 ‚
1969 2356 2050 2406 quod
2063 2366 2127 2386 ma-

1166 2412 1255 2431 neam
1268 2403 1298 2431 in
1311 2403 1502 2440 vita,peccare
1513 2410 1563 2430 me
1573 2399 1848 2430 existimem-careo
1860 2401 1942 2429 enim
1955 2409 2026 2428 cum
2038 2398 2128 2429 fami-

1166 2441 1327 2473 liarissimis
1338 2442 1536 2483 multis,quos
1545 2451 1595 2472 aut
1606 2451 1687 2472 mors
1697 2443 1807 2483 eripuit
1817 2441 1917 2475 nobis,
1929 2449 1978 2471 aut
1989 2440 2126 2471 distraxit

1166 2483 1251 2526 fuga:
1275 2492 1340 2514 tum
1357 2484 1504 2514 omnibus
1522 2485 1644 2514 amicis:
1668 2491 1797 2524 quorum
1816 2483 2057 2514 benivolentiam
2070 2492 2126 2512 no-

1169 2527 1214 2556 bis
1226 2527 1398 2556 conciliarat
1406 2535 1458 2566 per
1467 2535 1517 2556 me
1527 2525 1692 2567 quondam,
1704 2535 1732 2556 te
1743 2526 1835 2559 socio,
1846 2524 1966 2556 defensa
1975 2525 2048 2565 resp.
2060 2533 2129 2554 ver·

1168 2569 1275 2609 sorque
1295 2571 1328 2598 in
1346 2577 1453 2598 eorum
1472 2570 1633 2609 nausragiis
1647 2588 1655 2601 ‚
1678 2568 1710 2598 &
1727 2568 1879 2598 bonorum
1891 2565 2129 2605 direptionibus:

1169 2620 1224 2640 nec
1243 2610 1332 2640 audio
1345 2610 1442 2640 solum
1454 2631 1462 2644 ‚
1478 2610 1559 2651 quod
1573 2610 1672 2650 ipsum
1682 2607 1753 2645 esset
1767 2609 1912 2639 miserum
1924 2630 1933 2643 ,
1953 2606 1968 2630 Β
1980 2609 2026 2639 sed
2038 2609 2128 2638 etiam

1169 2651 1270 2687 video,
1283 2662 1344 2694 quo
1354 2652 1434 2683 nihil
1444 2651 1486 2683 est
1496 2653 1640 2687 acerbius,
1652 2661 1758 2683 eorum
1768 2651 1902 2682 fortunas
1911 2651 2048 2692 diffipari,
2059 2651 2129 2721 qgi-

2098 2700 2131 2721 us

1208 2764 1234 2790 5.
1255 2759 1331 2784 cAP.
1341 2759 1422 2790 Magio
1431 2758 1507 2782 Cilone
1516 2758 1644 2790 familiare
1662 2756 1737 2790 qim]
1759 2757 1802 2782 Sic
1811 2765 1836 2782 o.
1856 2753 1925 2781 1‘211.
1936 2753 2048 2780 Gruter.
2070 2753 2131 2779 Ste-

1172 2792 1258 2819 wech.
1272 2792 1370 2828 vulgo:
1394 2794 1488 2819 Chilone
1499 2793 1633 2825 familiazri.

1208 2829 1235 2855 6.
1256 2832 1354 2863 Rogaret
1363 2831 1401 2854 nti
1409 2830 1516 2854 medicos.
1535 2827 1783 2861 Οοξῗζίὼὲωεβιζςίο]
1804 2824 1950 2852 obsecutus
1967 2824 2025 2851 fidae
2043 2834 2072 2852 :tc
2082 2825 2132 2851 do-

1172 2864 1222 2891 &ae
1233 2865 1375 2892 monitioni
1385 2865 1479 2900 optimi
1492 2865 1522 2890 P.
1533 2863 1647 2890 victorii
1660 2883 1668 2895 ,
1687 2863 1828 2897 delerique
1847 2871 1937 2888 vocem
1957 2871 2053 2895 cogerem
2072 2871 2131 2888 cum

1171 2900 1239 2928 Pall.
1250 2911 1291 2938 pr.
1303 2902 1390 2937 quint.
1403 2902 1485 2927 Grut.
1506 2899 1645 2926 videantur
1654 2898 1834 2926 eruditiffimae
1844 2898 1870 2924 iii
1883 2898 1952 2924 huuc
1963 2898 2049 2924 locum
2062 2897 2131 2930 ejus·

1172 2937 1233 2965 dem
1244 2937 1394 2964 Florentini
1406 2936 1598 2972 castigatione&

1207 2982 1236 3008 7.
1256 2977 1319 3000 ‘Pari
1335 2973 1435 3006 flamma*
1454 2971 1597 3006 ahjefim]
1627 2970 1682 2997 Alii
1703 2972 1817 3004 affliHm.
1845 2969 2026 2996 Grutcr’iamis
2046 2969 2131 2996 codex

1169 3011 1264 3037 abiam
1272 3010 1341 3046 quasi
1352 3009 1415 3036 effet
1424 3008 1538 3045 quodam
1551 3010 1600 3033 mu
1609 3005 1742 3043 depressus
1752 3016 1781 3033 ac
1799 3007 1954 3043 prostratus.
1975 3005 2032 3032 Pal.
2042 3006 2132 3042 quint.

1336 3045 1379 3072 uid
1398 3045 1416 3071 fi
1434 3045 1567 3071 addimus?
1586 3053 1645 3070 nam
1657 3043 1698 3069 illi
1717 3043 1794 3080 plane
1805 3042 1856 3069 suis
1867 3043 1943 3069 exuti
1957 3062 1965 3074 ,
1984 3041 2016 3068 ab
2036 3042 2129 3068 alienis

1172 3081 1289 3118 pendent
1298 3082 1341 3117 opi
1363 3090 1403 3107 us.

1208 3117 1234 3144 8.
1254 3118 1299 3143 Sed
1306 3120 1378 3142 etiam
1386 3116 1480 3150 videa]
1493 3116 1536 3141 Sic
1545 3115 1579 3142 est
1591 3116 1617 3143 in
1628 3116 1761 3143 stewech.
1773 3125 1802 3142 ac
1813 3115 1868 3142 Pal.
1883 3122 1947 3141 tert.
1958 3113 2132 3141 Gruteriano.

1172 3153 1253 3189 vulgi»
1270 3153 1391 3187 sedetiam
1399 3153 1507 3186 idisfitm
1524 3152 1602 3180 video.
1623 3153 1710 3180 Vatic.
1728 3153 1772 3178 Sed
1781 3155 1852 3178 etlam
1867 3153 1895 3179 aed
1904 3151 1982 3178 video.
2001 3149 2135 3186 reliquiid

1174 3197 1279 3218 tautum
1292 3188 1373 3216 modo
1382 3189 1523 3216 amittunt.

2026 3231 2049 3249 1.
2062 3223 2131 3255 Qa-

2133 1647 2174 1681 ¹3
