2297 3389
684 136 1014 183 Onarxo

224 209 352 248 eritbaec
360 216 445 258 optio
455 236 464 250 ,
477 215 510 247 δε
517 214 643 256 potestas
653 223 702 247 tua
711 235 719 250 ,
741 225 792 251 ut,
811 216 883 248 cum
894 217 1051 249 Clodianas
1061 228 1174 259 operas,

224 257 502 289 &facinorosorum
513 259 675 288 hominum
686 277 695 291 ‚
714 258 748 289 &
758 259 943 299 perditorum
955 269 1077 290 manum
1090 261 1173 291 vide-

220 301 260 329 ris
271 319 280 333 ,
301 301 452 330 Milonem
468 299 547 329 dicas
557 318 566 332 ,
588 298 619 329 id
628 299 710 340 quod
721 301 751 330 in
762 302 908 332 concione
923 301 1026 332 dixisti
1036 321 1045 334 ‚
1063 301 1174 343 gladia-

217 341 332 371 toribus
343 361 352 374 ,
373 341 407 371 &
416 339 561 370 bestiariis
573 340 718 371 obsedifl'e
728 343 863 382 rempub.
875 342 947 373 cum
965 352 1063 374 autem
1082 342 1116 373 ad
1128 352 1171 374 ta-

218 382 274 412 leis
285 384 364 412 viros
374 383 507 415 veneris,
521 391 585 411 non
595 382 698 413 audeas
709 385 806 414 civem
817 383 953 426 singulari
963 386 1084 416 virtute,
1098 382 1166 418 fide,

217 422 382 453 constantia
400 425 563 462 vituperare
583 426 595 454 ἓ
623 424 680 455 Sed
689 444 698 458 ‚
717 424 790 456 cum
812 429 849 457 Τ.
861 428 999 456 Annium
1018 434 1170 465 tantopere

216 464 335 497 laudes,
357 464 390 494 &
400 463 560 495 clarissimo
570 467 635 496 viro
647 467 828 498 nonnullam
843 467 1010 498 laudatione
1026 476 1074 498 tua
1089 467 1169 497 labe·

212 506 310 535 culam
322 505 471 547 adspergas
489 505 534 545 (in
543 507 667 538 illorum
680 509 765 539 enim
784 519 914 540 numero
933 509 1049 540 mavult
1059 511 1167 539 T.An-

212 547 282 576 nius
293 543 349 576 effe
360 566 368 579 ‚
387 557 438 588 qui
449 547 464 577 ὲ
475 556 503 577 te
512 549 724 589 vituperantur)
734 560 841 581 verum
850 553 941 582 etiam
950 560 1051 592 quaero
1062 569 1070 584 ‚
1089 549 1160 580 cum

211 590 246 616 in
258 597 317 628 rep.
331 587 564 621 administranda
573 594 612 621 T.
626 593 730 622 Annio
739 602 808 623 cum
820 594 955 623 RSextio
969 591 1163 623 consiliorum

210 632 354 659 omniurn
365 630 485 661 societas
495 631 582 663 fuerit
594 633 636 672 (id
646 633 726 674 quod
742 644 805 664 uon
816 634 913 664 solum
925 634 1076 664 bonorum
1086 652 1095 666 ‚
1111 642 1164 662 ve·

209 669 279 700 rum
295 673 386 701 etiam
406 673 616 713 improborum
629 675 746 714 judicio
755 675 935 705 declaratum
944 674 1004 704 est:
1023 674 1067 704 est·
1076 676 1159 704 enim

205 721 273 742 reus
285 722 407 754 uterque
417 714 457 745 ob
467 715 592 746 eandem
602 717 716 747 causam
728 736 736 750 ‚
759 717 792 747 &
801 716 909 746 eodem
920 716 1048 745 crimine
1062 725 1068 743 :
1089 716 1162 745 alter

205 753 255 783 die
268 753 348 784 dieta
360 756 397 785 ab
412 766 449 786 eo
459 776 467 790 ‚
485 767 576 797 quem
587 767 619 788 tu
629 767 724 788 unum
739 756 959 797 improbiorem
969 754 1026 786 esse
1036 775 1044 789 2
1063 756 1154 797 quam

204 804 233 824 te
243 815 252 827 ‚
275 806 442 837 numquam
461 798 536 828 soles
554 798 690 829 confiteri
703 808 709 827 :
727 799 799 828 alter
810 799 868 827 tuis
877 796 1010 827 consiliis
1019 817 1027 831 ,
1047 798 1103 828 illo
1114 807 1156 828 ta-

204 845 278 868 men
295 838 465 880 adjuvante)
473 849 574 881 quaero
584 860 594 874 ‚
604 841 657 881 qui
665 837 758 880 poflis
767 849 818 870 eos
829 858 837 872 2
856 848 932 880 quos
941 840 1069 870 crimine
1077 849 1153 870 con-

339 1127 477 1214 M.

460 1385 475 1414 1
498 1392 553 1423 Qg
563 1393 574 1413 1
587 1393 600 1412 s
623 1382 734 1421 judices
744 1401 753 1416 ,
767 1381 844 1412 forte
859 1391 942 1412 nunc
950 1380 1040 1415 adsit,
1059 1382 1144 1422 igna-

422 1454 429 1462 „
459 1435 508 1455 rus
517 1426 631 1465 legum,
639 1424 837 1464 judiciorum,
849 1423 1075 1454 consuetudinis
1084 1433 1142 1452 no—

459 1466 522 1497 strae
534 1476 539 1495 :
562 1468 689 1496 miretur
696 1464 845 1505 Ρτοὶεᾶο,
859 1476 926 1506 quae
936 1464 969 1495 sit
978 1473 1055 1495 tanta
1064 1471 1143 1493 atro-

459 1509 530 1538 citas
540 1509 591 1547 huj
595 1508 774 1541 uscecausae,
786 1507 866 1548 quod
877 1507 982 1537 diebus
995 1506 1143 1539 festis,lu-

405 1574 434 1590 ,ὼ
460 1549 720 1590 disquepublicis‚
742 1549 887 1579 omnibus
896 1550 1026 1590 negotiis
1038 1547 1141 1578 foren-

331 1588 343 1603 s
386 1587 428 1618 ’ὅ
461 1590 539 1622 fibus
556 1590 730 1621 intermissis
753 1612 762 1625 ‚
792 1600 889 1621 unum
909 1592 967 1621 hoc
988 1590 1140 1631 judicium

467 1641 643 1665 exerceatur:
655 1643 711 1663 nec
723 1632 928 1674 dubitet,quin
942 1634 1016 1663 tanti
1025 1631 1142 1662 facino-

207 1678 230 1708 's
238 1686 304 1708 reus
313 1684 448 1720 arguatur
458 1696 466 1710 ‚
481 1684 514 1706 ut
525 1696 533 1708 ‚
553 1685 590 1705 eo
601 1673 739 1715 negle&o
750 1695 759 1709 ,
773 1676 877 1705 civitas
888 1674 961 1705 stare
970 1684 1035 1704 non
1044 1671 1141 1714 poffit.

188 1721 204 1750 1
227 1729 287 1754 em,
302 1719 373 1750 cum
383 1719 483 1751 audiat
490 1716 548 1748 effe
556 1717 664 1758 legem,
674 1727 739 1757 quae
749 1717 786 1747 de
795 1715 950 1750 seditiosis,
960 1715 1141 1747 conscelera-

186 1761 285 1802 -tisque
297 1761 414 1792 civibus
423 1780 433 1794 ,
442 1761 495 1801 qui
504 1761 609 1790 armati
617 1759 752 1789 senatum
763 1759 952 1792 obsederint,
964 1757 1141 1799 magistrati·

189 1801 247 1833 bus
257 1805 322 1833 vim
329 1803 494 1835 attulerint,
504 1811 598 1841 remp.
608 1802 824 1842 oppugnarint,
844 1800 979 1842 quotidie
987 1800 1139 1840 quaeriju-

189 1843 273 1874 beat:
296 1844 394 1885 legem
405 1854 469 1874 non
479 1842 646 1883 improbet:
671 1845 788 1873 crimen
799 1862 808 1876 ,
820 1842 902 1882 quod
910 1841 1042 1872 versetur
1049 1843 1082 1871 in
1089 1841 1140 1881 ju-

187 1884 271 1915 dicio
282 1905 291 1918 ,
309 1887 449 1926 requirat.
471 1884 544 1915 cum
555 1884 670 1918 audiat,
682 1884 803 1914 nullum
813 1883 928 1914 facinus
936 1903 945 1916 ‚
960 1883 1076 1913 nullam
1085 1891 1138 1912 au-

187 1925 314 1959 daciam,
325 1927 441 1957 nullam
449 1928 514 1957 vim
524 1927 557 1955 in
563 1925 713 1965 judicium
723 1927 837 1956 vocari:
861 1925 911 1955 sed
918 1923 1138 1955 adolescentem

186 1967 295 1998 illustri
304 1966 827 2007 ingenio,industria‚gratia‚accusari
836 1966 873 1996 ab
883 1967 948 2006 ejus
959 1964 1036 1998 filio,
1046 1974 1137 2006 quem

186 2010 250 2049 ipse
261 2011 294 2039 in
302 2010 452 2048 judicium
465 2009 497 2039 δε
514 2017 602 2039 vocet
613 2028 621 2041 ,
637 2008 791 2038 &vocarit
806 2018 812 2037 2
837 2012 846 2028 ¹
862 2009 1027 2048 oppugnari
1036 2015 1136 2037 autem

186 2051 270 2080 hunc
288 2049 382 2092 opibus
392 2051 569 2080 meretriciis:
591 2053 606 2069 ²
616 2051 745 2080 Atratini
762 2050 844 2079 illius
857 2052 998 2089 pietatem
1009 2058 1074 2078 non
1091 2057 1138 2077 re-

184 2092 364 2131 prehendat,
381 2092 562 2122 muliebrem
572 2090 734 2122 libidinem
751 2090 1014 2162 comprimendam
1032 2097 1134 2130 putet5

182 2142 238 2164 vos
256 2133 420 2164 laboriosos
440 2133 610 2167 existimet,
628 2133 737 2174 quibus
755 2135 819 2163 otio
832 2142 856 2163 ις
870 2143 908 2163 ne
928 2134 960 2162 in
975 2132 1137 2162 communi

182 2174 307 2216 quidem
322 2177 386 2205 otio
396 2175 482 2206 liceat
492 2174 560 2205 ess'e.
584 2177 703 2205 Etenim
715 2195 723 2208 ,
745 2173 765 2204 fi
782 2179 793 2203 3
806 2174 954 2205 attendere
965 2174 1134 2216 diligenter,

183 2215 393 2247 existimareve
409 2216 447 2247 de
460 2218 549 2247 omni
561 2218 615 2247 hac
634 2217 716 2247 causa
729 2217 883 2248 volueritis
894 2228 903 2251 3
926 2215 963 2246 sic
973 2214 1136 2246 constitue-

181 2260 231 2291 tis,
239 2259 249 2298 J'
255 2258 354 2288 udices
366 2278 374 2291 ‚
394 2268 450 2289 nec
462 2258 671 2289 descensurum
690 2268 875 2299 quemquam
884 2258 920 2288 ad
930 2259 1004 2288 hanc
1019 2258 1135 2288 accusa-

184 2301 302 2330 tionem
313 2298 411 2333 fuisse,
420 2302 480 2334 cui,
493 2309 593 2330 utrum
604 2300 704 2333 vellet,
715 2300 831 2330 liceret:
849 2310 915 2334 nec,
929 2298 1001 2330 cum
1011 2299 1132 2330 descen-

181 2339 267 2371 diss’et
276 2361 285 2375 ‚
298 2341 463 2382 quidquam
475 2341 646 2371 habiturum
660 2342 719 2381 spei
729 2340 816 2372 fuiss'e
827 2361 835 2375 ‚
851 2340 906 2371 nisi
915 2342 1040 2381 alicujus
1050 2342 1132 2371 into-

179 2382 296 2412 lerabili
317 2382 449 2417 libidine,
469 2383 503 2413 δε
521 2384 615 2413 nimis
636 2382 742 2413 acerbo
758 2383 817 2412 odio
831 2385 985 2413 niteretur.
1008 2381 1057 2412 sed
1076 2391 1130 2422 ego

180 2426 317 2454 Atratino
332 2444 340 2458 ,
359 2423 573 2455 humanissimo
585 2444 593 2458 ‚
611 2433 697 2465 atque
710 2427 830 2464 optimo
847 2424 1028 2455 adolescenti
1048 2433 1130 2456 meo,

178 2464 338 2495 necessario
354 2487 362 2499 ,
383 2467 505 2507 ignosco
516 2487 526 2500 ,
545 2468 596 2507 qui
607 2467 694 2496 habet
704 2467 928 2497 excusationem
941 2467 989 2496 vel
1003 2466 1127 2507 pictam,

179 2507 227 2535 vel
237 2507 395 2546 necessitatis
404 2528 413 2542 ‚
423 2508 577 2538 velatam.
601 2507 621 2537 sl
632 2508 864 2539 voluitaccusari
877 2519 882 2537 z
905 2509 1006 2547 pietati
1016 2508 1128 2537 tribuo.

174 2591 244 2619 teris
256 2600 320 2620 non
333 2590 428 2621 modo
448 2592 526 2622 nihil
543 2591 761 2633 ignoscendum
774 2612 782 2624 ‚
803 2591 850 2621 sed
869 2593 959 2621 etiam
972 2592 1075 2621 acriter
1084 2589 1128 2621 est

139 2633 159 2658 2
175 2629 380 2662 resistendum.
404 2635 447 2663 Ac
457 2634 533 2663 mihi
542 2633 665 2673 quidem
676 2633 926 2672 videtur,judices
940 2653 948 2666 ‚
962 2633 1127 2663 hicintroi—

172 2681 220 2703 tus
234 2672 414 2705 defensionis
425 2695 435 2709 ‚
455 2675 660 2706 adolescentia:
679 2676 723 2704 M.
734 2675 824 2705 Coelii
835 2674 969 2706 maxime
980 2674 1127 2705 conveni-

1085 153 1228 184 PRO

529 933 685 993 -iu
762 934 1264 993 TULLIUS

1067 1034 1302 1090 PR()

759 1124 1466 1213 COEL

472 1273 827 1324 ORATIO
905 1274 1864 1341 TRICESIMAQJARTA.

176 2545 197 2576 fi
205 2547 299 2588 juss'us
311 2548 369 2579 est:
392 2548 557 2581 neceffitati.
581 2548 602 2579 sl
620 2551 746 2589 speravit
762 2550 892 2590 aliquid:
912 2551 1055 2589 pueritiae.
1080 2559 1129 2579 ce·
1168 2560 1188 2590 q

1299 138 1365 185 M.
1413 139 1721 188 Connto.
2079 155 2173 204 515·

1212 219 1316 260 Jungis
1325 239 1333 253 ‚
1346 219 1524 251 testimonio
1533 221 1716 263 disjungere.
1737 223 1916 253 Extremum
1927 222 2001 254 illud
2011 222 2053 254 est
2062 243 2069 257 ,
2086 225 2168 265 quod

1216 261 1294 291 mihi
1303 261 1353 291 abs
1363 271 1391 292 te
1401 262 1572 303 responderi
1583 264 1675 293 velim
1688 263 1774 294 :cum
1791 265 1886 295 multa
1894 267 1928 295 in
1937 265 2167 297 Albinovanum

1214 302 1251 332 de
1269 305 1508 342 praevaricatione
1527 305 1638 335 diceres
1648 325 1656 339 ‚
1677 305 1827 336 dixerisne
1841 325 1849 339 ‚
1868 316 1924 337 nec
1941 306 1995 337 tibi
2013 306 2164 346 placuiss'e,

1213 352 1267 374 nec
1278 343 1440 383 oportuiss'e
1448 348 1586 377 sextium
1596 346 1632 377 de·
1642 349 1673 377 vi
1682 348 1764 377 re'um
1778 347 1841 377 fieri
1853 352 1864 378 ἓ
1881 350 1984 388 quavis
1993 348 2057 389 lege
2068 369 2076 382 ,
2089 359 2167 389 quo-

1211 385 1258 413 vis
1268 386 1396 415 crimine
1407 387 1604 418 accusandum
1613 388 1714 428 porius
1722 388 1830 420 fuiss'e?
1852 392 1942 420 etiarn
1954 389 2031 420 illud
2041 389 2166 427 dixeris,

1208 425 1322 455 causam
1333 427 1628 461 Milonis‚fortiffimi
1639 432 1691 460 viri
1698 430 1903 470 ‚conjunftam
1912 441 1981 461 cum
1994 432 2051 462 hoc
2060 431 2166 462 existi-

1210 468 1299 496 mari?
1311 477 1375 512 qua:
1387 478 1441 507 pro
1454 479 1502 499 me
1515 470 1531 501 a
1541 472 1645 501 Sextio
1654 471 1730 502 faeta
1739 471 1896 506 sint‚bonis
1910 472 1963 503 effe
1976 476 2075 513 grata?
2087 475 2162 504 Non

1208 508 1558 553 coarguossmconstanriam
1569 514 1715 543 orationis
1725 533 1733 546 ,
1745 523 1776 544 ac
1789 514 1957 545 testimonii
1968 516 2022 545 tui.
2041 517 2121 556 Qas
2131 525 2163 544 e-

1208 551 1274 579 nim
1294 550 1344 588 huj
1352 559 1384 578 us
1403 549 1537 581 actiones
1556 553 1688 592 probatas
1698 554 1787 585 bonis
1795 554 1853 586 ess‘c
1862 555 1938 586 dicis
1948 576 1956 590 ,
1970 558 2002 586 in
2012 566 2058 586 eas
2068 556 2163 596 pluri-

1205 590 1260 620 bus
1271 591 1369 620 verbis
1379 590 1592 623 testimonium
1602 594 1840 636 dixistitquicum
1852 606 1951 628 autem
1962 599 2024 637 ejus
2033 598 2162 632 causam,

1202 632 1431 673 periculumque
1445 636 1603 676 conjungis
1616 654 1624 667 ,
1645 645 1715 666 eum
1726 638 1854 668 summis
1865 639 2001 669 laudibus
2012 638 2160 670 extulisti.

1203 673 1259 703 Sed
1270 673 1329 703 hoc
1337 683 1439 714 quaero
1450 694 1458 706 ‚
1476 685 1551 705 num
1562 679 1592 706 P.
1602 678 1738 707 Sextium
1749 698 1757 711 ,
1776 689 1833 719 qua
1844 680 1906 720 lege
1916 681 2112 711 accusandum
2124 691 2159 711 o-

1203 717 1315 744 mnino
1324 713 1410 744 fuisse
1419 725 1555 757 negas,ea
1565 717 1627 758 lege
1637 718 1831 750 condemnari
1845 731 1929 760 putes
1941 726 2158 761 oportere3aut‚

1204 755 1225 785 fi
1238 765 1266 786 te
1275 758 1308 786 in
1316 755 1494 787 testimonio
1503 758 1620 788 consuli
1630 759 1711 788 nolis
1721 779 1729 792 ‚
1748 770 1784 790 ne
1795 763 1867 801 quid
1879 762 1932 792 tibi
1943 763 2124 794 auetoritatis
2135 764 2150 793 ὲ

1201 807 1251 828 me
1263 797 1410 828 tributum
1425 796 1482 828 effe
1491 799 1628 829 videatur
1639 819 1648 832 ‚
1661 800 1810 831 dixerisne
1821 812 1852 831 in
1863 813 1933 833 eum
1945 804 2154 836 testimonium

1200 840 1237 870 de
1248 842 1278 871 vi
1290 859 1297 873 ,
1309 849 1402 881 quern
1412 842 1526 881 negaris
1535 851 1621 872 reum
1630 843 1760 873 omnino
1771 843 1807 873 de
1816 853 1848 875 vi
1858 843 1921 875 fieri
1931 845 2061 877 debuisse
2070 851 2083 877 f

1361 935 1772 994 CICERO

1655 1131 1696 1215 I
1884 1131 2005 1219 O.

1187 1392 1229 1416 re,
1240 1391 1273 1413 ut
1281 1382 1317 1414 ad
1327 1392 1361 1414 ea
1370 1402 1378 1417 ‚
1390 1393 1458 1424 quae
1466 1384 1644 1416 accusatores
1656 1405 1664 1419 ‚
1675 1385 1868 1418 deformandi
1877 1388 1967 1428 hujus
1976 1390 2060 1422 causa
2070 1411 2079 1425 ‚
2091 1391 2144 1423 de·

1187 1425 1355 1459 trahendae,
1372 1426 1592 1467 spoliandaeque
1610 1427 1764 1467 dignitatis
1777 1431 1887 1470 gratia,
1903 1429 2065 1466 dixerunt,
2083 1436 2147 1473 pri-

1187 1465 1275 1496 mum
1286 1467 1492 1506 respondeam.
1517 1468 1659 1507 Objeetus
1680 1468 1722 1499 est
1730 1479 1811 1510 pater
1820 1472 1901 1502 varii:
1914 1492 1923 1506 ,
1944 1472 2029 1513 quod
2038 1484 2087 1504 aut
2094 1484 2147 1515 pa-

1185 1517 1254 1537 rum
1267 1508 1440 1548 splendidus
1451 1509 1512 1548 ipse
1522 1529 1530 1542 ‚
1553 1519 1602 1540 aut
1608 1517 1710 1550 parum
1719 1510 1766 1553 pie*
1779 1512 1916 1544 &astatus
1925 1513 1942 1544 a
1961 1513 2024 1545 filio
2034 1515 2148 1547 dicere-

1185 1558 1241 1579 tur.
1266 1552 1315 1580 De
1324 1549 1480 1591 dignitate,
1493 1551 1607 1582 Coelius
1618 1554 1711 1586 notis,
1727 1563 1759 1583 ac
1768 1554 1934 1593 majoribus
1944 1564 2016 1586 natu
2027 1576 2035 1590 ‚
2052 1559 2145 1590 etiam

1185 1589 1246 1621 fine
1267 1591 1333 1622 m'ea
1344 1593 1480 1622 oratione
1490 1612 1499 1626 ‚
1518 1594 1622 1623 tacitus
1632 1613 1641 1627 ,
1659 1593 1746 1625 facile
1760 1596 1823 1636 ipse
1841 1596 2011 1637 respondet.
2032 1599 2144 1639 quibus

1184 1642 1284 1663 autem
1297 1653 1306 1667 ‚
1328 1643 1448 1674 propter
1456 1633 1641 1665 sene&uten1
1652 1655 1661 1670 ,
1680 1636 1762 1677 quod
1772 1638 1833 1674 jam
1846 1637 1899 1668 diu
1912 1638 2018 1670 minus
2027 1641 2059 1671 in
2069 1640 2140 1672 foro

1183 1674 1345 1705 nobiscum
1364 1676 1493 1707 versatur
1503 1696 1512 1710 ,
1531 1680 1548 1703 4
1557 1686 1622 1707 non
1638 1678 1722 1718 aeque
1742 1677 1785 1708 est
1797 1681 1935 1719 cognitus
1947 1690 1953 1709 :
1977 1682 2009 1711 hi
2028 1680 2067 1712 fic
2085 1683 2140 1714 ha-

1186 1716 1275 1747 beant
1285 1727 1291 1746 ε
1313 1727 1512 1759 quaecumque
1522 1720 1556 1748 in
1567 1720 1666 1760 equite
1677 1721 1821 1750 Romano
1839 1720 1968 1762 dignitas
1977 1721 2033 1753 effe
2042 1722 2141 1764 poffit.

1185 1768 1250 1799 quae
1260 1761 1338 1789 certe
1347 1758 1444 1799 potest
1455 1758 1514 1790 effe
1524 1763 1669 1795 maxima,
1681 1771 1745 1792 eam
1755 1762 1871 1803 semper
1880 1765 1914 1793 in
1923 1766 1967 1794 M.
1982 1766 2080 1797 coelio
2089 1767 2143 1797 ha-

1183 1800 1278 1831 bitam
1293 1799 1352 1831 effe
1362 1801 1513 1832 summam
1523 1822 1532 1836 ‚
1553 1802 1704 1844 hodieque
1722 1803 1838 1838 haberi,
1856 1815 1920 1835 nou
1930 1805 2028 1836 solum
2043 1806 2059 1838 a
2069 1808 2139 1843 suis,

1182 1842 1232 1872 sed
1242 1844 1332 1873 etiam
1341 1843 1377 1873 ab
1388 1843 1532 1874 omnibus
1540 1864 1549 1878 ,
1560 1844 1669 1885 quibus
1681 1847 1814 1884 potuerit
1821 1846 1920 1887 aliqua
1937 1846 1975 1877 de
1988 1848 2071 1880 causa
2081 1848 2141 1880 effe

1183 1892 1283 1914 notus.
1304 1886 1420 1925 Equitis
1431 1893 1532 1916 autem
1541 1888 1636 1916 Rom.
1646 1885 1705 1916 efl'e
1714 1885 1823 1920 filium,
1833 1889 1972 1918 criminis
1985 1889 2053 1920 loco
2061 1893 2137 1931 poni

1181 1925 1218 1955 ab
1229 1926 1446 1956 accusatoribus
1456 1946 1464 1960 ‚
1482 1937 1581 1968 neque
1597 1928 1644 1957 his
1655 1927 1859 1967 judicantibus
1868 1931 2020 1968 oportuit,
2039 1941 2138 1973 neque

1181 1965 1414 1997 defendentibus
1422 1968 1523 1998 nobis.
1548 1970 1628 1999 Nam
1641 1989 1650 2002 ‚
1667 1969 1750 2009 quod
1763 1969 1799 1999 de
1812 1971 1920 2009 pietate
1930 1970 2049 2002 dixistis
2060 1993 2069 2006 ,
2089 1975 2132 2005 est

1181 2007 1306 2047 quidem
1316 2008 1370 2039 ista
1386 2008 1487 2039 nostra
1497 2009 1682 2040 existimatio
1696 2030 1705 2043 ‚
1728 2010 1777 2041 sed
1788 2011 1931 2049 judicium
1940 2013 2018 2043 certe
2028 2023 2137 2053 paren-

1181 2052 1226 2079 tis.
1249 2049 1322 2090 quid
1334 2059 1391 2080 nos
1400 2052 1563 2090 opinemur
1572 2070 1581 2084 ‚
1597 2050 1722 2082 audietis
1733 2061 1771 2082 ex
1778 2054 1893 2092 juratis.
1913 2054 1989 2094 quid
2000 2065 2134 2095 parentes

1179 2090 1316 2125 sentiant,
1328 2091 1465 2131 lacrymae
1476 2094 1578 2122 matris
1588 2112 1596 2126 ,
1609 2092 1853 2135 incredibilisque
1867 2104 1997 2129 moeror‚
2017 2097 2136 2137 squalor

1177 2134 1276 2172 patris,
1291 2133 1323 2163 δε
1332 2133 1394 2163 haec
1403 2134 1530 2173 praesens
1543 2133 1685 2164 moestitia
1695 2154 1704 2168 ‚
1714 2144 1805 2176 quam
1814 2138 1935 2167 cernitis
1942 2157 1955 2170 .
1976 2137 2134 2179 Ιιιὲὶυῖφιε

1179 2174 1314 2205 declarat.
1337 2177 1429 2209 Nam,
1438 2174 1520 2216 quod
1534 2174 1576 2205 est
1585 2175 1635 2214 obj
1640 2174 1742 2206 efflmm
1752 2197 1761 2210 ,
1774 2178 1981 2218 municipibus
1991 2178 2049 2210 effe
2059 2181 2134 2211 ado·

1179 2216 1340 2247 lescentem
1351 2226 1415 2246 non
1424 2216 1584 2256 probatum
1595 2217 1654 2247 suis
1666 2227 1672 2246 ι
1688 2222 1701 2245 5
1709 2221 1830 2249 nemini
1840 2229 1985 2260 umquam
1994 2222 2131 2260 praesenti

1178 2258 1333 2288 Puteolani
1342 2259 1470 2298 majores
1493 2259 1623 2288 honores
1641 2259 1807 2291 habuerunt
1817 2280 1825 2294 ‚
1842 2261 1933 2302 quam
1954 2262 2068 2294 absenti
2082 2266 2129 2294 Μ.

1177 2300 1275 2330 Coelio
1287 2310 1293 2329 ε
1316 2310 1407 2340 quem
1423 2300 1457 2330 ὅ(
1475 2299 1626 2330 absentem
1637 2302 1669 2331 in
1688 2301 1903 2342 amplissimum
1921 2304 2063 2336 ordinem
2077 2315 2130 2336 co-

1175 2350 1326 2381 optarunt,
1340 2342 1372 2372 &
1381 2351 1413 2372 ea
1423 2351 1488 2371 non
1496 2343 1610 2381 petenti
1618 2342 1808 2378 detulerunt,
1828 2354 1893 2385 quae
1908 2345 2013 2376 multis
2025 2356 2130 2386 peten-

1174 2384 1253 2413 tibus
1263 2382 1445 2424 denegarunt
1457 2393 1463 2412 ;
1478 2383 1631 2425 iidemque
1640 2394 1722 2415 nunc
1732 2384 1906 2417 lestiffimos
1915 2389 1995 2417 viros
2004 2407 2012 2420 ‚
2026 2388 2058 2418 δε
2069 2398 2128 2419 no-

1172 2423 1224 2454 stri
1233 2425 1349 2455 ordinis
1361 2445 1369 2459 ,
1391 2425 1425 2455 &
1440 2428 1556 2466 equites
1566 2428 1660 2457 Rom.
1678 2437 1749 2457 cum
1766 2428 1913 2469 legatione
1922 2428 1956 2459 ad
1971 2430 2030 2458 hoc
2042 2429 2127 2468 judi·

1168 2468 1262 2500 ciuin,
1275 2467 1308 2497 &
1317 2477 1388 2497 cum
1399 2465 1565 2508 graviffima
1574 2473 1586 2501 ¹,
1601 2476 1688 2509 atque
1696 2468 1876 2500 ornatissima
1885 2469 2054 2500 laudatione
2064 2473 2125 2502 mi·-

1169 2508 1281 2539 serunt.
1303 2509 1418 2538 Videor
1431 2508 1509 2538 mihi
1519 2508 1617 2546 jecisse
1628 2509 1824 2540 fundamenta
1840 2510 2021 2541 defensionis
2029 2522 2124 2544 rneae:

1190 2560 1233 2581 uae
1244 2549 1410 2580 firmissima
1419 2551 1497 2583 sunt,
1510 2549 1530 2580 fi
1540 2552 1676 2581 nituntur
1679 2551 1787 2590 judicio
1793 2552 1918 2590 ficorum.
1932 2562 2028 2593 neque
2038 2556 2123 2585 enim

1169 2592 1257 2622 vobis
1265 2593 1332 2622 satis
1344 2590 1561 2623 vcommendata
1572 2593 1661 2631 hujus
1670 2601 1739 2623 aetas
1747 2591 1803 2622 effe
1813 2591 1908 2632 posset
1917 2613 1926 2627 ,
1945 2592 1965 2623 si
1976 2605 2040 2625 non
2051 2605 2122 2626 mo-

1169 2632 1209 2663 do
1224 2635 1339 2674 parenti
1352 2653 1359 2667 ‚
1373 2634 1424 2663 tali
1432 2635 1498 2663 viro
1509 2653 1517 2667 ‚
1528 2633 1635 2663 verum
1648 2635 1738 2664 etiam
1753 2637 1922 2674 municipio
1931 2644 1991 2666 tam
2000 2636 2121 2672 illustri,

1167 2685 1199 2706 ac
1210 2684 1270 2706 tam
1280 2678 1361 2718 gravi
1380 2675 1555 2716 displiceret.
1579 2674 1730 2716 Equidem
1743 2695 1751 2708 ‚
1772 2684 1805 2706 ut
1817 2675 1852 2707 ad
1861 2686 1912 2707 me
1921 2686 2047 2708 revertar
2057 2699 2065 2713 ,
2086 2680 2122 2710 ab
2142 2687 2156 2718 3

1991 2721 2040 2751 his
2052 2720 2125 2752 fon-

256 2842 328 2871 μηνί
336 2841 379 2865 haec
389 2841 470 2872 opibus
479 2849 536 2865 mer.
556 2839 702 2866 deteriores
715 2840 810 2866 habent
820 2840 927 2875 quidem
939 2847 1029 2871 auum,
1039 2839 1082 2865 {ed
1093 2840 1119 2866 in

172 2873 247 2899 nullo
257 2875 340 2901 exstat
349 2878 421 2907 hunc,
433 2874 537 2911 ejusque
549 2875 607 2902 loco
618 2876 695 2902 habet
705 2877 788 2902 editio
799 2884 888 2906 vetus,
899 2878 948 2901 hoc.

208 2917 236 2934 2.
255 2911 462 2945 Atratinimius]
483 2913 526 2937 Sic
535 2921 628 2938 omnes
640 2912 747 2948 quidem
767 2911 838 2938 libri.
858 2911 900 2938 (ed
913 2913 1033 2938 Muretus
1052 2910 1083 2938 ud
1098 2920 1120 2937 ι.

173 2944 272 2971 catilin
280 2965 285 2970 .
295 2945 366 2973 delet
376 2946 442 2973 illud
452 2950 573 2979 Atratini,
584 2955 708 2984 tanquam
719 2948 893 2984 irreptitium.

210 2987 222 3014 3
232 2999 236 3005 .
255 2982 376 3007 Attendere
385 2983 515 3016 diligenter,
524 2986 686 3016 existiman-‘ve
695 2985 720 3010 de
729 2988 799 3016 omni,
810 2985 877 3017 dvm]
899 2983 998 3019 Recepi
1010 2983 1122 3019 scriptu-

175 3023 231 3040 ram
244 3015 298 3041 Pal.
308 3015 357 3044 sec.
368 3018 409 3043 cui
419 3019 528 3044 omnino
537 3019 663 3046 accedunt
673 3021 753 3047 ceteri
767 3039 774 3052 ‚
784 3021 810 3047 in
822 3020 928 3055 quibus,
938 3023 1070 3053 existimare
1078 3029 1122 3044 ve-

135 3046 141 3057 “
172 3051 208 3080 ⁷5,
219 3051 387 3089 quomodo&
399 3055 426 3079 S.
436 3053 551 3081 Vifmris
571 3056 707 3091 exemplar
725 3057 753 3082 &
764 3056 890 3083 vetustius
909 3056 970 3082 cusi.
992 3056 1122 3082 recentio-

173 3094 213 3125 res
225 3087 337 3125 itti-itere,
346 3091 476 3121 existimare
484 3090 541 3115 verb
549 3091 585 3116 Ae.
604 3091 674 3127 quod
685 3093 765 3127 quam
776 3102 828 3119 non
839 3092 998 3128 agnoverint
1009 3099 1123 3123 veteres,

168 3119 353 3180 andi—’liquem
363 3124 433 3159 quod
443 3125 475 3152 ad
485 3127 631 3161 marginem
641 3129 669 3154 S.
680 3127 752 3156 visst.
764 3127 886 3156 videatur
897 3146 905 3162 ‚
916 3135 964 3155 att.
976 3129 1040 3162 dilig.
1054 3135 1127 3163 atquc

170 3162 219 3189 exij
228 3166 303 3182 amare
308 3177 314 3184 .
517 3183 520 3185 Α

169 2801 534 2854 1.0‘Ppugnariamemhunc
550 2806 632 2837 opibus
641 2803 805 2838 meretriciis]
827 2803 894 2829 Pali.
907 2803 1042 2835 meliores,
1052 2811 1123 2836 oppu-
1139 2814 1142 2819 ·

1200 2813 1228 2837 4.
1249 2809 1300 2830 Non
1309 2814 1367 2838 aque
1377 2806 1412 2829 cf?
1421 2804 1546 2838 cognitur]
1570 2804 1686 2839 Apparet
1697 2803 1856 2830 Lambinum
1867 2814 1962 2841 paucos
1982 2804 2120 2841 inspexisse

1167 2841 1223 2866 mss'.
1235 2850 1294 2867 enni
1307 2839 1421 2866 affirmet
1433 2839 1497 2867 istud
1510 2841 1569 2874 equ&
1579 2840 1610 2866 iis
1630 2839 1723 2866 abesse.
1739 2840 1863 2876 equidem
1878 2851 1929 2868 non
1945 2849 2080 2877 comparet
2091 2842 2117 2868 in

1167 2877 1223 2903 l’al.
1235 2878 1316 2903 tertio
1328 2885 1336 2906 3
1358 2875 1398 2902 fed
1413 2876 1502 2902 vilitnr
1513 2884 1600 2903 tamen
1611 2877 1637 2903 in
1648 2877 1742 2903 ceteris
1752 2876 1875 2904 omnibus
1889 2897 1897 2909 ,
1917 2886 1957 2913 pr.
1968 2877 2118 2913 seuquart.

1165 2913 1221 2939 oct.
1233 2923 1314 2943 nono,
1326 2913 1388 2938 item
1400 2912 1425 2937 in
1437 2911 1500 2937 olim
1512 2912 1587 2938 culis.

1201 2957 1226 2981 5.
1245 2951 1348 2983 Qmini
1365 2956 1476 2981 umquam
1489 2949 1597 2981 prasenti
1613 2948 1762 2983 Puteolana]
1787 2949 1846 2975 Vox
1865 2951 1990 2975 Puteolani
2008 2959 2060 2976 non
2080 2949 2117 2976 est

1163 2983 1248 3010 Tullii
1259 2984 1350 3014 nostri,
1362 2988 1432 3009 certe
1443 2982 1575 3010 editiones
1586 2992 1638 3011 tres
1648 2985 1696 3010 aevi
1706 2983 1782 3020 prisci
1794 3003 1802 3016 ‚
1811 2984 1923 3020 proefern
1929 2993 1957 3012 nt
1965 2988 2120 3017 Pr.rtoria7.i,

1164 3029 1249 3055 neque
1267 3019 1345 3045 :iliter
1364 3019 1483 3054 plerique
1502 3019 1588 3056 scripti
1609 3020 1707 3051 nostri3
1728 3021 1799 3047 inter
1809 3030 1874 3053 qnos
1894 3029 1956 3047 tert.
1968 3022 2115 3056 quintus&

1164 3055 1272 3082 oStavus
1284 3054 1378 3081 habent
1392 3075 1399 3086 ,
1413 3055 1641 3087 ΓνιβηῑὶῬναῐον-ἱ,
1661 3056 1732 3092 quod
1743 3056 1806 3082 mihi
1827 3067 1877 3083 non
1898 3058 2007 3083 omnino
2025 3056 2116 3083 abfui·-

1164 3090 1238 3117 dum,
1259 3090 1299 3116 sed
1312 3100 1370 3116 cnm
1382 3093 1409 3117 S.
1420 3090 1492 3116 Viti.
1513 3091 1604 3118 babeat
1613 3091 1645 3118 ad
1655 3101 1728 3118 oram
1738 3092 1989 3125 ali-:inhnmanum
2010 3092 2117 3118 videtur

1165 3126 1394 3159 suiss'epratutiani.
1412 3129 1584 3154 Praerutianam
1602 3127 1661 3155 stine
1681 3128 1838 3163 religionem
1857 3129 1952 3155 claram
1972 3129 2042 3154 inter
2062 3129 2117 3154 Itu.a

1140 3157 1146 3196 l
1166 3163 1228 3191 licus
1239 3170 1332 3192 notum
1343 3163 1465 3197 cuilibet,
1476 3163 1517 3191 vel
1528 3173 1562 3191 ex
1572 3163 1652 3190 Plinii
1663 3164 1766 3193 lib.1n.
1776 3164 2023 3200 Nat.}lili.cap.i3.
2034 3164 2062 3190 ὃς
2077 3172 2118 3188 ω.

1602 3201 1704 3228 Ttt2
2058 3201 2126 3225 nc.-
