2337 3400
165 137 257 200 598
572 129 1085 179 MTuccii

162 215 257 246 domo
268 218 434 245 coacervata
445 209 503 241 cst.
523 219 573 242 ur,
595 206 614 237 si
625 210 682 238 hoc
692 217 786 249 genus
796 210 828 237 in
839 216 938 237 unum
955 205 1112 247 redigatur,

122 263 143 294 5
162 268 224 288 ηοω
238 256 270 286 sit
283 257 406 296 pecunia
417 253 528 293 populo
540 253 632 281 Rom.
652 250 797 280 defutura.
822 251 851 279 Is
869 248 955 289 legem
965 249 1054 278 etiam
1069 247 1119 285 ju-

164 299 313 327 diciariam
324 296 401 328 tulit,
414 297 508 324 homo
517 292 611 323 castus
624 301 711 332 atque
721 293 782 321 inte
805 300 851 320 er:
870 289 1052 331 judiciorum
1062 308 1071 322 ‚
1085 288 1118 319 δε

168 341 240 375 juris
251 338 362 369 auritos.
387 338 419 366 in
430 346 494 376 quo
504 345 559 365 nos
570 332 687 364 fefellit.
705 301 931 378 AnteggnanOQ
944 331 976 362 &
986 332 1126 371 manipu-

163 377 267 412 larem,
282 379 314 409 ὃς
327 377 465 410 Alaudas,
476 377 590 415 judices
602 375 628 406 se
638 373 822 406 constituisse
833 373 959 404 dicebat.
982 372 1072 403 atille
1082 372 1126 402 le-

168 425 212 462 git
221 422 361 451 aleatores
374 440 381 454 ‚
394 420 466 459 legit
477 418 592 450 exsules
603 437 610 450 ‚
622 418 692 458 legit
704 418 833 447 Graecos.
858 418 884 445 Ο
894 412 1064 446 consessum
1075 415 1124 454 ju-

168 464 272 492 dicum
294 462 464 502 praeclarum
487 463 492 490 l
522 459 542 489 ὃ
559 459 737 499 dignitatem
763 457 880 488 consilii
897 456 1103 487 admirandam
1118 457 1124 484 Ε

172 508 182 524 ¹
199 514 265 534 avet
274 506 394 534 animus
404 502 480 543 apud
491 500 651 532 consilium
670 499 746 530 illud
756 509 810 539 pro
820 509 871 529 reo
882 499 988 530 dicere.
1011 498 1125 539 Cydam

169 546 341 576 Cretensem
353 565 360 578 ,
380 553 554 585 portentum
566 543 669 573 insulae
682 562 690 575 ‚
710 543 870 572 hominem
889 539 1130 572 audaciffimum,

172 588 205 618 &
219 585 458 628 perditill‘nnum.
482 585 531 616 sed
544 584 639 615 facita
656 594 720 614 non
739 581 796 613 effe
808 603 816 617 ‚
837 593 914 614 num
933 582 1128 613 Latinescit?

170 639 247 659 num
258 628 300 659 est
320 633 335 648 ²
347 639 385 658 ex
396 629 529 665 iudicum
540 636 647 668 genere
658 646 666 660 ,
681 626 713 656 &
726 624 844 657 forma?
868 628 880 652 3
892 634 967 655 num
979 625 1057 665 leges
1073 633 1129 653 no-

175 671 245 701 stras
255 691 263 704 ,
285 671 420 700 moresve
440 671 526 699 novit
540 673 550 698 .⁷
574 679 650 699 num
669 667 799 708 denique
809 668 971 697 homines?
993 665 1035 696 est
1047 667 1131 696 enim

174 716 261 743 Creta
280 713 367 742 vobis
385 713 487 742 notior
499 731 506 745 ,
526 710 617 752 quam
628 712 729 741 Roma
740 708 836 749 Cydae.
861 707 1006 738 Delestus
1019 717 1132 740 autem,

174 755 207 784 δε
219 753 480 794 notatiojudicum
494 774 502 786 ,
523 755 613 783 etiam
624 754 656 781 in
671 750 780 781 nostris
789 750 905 781 civibus
925 750 1025 780 haberi
1046 750 1132 779 solet.

175 798 360 835 Cortynium
372 795 443 826 vero
452 794 586 835 judicem
597 795 664 834 quis
673 795 771 826 novit,
783 802 832 822 aut
841 794 909 833 quis
920 790 1003 821 nosse
1012 793 1133 831 potuit?

176 840 257 868 Nam
270 837 422 878 Lysiadem
435 836 652 867 Atheniensem
670 835 804 875 plerique
817 836 972 864 novimus.
995 832 1038 863 est
1049 834 1133 863 enim

176 879 290 910 Phaedri
305 900 313 913 ,
333 879 506 919 philosophi
520 878 633 908 nobilis
645 897 653 909 ,
675 875 771 906 filius:
793 877 889 905 homo
901 885 1038 916 praeterea
1053 873 1135 904 festi-

176 932 243 955 vus,
257 931 289 952 ut
299 924 325 952 ei
338 924 381 950 M.
399 923 491 951 Curio
502 941 509 953 ,
522 917 690 950 consess'ore
699 917 808 948 eodem
819 937 827 951 ‚
840 918 873 947 &
883 917 1042 950 collusore,
1053 916 1136 946 facil-

177 964 252 994 lime
273 962 360 1003 poffic
379 964 554 993 convenire.
577 963 687 998 Quaero
705 961 799 999 igitur
809 979 817 992 ‚
836 958 857 988 fi
875 957 1012 999 Lyfiades
1032 960 1137 988 citatus

174 1006 270 1046 judex
282 1015 344 1036 non
356 1004 551 1044 responderit,
562 1002 779 1042 excuseturque
789 1002 981 1042 Areopagites
992 999 1050 1030 effe
1059 1020 1068 1033 ,
1083 1009 1138 1030 nec

179 1047 288 1078 debere
298 1046 406 1077 eodem
418 1054 552 1085 tempore
564 1046 684 1077 Romae,
698 1043 731 1073 &
741 1042 868 1073 Athenis
878 1043 1063 1082 resJ'udi'care
1076 1052 1081 1070 :
1092 1052 1138 1072 ac-

176 1091 306 1129 cipietne
316 1087 538 1118 excusationem
549 1087 573 1115 is
584 1105 591 1118 ‚
634 1087 665 1115 ui
678 1083 838 1125 quaestioni
850 1086 984 1124 praeerit,
1006 1084 1137 1114 Graeculi

173 1131 296 1171 judicis,
308 1128 402 1159 modo
412 1129 535 1168 palliati,
548 1126 644 1157 modo
654 1129 768 1168 togati?
785 1129 834 1156 An
845 1124 1074 1156 Atheniensium
1085 1135 1138 1155 an-

178 1170 356 1213 tiquiffimas
366 1171 443 1212 leges
452 1170 603 1211 negliget?
626 1170 687 1208 Qi
698 1166 787 1208 porro
797 1168 848 1198 ille
859 1165 1019 1201 confestim,
1030 1167 1073 1197 dii
1083 1166 1139 1196 bo-

179 1217 234 1244 ni?
257 1211 400 1243 Cretensis
412 1211 508 1252 judex
519 1231 526 1245 ‚
547 1211 630 1252 isque
647 1208 852 1251 nequiffimus.
877 1213 993 1250 4quem
1004 1208 1040 1239 ad
1057 1210 1138 1237 hunc

179 1264 247 1286 reus
260 1254 387 1295 alleget.>
403 1252 562 1295 quomodo
578 1251 714 1283 accedat?
735 1251 808 1280 dura
825 1251 903 1280 natio
915 1249 967 1280 est.
992 1253 1032 1280 At
1049 1250 1141 1279 Athe-

178 1297 297 1327 nienses
315 1295 508 1336 misericordes.
533 1303 607 1334 puto
618 1304 657 1324 ne
674 1294 801 1323 Curium
817 1292 940 1334 quidem
959 1291 1017 1322 esse
1034 1291 1140 1321 crude-

179 1340 252 1372 lem,
263 1340 316 1379 qui
326 1337 461 1379 quotidie
471 1336 640 1376 periculum
649 1334 779 1365 forcunae
789 1333 885 1365 faciat.
901 1337 976 1364 Sunt
985 1335 1059 1363 item
1071 1331 1139 1363 leffi

178 1381 309 1421 JudiceS,
321 1382 372 1421 qui
381 1377 502 1410 fortass'e
513 1377 741 1409 excusabuntur.
753 1377 863 1407 habeut
872 1377 956 1406 enirn
967 1376 994 1405 le
1017 1376 1137 1405 itimam

181 1423 407 1453 excusationem
421 1442 429 1454 ,
442 1419 539 1451 exsilii
547 1420 631 1451 causa
641 1419 738 1449 solum
748 1416 867 1449 vertiffe
879 1438 887 1450 ,
909 1428 964 1448 nec
973 1387 1030 1447 eii‘e
1039 1416 1140 1457 postea

181 1464 343 1494 restitutos.
367 1463 492 1493 Hosille
503 1461 752 1501 demensjudices
761 1458 889 1501 legisset:
913 1460 1023 1490 horum
1034 1459 1138 1489 nomi-

183 1515 220 1536 na
231 1506 264 1536 ad
275 1506 412 1536 aerarium
423 1503 572 1535 detulisset
584 1514 589 1533 z
608 1504 655 1533 his
666 1512 806 1543 magnam
818 1509 932 1541 partem
947 1503 1022 1541 reip.
1042 1501 1155 1531 credi-³

143 1552 164 1584 6
183 1546 280 1581 differ,
295 1545 315 1577 fi
329 1547 422 1577 ullam
427 1546 542 1586 speciem
552 1545 618 1586 reip.
630 1542 835 1586 cogitavisset?
858 1546 957 1584 Atque
969 1552 1025 1583 ego
1038 1542 1074 1572 de
1084 1552 1141 1573 no-

185 1591 223 1620 tis
235 1588 387 1630 judicibus
410 1588 484 1618 dixi.
507 1597 584 1628 quos
604 1588 707 1616 minus
728 1584 824 1615 nostis
833 1604 841 1618 ,
862 1586 949 1614 nolui
963 1585 1122 1614 nominare
1135 1595 1140 1612 2

183 1631 332 1662 saltatores
342 1650 350 1663 ‚
361 1627 523 1660 citharistas
532 1648 540 1661 2
553 1636 652 1659 totum
666 1627 798 1667 denique
810 1624 1033 1657 comeffationis
1044 1629 1141 1656 Anto-

184 1675 282 1704 nianae
292 1673 419 1702 chorum
432 1691 440 1705 ‚
460 1673 494 1700 in
503 1672 622 1700 tertiam
631 1669 783 1699 decuriam
790 1668 929 1708 judicum
940 1669 1042 1698 scitote
1059 1671 1072 1695 5
1083 1666 1141 1697 ess'e

184 1713 373 1754 conjectum.
396 1714 460 1743 haec
471 1712 555 1742 causa
564 1732 573 1745 ,
593 1721 645 1742 cur
654 1711 704 1740 lex
715 1719 775 1740 tam
785 1711 899 1751 egregia
910 1731 919 1743 ,
938 1719 1059 1751 tamque
1067 1719 1142 1749 prae—

183 1757 269 1790 clara,
282 1758 420 1785 maximo
428 1754 533 1788 imbri,
544 1751 717 1793 tempestate
728 1772 735 1786 ‚
746 1754 846 1782 ventis
857 1773 864 1785 ,
877 1752 1015 1792 procellis
1025 1773 1033 1785 ,
1048 1751 1143 1782 turbi—

186 1797 278 1829 nibus
289 1817 297 1831 ‚
316 1799 394 1827 inter
404 1795 551 1828 fulmina,
573 1795 747 1826 &tonitrua
764 1793 888 1823 ferretur
900 1814 907 1827 ,
927 1793 1143 1833 uteosjudices

185 1839 366 1870 haberemus
376 1858 384 1872 ‚
403 1835 419 1857 ⁶
430 1847 505 1878 quos
518 1837 614 1867 socios
625 1835 659 1866 acl
677 1836 777 1876 epulas
787 1836 916 1875 hospites
928 1835 1035 1865 habere
1050 1844 1144 1864 nemo

185 1882 271 1911 velit.
294 1880 437 1911 scelerum
450 1877 626 1921 magnitudo
638 1898 646 1911 ‚
656 1878 839 1908 conscientia
848 1876 1068 1907 maleficiorum
1079 1896 1086 1909 ,
1098 1876 1145 1905 di—

188 1924 284 1962 reptio
295 1923 358 1961 ejus
369 1923 502 1962 pecunia:
514 1940 522 1954 ‚
541 1921 626 1960 cujus
640 1921 715 1949 ratio
733 1921 767 1949 in
778 1919 840 1949 aede
850 1919 923 1958 Opis
942 1917 1080 1948 coufe8m
1089 1919 1142 1950 est,

190 1966 266 1995 lianc
278 1965 393 1994 tertiam
410 1963 562 1993 decuriam
580 1962 775 2003 excogitavit:
799 1970 855 1990 nec
870 1959 939 1990 ante
950 1969 1049 1999 turpes
1061 1959 1146 1999 judi-

190 2016 239 2036 ces
253 2004 362 2047 quaesiti
376 2025 384 2039 ‚
402 2010 416 2033 7
427 2004 517 2046 quam
528 2002 663 2034 honestis
670 2002 821 2043 judicibus
835 2002 991 2031 nocentium
1003 2001 1082 2041 stilus
1094 2002 1145 2031 de-

190 2049 299 2088 sperata
308 2046 361 2077 est.
385 2043 400 2066 8
411 2046 466 2077 Sed
476 2046 552 2076 illud
566 2055 615 2079 os,
631 2045 714 2076 illam
726 2046 930 2084 impuritatem
944 2046 1025 2074 coeni
1033 2042 1145 2076 fecisse,

189 2099 223 2120 ut
234 2089 412 2129 hosjudices
422 2089 518 2130 legere
527 2087 663 2118 auderet!
679 2096 810 2127 quorum
822 2085 952 2116 lectione
962 2085 1076 2126 duplex
1086 2087 1147 2115 im-

189 2133 369 2172 primeretur
384 2132 456 2171 reip.
471 2130 617 2160 dedecus:
636 2139 744 2163 unum,
759 2127 842 2169 quod
854 2137 913 2158 tam
925 2127 1147 2168 turpesjudices

192 2170 303 2203 ess'ent:
321 2173 445 2202 alterum
458 2191 466 2205 ‚
484 2170 566 2213 quod
577 2169 756 2211 patefaeium
767 2168 839 2200 effet
850 2191 859 2204 ‚
877 2170 971 2211 quarn
983 2170 1098 2199 multos
1116 2171 1150 2199 in

189 2216 311 2245 civitate
321 2216 432 2254 turpeis
450 2215 635 2244 haberemus.
658 2217 673 2240 9
688 2215 774 2242 Hanc
782 2222 852 2253 ergo
862 2232 870 2245 ,
893 2212 1062 2252 &reliquas
1073 2211 1150 2251 ejus—

195 2255 284 2286 modi
300 2257 376 2297 leges
387 2275 396 2289 ‚
414 2257 503 2285 etiam
515 2253 534 2284 si
545 2254 604 2285 fine
615 2255 656 2288 vi,
669 2255 755 2285 salvis
766 2255 916 2294 auspiciis,
928 2252 1021 2284 essent
1030 2262 1147 2294 rogatae,

194 2298 348 2329 censerem
363 2306 463 2326 tamen
482 2295 672 2337 abrogandas.
698 2299 726 2315 ¹0
739 2305 821 2325 nunc
836 2305 909 2325 vero
919 2306 972 2325 cur
981 2305 1045 2325 non
1063 2295 1149 2325 abro-

194 2340 302 2380 gandas
310 2340 456 2371 censeam,
467 2339 553 2378 quasj
561 2338 648 2368 udico
659 2347 723 2367 non
733 2346 845 2375 rogatas
858 2340 870 2365 ἓ
891 2339 940 2366 An
950 2337 1001 2366 illa
1010 2346 1073 2373 non
1088 2346 1152 2376 gra-

196 2379 323 2411 viffimis
333 2382 529 2422 ignominiiS‚
546 2379 814 2418 monumentisque
825 2378 913 2416 hujus
923 2377 1037 2406 ordinis
1048 2376 1083 2406 ad
1094 2387 1150 2416 po-

196 2422 334 2454 steritatis
343 2424 524 2453 memoriam
535 2440 543 2455 ‚
556 2421 625 2452 suut
637 2419 767 2451 notanda
777 2439 786 2453 ‚
806 2418 890 2460 qubd
907 2428 985 2448 unus
996 2420 1040 2448 M.
1053 2421 1152 2448 Anto-

238 2536 259 2552 i.
280 2531 357 2554 cavet
366 2526 486 2559 animm]
510 2524 589 2551 Haud
599 2525 676 2551 aliter
687 2525 760 2550 Man.
770 2525 797 2549 &
811 2523 906 2550 Laiub.
917 2524 944 2549 &
956 2521 1039 2549 τεᾶς.
1059 2521 1103 2548 sed
1115 2530 1154 2548 ta-

202 2571 262 2589 mer.
272 2561 320 2588 edd
328 2583 333 2588 .
344 2562 446 2597 priores
456 2562 483 2586 ὃ(
495 2560 552 2587 mss.
564 2561 657 2592 nostri,
668 2564 747 2586 Pavet
757 2563 862 2586 anImm.

237 2607 265 2624 2.
280 2602 319 2624 Ex
319 2599 428 2631 judicum
433 2607 515 2631 genere
523 2597 661 2630 &fiii-mm]
673 2596 790 2632 Qiidzim
801 2595 862 2622 libri
873 2595 999 2626 Ferrarii,
1009 2604 1038 2625 O
1042 2595 1153 2627 fortuna.

238 2642 252 2669 3
260 2654 265 2659 .
285 2637 346 2659 Num
354 2636 411 2666 leges
422 2635 523 2666 nostras,
532 2633 599 2667 donc]
613 2632 707 2659 Lamb.
719 2633 746 2658 Sc
759 2633 832 2659 Man.
842 2642 898 2658 num
907 2632 967 2666 quod
975 2634 1103 2657 maximum
1113 2632 1152 2662 est,

200 2671 267 2703 leges.
289 2669 378 2695 malim
389 2669 460 2705 quod
471 2669 552 2695 iidem
563 2669 661 2695 habent
671 2668 702 2695 ad
713 2678 786 2695 orani
798 2679 804 2695 :
826 2669 944 2703 numquod
953 2674 1022 2701 caput
1031 2669 1076 2699 eff,
1087 2668 1155 2700 leges.

202 2705 291 2740 scripti
302 2713 388 2732 tamen
401 2706 480 2732 nostri
493 2705 557 2731 nihil
568 2705 662 2731 horum
673 2704 826 2740 agnoscunt.

239 2749 267 2774 4.
286 2742 358 2774 “Qem
368 2743 401 2766 ad
416 2744 477 2767 hunc
486 2751 541 2767 rcus
558 2742 661 2777 alle-geu]
683 2742 725 2767 sic
736 2742 764 2767 sc
777 2740 843 2767 l’all.
855 2739 906 2766 sec.
924 2740 952 2766 &
965 2740 1077 2766 Mauric.
1097 2748 1156 2765 nam

206 2777 322 2812 vulgata,
332 2778 519 2811 quemadmodum
528 2778 561 2803 ad
568 2779 640 2804 hunc.
657 2786 683 2805 at
695 2777 751 2804 Pal.
762 2785 803 2814 pr.
813 2777 918 2811 quomodo
927 2776 960 2802 ad
967 2777 1028 2802 hunc
1037 2786 1093 2801 rcus
1103 2778 1159 2801 alle-

199 2820 238 2847 get
249 2817 258 2839 ?
277 2814 464 2847 quemadmodum
473 2813 506 2839 ad
513 2816 574 2840 hunc
585 2814 682 2839 accedat
692 2817 702 2839 ,²

244 2857 270 2882 5.
290 2850 342 2881 Effl'
360 2850 508 2883 conJeHnm]
530 2849 654 2883 Coiijecit
672 2848 739 2876 istud
760 2847 895 2875 ViStorius
910 2847 958 2874 lib.
971 2857 997 2875 x.
1017 2848 1081 2874 Var.
1093 2846 1158 2874 leg’c.

205 2892 261 2920 (πρ.
274 2892 300 2918 7.
312 2884 382 2920 prius
393 2885 463 2911 enim
475 2887 685 2922 colleft'ummtque
695 2885 774 2911 aliter
786 2884 843 2911 mss.

242 2920 270 2946 6.
288 2921 424 2953 ngsJocios
435 2921 467 2946 ad
482 2924 561 2954 epulas
570 2923 667 2955 hospites
677 2923 760 2947 babere
769 2931 831 2947 mmo
848 2920 934 2955 cuelin]
957 2920 1095 2946 Invenitur
1108 2919 1161 2945 haec

205 2955 288 2982 leciio
307 2957 333 2982 'iii
353 2955 475 2982 omnibus
495 2957 588 2983 uostris
600 2958 657 2984 mss.
676 2959 739 2984 item
761 2957 932 2983 Feri-arianis.
954 2956 1054 2983 indicat
1072 2963 1159 2982 tamen

206 2991 351 3018 Lambinus
362 2992 516 3018 Vaticanum
527 2993 662 3029 exemplar
671 2993 810 3020 detrahere
820 2992 963 3025 illudfhcios
974 2993 1006 3018 ad
1013 2994 1093 3025 epulas
1103 3003 1110 3024 ,-
1121 2999 1162 3018 at·-

205 3036 257 3064 que
267 3027 494 3054 inclemeiuiffimc
506 3029 639 3055 iiiveliitiii·
649 3030 675 3056 iii
685 3030 816 3066 optimum
828 3028 990 3059 Vie'toriuin,
1014 3028 1039 3054 ui
1051 3028 1159 3054 Lxxix.

205 3073 261 3100 cap.
276 3073 315 3091 ii.
335 3063 482 3098 conjecerat
498 3065 574 3097 hospes
584 3066 677 3091 habere.
696 3066 758 3101 quin
770 3064 945 3101 proculdubio
964 3068 1007 3091 nol
1022 3073 1076 3090 ram
1096 3064 1161 3090 lianc

203 3099 358 3136 scripturam
369 3107 506 3126 invenerat
517 3100 542 3125 iii
555 3099 628 3126 libris
640 3100 689 3127 suis
701 3101 815 3138 scriptis.

239 3144 267 3171 7.
286 3135 368 3171 Qtim
376 3136 592 3168 honestisjndiciom
604 3155 611 3167 ,
621 3137 687 3170 εἶχε]
709 3137 887 3164 Mauricianus
900 3137 1006 3170 judiciis.
1027 3137 1105 3165 restat
1118 3143 1157 3164 ta-

205 3180 265 3201 men
275 3173 358 3201 altera
367 3172 394 3199 in
405 3171 474 3199 Pau.
485 3172 603 3208 quamvis
614 3174 641 3198 ὅ(
653 3173 699 3201 illa
708 3173 736 3201 in
748 3174 955 3202 Manu-antium.

1166 127 1705 178 CICERONIS

1171 206 1240 235 nius
1256 207 1289 236 in
1300 206 1352 236 hac
1364 204 1435 236 urbe
1452 204 1519 245 post
1528 205 1632 238 urbem
1651 207 1805 238 conditam
1827 206 1922 248 palam
1944 205 2043 238 secum
2066 208 2117 239 hm

1171 246 1236 277 buit
1254 256 1398 279 armatos?
1417 247 1499 288 quod
1513 257 1608 288 neque
1618 259 1699 290 reges
1714 248 1848 281 fecerunt
1859 270 1866 284 ‚
1886 260 1983 290 neque
1995 251 2017 279 ii
2032 270 2038 282 ,
2057 252 2122 290 qui,

1171 289 1288 331 regibus
1300 287 1423 322 exaffis,
1435 298 1560 332 regnum
1571 300 1710 331 occupare
1719 293 1892 323 voluerunt.
1918 295 2048 322 Cinnam
2061 301 2128 321 me-

1173 333 1272 362 mini:
1295 331 1358 361 vidi
1376 330 1512 361 Sullam:
1535 331 1630 362 modo
1649 334 1801 365 Caesarem.
1826 335 1858 365 hi
1875 335 1959 365 enim
1982 342 2041 363 trcs
2063 331 2130 373 post

1171 375 1324 404 civitatem
1339 372 1354 402 a
1365 374 1399 402 L.
1414 374 1505 402 Bruto
1519 371 1671 404 liberatam
1682 395 1690 408 ‚
1711 376 1778 416 plus
1790 385 1952 416 potuerunt
1961 384 2049 416 quam
2062 375 2132 405 uni-

1173 416 1252 460 versa
1263 415 1335 455 resp.
1349 423 1412 444 non
1429 411 1551 454 possum
1571 413 1715 447 affirmare
1726 436 1734 450 ,
1756 418 1848 447 nullis
1860 417 1928 448 telis
1939 427 1991 447 eos
2011 416 2132 457 stipatos

1173 455 1260 487 fuisle
1273 467 1277 486 :
1301 458 1359 486 hoc
1369 455 1439 486 dico
1449 475 1457 489 ‚
1473 465 1529 486 nec
1539 457 1644 487 multis
1655 477 1663 491 ,
1685 458 1719 491 (y-
1729 459 1847 488 occultis.
1870 462 1910 489 At
1924 461 1998 489 hanc
2016 458 2130 499 pestem

1174 508 1282 539 agmen
1291 506 1474 529 armatorum
1485 497 1675 538 sequebatur:
1700 498 1845 530 Claffitius
1855 520 1863 535 ,
1878 500 2024 534 Mustela,
2041 501 2132 533 Tiro,

1175 540 1289 581 gladios
1300 538 1500 572 ostentantes,
1521 539 1566 569 sui
1585 539 1708 570 simileis
1724 551 1828 582 greges
1846 541 1991 572 ducebant
2008 551 2059 582 per
2080 540 2132 571 fo-

1177 592 1262 612 rum:
1284 590 1401 613 certum
1419 582 1549 622 agminis
1569 581 1670 612 locum
1689 583 1830 613 tenebant
1846 583 1958 614 barbari
1985 583 2134 625 sagittarii.

1177 634 1247 654 cum
1258 633 1358 654 autem
1371 632 1430 653 erat
1439 632 1564 653 ventum
1573 622 1608 653 ad
1619 623 1715 653 aedem
1727 624 1903 655 Concordiae
1914 645 1922 658 ‚
1934 625 2039 666 gradus
2049 634 2136 656 com-

1179 666 1353 706 plebantur,
1371 664 1484 695 lefticae
1499 665 1734 696 collocabantur:
1757 675 1822 696 non
1840 675 1902 706 quo
1920 667 1971 695 ille
1990 667 2068 696 scuta
2082 676 2136 696 oc-

1179 708 1258 738 culta
1269 706 1325 738 ess'e
1336 707 1426 738 vellet
1438 727 1446 741 ‚
1465 706 1514 736 sed
1524 717 1562 736 ne
1571 706 1733 737 familiares
1745 728 1753 742 ‚
1764 706 1785 737 s1
1796 708 1874 738 scuta
1884 705 1936 747 ipsi
1945 706 2057 737 ferrent
2066 727 2074 741 ,
2093 708 2137 738 la-

1182 750 1328 780 borarent.
1353 748 1432 780 Illud
1447 748 1518 778 vero
1537 751 1734 779 taeterrimum
1752 749 1874 783 auditu,
1894 759 1958 779 non
1978 748 2072 778 modo
2088 749 2140 778 ad·
2160 757 2178 790 7

1183 791 1293 831 speetu,
1307 793 1339 821 in
1352 791 1434 821 caella
1446 790 1624 821 Concordiae
1633 790 1775 821 collocari
1785 799 1914 821 armatos
1926 810 1934 824 ,
1947 790 2094 823 latrones,
2104 788 2140 819 si-

1180 835 1274 863 carios
1287 843 1291 862 :
1315 834 1331 863 ἐ
1344 832 1459 872 templo
1471 842 1619 862 carcerem
1633 830 1696 862 fieri
1709 843 1715 862 z
1737 836 1763 853 ¹¹
1777 834 1888 872 opertis
1901 830 1996 863 valvis
2007 834 2142 862 Concor·

1182 874 1240 906 diae
1252 895 1260 908 ‚
1278 873 1350 905 cum
1365 876 1443 904 inter
1453 874 1589 904 subsellia
1603 874 1718 904 senatus
1728 875 1911 905 versarentur
1925 874 2054 903 latrones
2065 893 2073 907 ‚
2092 882 2144 913 pa-

1183 925 1241 946 tres
1251 916 1435 956 conscriptos
1449 916 1609 946 sententias
1621 916 1727 945 dicere.
1752 919 1820 946 Huc
1831 918 1921 946 etiam
1941 913 1996 945 nisi
2006 917 2143 945 venirem

1184 957 1472 998 Kalendseptemb.
1491 956 1590 988 fabros
1604 957 1633 987 se
1642 956 1821 992 missurum,
1844 958 1876 987 ὃς
1895 957 2023 988 domum
2042 965 2143 987 meam

1183 1000 1415 1030 disturbaturum
1425 997 1484 1029 effe
1503 999 1590 1029 dixit.
1614 1001 1723 1039 Magna
1735 1008 1780 1029 res
1792 1021 1800 1032 ,
1815 999 1903 1029 credo
1915 1019 1923 1033 ‚
1935 999 2081 1040 agebatur.
2106 997 2144 1028 dc

1184 1042 1399 1082 supplicatione
1418 1040 1606 1071 referebatur.
1631 1043 1710 1071 Veni
1728 1041 1871 1081 postridie
1891 1051 1897 1070 z
1929 1041 1989 1081 ipse
2008 1050 2072 1070 non
2090 1049 2146 1070 ve-

1184 1085 1241 1113 nit.
1265 1083 1383 1113 locutus
1393 1083 1458 1112 sum
1469 1082 1505 1112 de
1519 1092 1581 1122 rep.
1598 1081 1700 1112 minus
1710 1082 1850 1123 equidem
1860 1081 1961 1116 libere,
1975 1082 2065 1123 quam
2077 1090 2145 1112 mea

1181 1124 1384 1155 consuetudo:
1407 1122 1532 1153 liberius
1553 1133 1655 1154 tamen
1671 1144 1679 1156 ‚
1699 1126 1791 1164 quam
1810 1124 1958 1164 pericula,
1990 1125 2143 1164 minaeque

1184 1165 1383 1206 postulabant.
1413 1164 1513 1195 Atille
1522 1165 1620 1195 homo
1644 1166 1809 1195 vehemens
1821 1185 1829 1199 ,
1850 1166 1883 1196 &
1897 1166 2050 1196 violentus
2064 1186 2073 1199 ‚
2093 1165 2145 1205 qui

1184 1210 1259 1237 hanc
1287 1205 1541 1237 consuetudinem
1563 1205 1656 1236 libere
1682 1206 1805 1236 dicendi
1829 1207 2000 1236 excluderet
2026 1206 2146 1245 (fecerat

1185 1251 1269 1280 enim
1281 1250 1339 1279 hoc
1359 1248 1442 1278 idem
1461 1249 1595 1278 maxima
1609 1257 1680 1278 cum
1698 1247 1784 1278 laude
1804 1250 1839 1278 L.
1851 1248 1918 1279 Piso
1938 1257 2016 1278 xxx.
2038 1247 2144 1277 diebus

1185 1300 1252 1321 ante
1271 1291 1334 1330 me)
1356 1290 1533 1320 inimicitias
1551 1290 1631 1319 mihi
1647 1289 1839 1320 denuntiavit
1854 1300 1859 1319 :
1881 1287 1976 1320 adesse
1994 1291 2026 1319 in
2044 1289 2145 1319 senatu

1183 1335 1192 1373 j
1198 1331 1265 1363 ussit
1275 1332 1309 1363 ad
1320 1342 1401 1362 xru.
1412 1331 1540 1362 Kalend.
1551 1330 1662 1362 ostob.
1676 1332 1737 1372 ipse
1751 1333 1862 1362 interea
1875 1331 1979 1362 decem
1991 1331 2023 1361 δε
2034 1330 2149 1370 septem

1185 1375 1248 1405 dies
1259 1378 1286 1395 ¹²
1305 1374 1349 1413 (ur
1359 1372 1605 1415 digestiopotius‚
1616 1373 1707 1414 quam
1723 1373 1902 1404 declamatio
1912 1393 1920 1407 ,
1933 1373 2094 1412 videretur)
2112 1372 2151 1402 de

1186 1426 1236 1446 me
1253 1418 1286 1446 in
1300 1415 1468 1447 Tiburtino
1485 1417 1634 1455 Scipionis
1656 1415 1878 1449 declamitavit,
1900 1414 1978 1445 sitim
1997 1423 2146 1455 quaerens.

1186 1460 1248 1489 haec
1270 1459 1354 1488 enim
1375 1459 1402 1487 ei
1419 1458 1504 1488 causa
1520 1455 1577 1487 effe
1602 1457 1678 1488 solet
1696 1456 1893 1488 declamandi.
1925 1459 2003 1487 Cum
2023 1459 2048 1486 is
2070 1455 2145 1490 dies,

1184 1510 1245 1541 quo
1257 1510 1306 1530 mc
1318 1497 1413 1530 adesse
1424 1497 1554 1537 jusserat,
1565 1497 1704 1533 veniffet,
1717 1507 1782 1529 tum
1794 1498 1866 1529 vero
1876 1501 1996 1540 agmine
2004 1497 2146 1539 quadrato

1188 1545 1220 1572 'in
1240 1541 1337 1573 aedem
1360 1541 1537 1571 Concordiae
1553 1542 1666 1575 ¹venit,
1686 1549 1773 1581 atque
1791 1542 1825 1570 in
1843 1550 1893 1570 me
1910 1540 2062 1570 absentem
2081 1548 2150 1569 ora-

1187 1586 1306 1615 tionem
1317 1593 1367 1613 ore
1378 1581 1581 1622 impurissimo
1600 1584 1747 1614 evomuit.
1770 1592 1831 1623 quo
1842 1582 1890 1612 die
1901 1601 1909 1615 ,
1929 1580 1949 1611 fi
1968 1591 2021 1621 per
2035 1582 2150 1611 amieos

1189 1627 1267 1656 mihi
1279 1626 1415 1665 cupienti
1431 1626 1465 1653 in
1479 1624 1614 1654 senatum
1629 1625 1734 1654 venire
1751 1622 1896 1657 licuifl'et‚
1916 1624 2005 1654 caedis
2021 1623 2149 1652 initium

1187 1666 1301 1698 feciss'et
1317 1668 1333 1697 a
1353 1676 1412 1696 me.
1437 1664 1473 1695 sic
1496 1667 1580 1695 enim
1602 1665 1746 1696 statuerat.
1777 1675 1848 1695 cum
1867 1673 1967 1695 autem
1988 1664 2073 1704 semel
2086 1664 2150 1704 gla-

1189 1709 1276 1740 dium
1295 1708 1402 1739 scclere
1421 1705 1574 1737 imbuisset
1587 1727 1596 1741 ‚
1616 1707 1700 1737 nulla
1709 1716 1755 1737 res
1765 1708 1793 1737 ei
1805 1705 1898 1736 finem
1915 1706 2073 1739 caedendi,
2093 1703 2149 1735 nist

1187 1750 1358 1791 defatigatio
1369 1770 1377 1783 ,
1390 1749 1423 1779 &
1433 1749 1546 1779 fatietas
1559 1768 1567 1782 ‚
1587 1746 1737 1778 attuliffet.
1761 1750 1874 1778 etenim
1890 1748 1986 1778 aderat
1996 1749 2032 1777 L.
2049 1746 2148 1781 frater,

1188 1792 1334 1834 gladiator
1343 1789 1485 1821 Asiaticus
1495 1810 1503 1823 ‚
1515 1792 1569 1831 qui
1580 1790 1731 1820 mirmillo
1740 1788 1860 1830 Mylafis
1869 1789 2047 1830 depugnarat
2058 1799 2063 1817 :
2081 1788 2149 1818 san-

1189 1836 1313 1875 guinem
1332 1831 1472 1863 nostrum
1490 1830 1622 1865 fluebat,
1641 1832 1729 1861 suum
1746 1833 1779 1861 in
1793 1832 1844 1862 illa
1865 1831 2039 1873 gladiatoria
2050 1839 2150 1871 pugna

1190 1876 1322 1906 multum
1334 1873 1512 1915 profuderat.
1537 1874 1589 1904 hic
1597 1875 1738 1913 pecunias
1751 1872 1866 1904 nostras
1884 1871 2062 1903 aestimabat:
2081 1871 2150 1912 pos-

1188 1916 1327 1948 sessiones
1346 1915 1466 1946 notabat
1482 1915 1516 1946 &
1537 1915 1662 1946 urbanas
1683 1915 1716 1945 &
1733 1914 1869 1945 rusticas:
1890 1915 1979 1956 hujus
2002 1914 2154 1944 mendici-

1189 1969 1230 1990 tas
1240 1958 1384 1988 aviditate
1394 1958 1463 1997 conj
1468 1956 1568 1991 unfita,
1579 1959 1613 1987 in
1622 1956 1758 1987 fortunas
1767 1956 1881 1988 nostras
1890 1955 2073 1987 imminebat
2085 1967 2090 1984 z
2101 1955 2152 1986 di-

1187 2001 1308 2032 videbat
1316 2010 1400 2043 agros
1410 2020 1418 2034 ,
1430 1999 1540 2040 quibus
1551 2019 1560 2033 ,
1575 1999 1694 2040 &quos
1703 1999 1838 2030 volebat:
1857 1999 1959 2029 nullus
1975 1997 2073 2028 aditus
2093 2005 2154 2028 erat

1188 2045 1321 2084 privato,
1341 2042 1424 2072 nulla
1442 2042 1588 2082 aequitatis
1610 2041 1788 2081 deprecatio.
1820 2049 1936 2071 tantum
1956 2040 2082 2081 quisque
2100 2041 2154 2070 ha-

1190 2085 1276 2116 bebat
1297 2082 1441 2125 poss'ess'or
1457 2104 1466 2118 ‚
1496 2091 1645 2124 quantum
1671 2084 1831 2124 reliquerat
1852 2082 1966 2114 divisor
1984 2082 2149 2112 Antonius.

1192 2129 1266 2169 Qae
1278 2135 1460 2168 quamquam
1470 2146 1479 2159 ‚
1491 2124 1510 2154 sl
1521 2126 1600 2165 leges
1609 2126 1704 2156 irritas
1713 2124 1843 2155 feceritis
1852 2145 1860 2159 ‚
1873 2133 1931 2155 rata
1941 2122 1999 2156 esse
2010 2133 2073 2154 non
2083 2122 2154 2162 pos-

1191 2170 1276 2200 sunt:
1301 2178 1401 2199 tamen
1416 2168 1570 2208 separatim
1584 2167 1636 2197 suo
1647 2168 1777 2197 nomine
1787 2166 1917 2197 notanda
1926 2166 2033 2196 censeo
2045 2174 2050 2193 :
2068 2163 2154 2203 judi-

1193 2211 1401 2252 candumque,
1423 2210 1524 2240 nullos
1543 2209 1739 2249 septemviros
1760 2207 1866 2238 fuiffe:
1885 2208 1964 2237 nihil
1980 2206 2093 2246 placere
2107 2215 2152 2236 ra-

1195 2262 1261 2284 tum
1272 2251 1330 2283 effe
1341 2273 1349 2286 ‚
1364 2251 1447 2292 quod
1456 2251 1493 2282 ab
1505 2253 1541 2280 iis
1551 2251 1652 2280 :ustum
1663 2251 1820 2281 diceretur.
1844 2251 1888 2279 M.
1897 2247 1970 2278 verb
1981 2249 2152 2277 Antonium
2173 2249 2191 2284 8

1195 2297 1261 2336 quis
1272 2294 1314 2325 est
1328 2315 1336 2328 ‚
1356 2296 1408 2335 qui
1426 2295 1525 2323 civem
1542 2291 1629 2332 poffit
1641 2291 1775 2332 judicare
1790 2292 1909 2330 potiuS‚
1930 2289 2155 2330 quamtaeterri-

1198 2346 1285 2366 mum
1296 2356 1305 2370 ,
1324 2336 1356 2365 δε
1364 2332 1601 2365 crudelissimum
1616 2332 1734 2362 hostem
1746 2352 1755 2366 ‚
1772 2334 1823 2372 qui
1834 2341 1888 2370 pro
1898 2330 2026 2362 Castoris
2037 2330 2099 2361 aede
2109 2331 2156 2361 se-

1196 2376 1422 2410 dens‚audiente
1430 2373 1781 2415 pop-Rom.dixerit‚mss
1789 2372 1935 2406 viliorem,
1951 2371 2100 2402 visturum
2109 2382 2158 2403 ne-

1197 2419 1322 2448 minem?
1333 2427 1409 2447 num
1419 2417 1539 2457 putam,
1551 2418 1583 2446 Ρ.
1594 2418 1627 2446 C.
1639 2413 1747 2446 dixiffe
1759 2425 1830 2446 eum
1840 2413 1990 2446 minacius
1999 2433 2009 2450 ‚
2023 2419 2049 2442 ²³
2061 2414 2154 2456 quam

2059 2455 2158 2488 faau-

1237 2520 1264 2546 8.
1283 2521 1327 2546 Sed
1335 2520 1392 2545 idad
1403 2529 1439 2551 os,
1449 2521 1511 2545 illam
1521 2522 1683 2552 impuritatem
1697 2518 1887 2553 cmnifeczffint]
1910 2518 1975 2544 Haee
1984 2517 2020 2544 est
2030 2517 2157 2554 striptura

1197 2555 1325 2582 libroruin
1337 2557 1400 2582 olim
1413 2555 1568 2582 excusorum
1581 2575 1589 2587 ‚
1608 2562 1687 2591 :itque
1699 2554 1756 2581 mss'.
1772 2564 1832 2581 num
1844 2556 1916 2580 Man.
1928 2554 1955 2579 &
1967 2553 2060 2581 Lamb.
2076 2554 2158 2588 fiuffe.

1197 2592 1253 2618 Pal.
1265 2601 1306 2628 pr.
1326 2592 1385 2618 loco
1397 2595 1453 2618 cerm*
1463 2591 1540 2618 habet
1559 2591 1719 2618 lacuniilam.
1738 2590 1788 2617 sec.
1799 2592 1862 2617 vero
1882 2590 1920 2617 ita
1928 2589 2037 2626 striptus
2048 2590 2084 2617 est
2097 2609 2105 2622 ‚
2125 2597 2156 2617 ut

1197 2628 1320 2665 praeferat
1331 2629 1440 2654 omnino
1454 2637 1543 2654 cciii.
1554 2627 1582 2653 δε
1593 2627 1736 2655 videndum
1745 2626 1919 2654 acutioribus.
1930 2635 2028 2653 numne
2038 2626 2096 2652 heic
2105 2635 2156 2653 nu-

1199 2674 1287 2691 merus
1297 2665 1413 2695 iudicum
1425 2664 1508 2691 latere
1516 2663 1604 2699 possit.

1232 2709 1260 2736 9.
1282 2701 1546 2734 Hanccigo&rcliqua
1558 2719 1565 2731 ,
1584 2700 1652 2734 Hya]
1673 2699 1762 2735 Vulgo
1782 2708 1826 2733 ego.
1847 2698 1889 2725 sed
1902 2698 2018 2726 nostrum
2034 2697 2111 2725 restat
2128 2697 2156 2725 in

1199 2737 1365 2764 pall-Maur.
1385 2738 1414 2763 Sc
1431 2736 1533 2772 scriptis
1552 2736 1656 2772 aliquot
1673 2735 1809 2768 Ferrarii,
1833 2734 1993 2771 videturque
2015 2734 2157 2761 vehemen-

1200 2782 1263 2800 tius.

1238 2819 1280 2836 io.
1299 2814 1378 2845 Qme
1386 2809 1442 2835 <verb
1452 2818 1495 2835 cur
1504 2816 1548 2833 non
1558 2808 1703 2840 abrogandas
1712 2807 1814 2841 eeiifiiam
1824 2826 1832 2839 ,
1841 2807 1909 2841 &ej
1930 2806 1996 2832 Haec
2005 2805 2041 2832 est
2052 2813 2158 2842 recepta

1199 2845 1290 2872 lessio.
1313 2854 1340 2872 at
1353 2846 1408 2873 l’al.
1424 2844 1472 2871 sec.
1484 2845 1512 2870 ὅτ
1524 2844 1610 2869 Maur.
1621 2852 1664 2868 cm·
1672 2845 1750 2876 abrog.
1762 2843 1813 2869 fine
1825 2843 1946 2878 negativa
1957 2861 1965 2873 ‚
1984 2849 2041 2877 quae
2053 2851 2103 2868 non
2115 2842 2158 2868 lo-

1199 2883 1253 2909 liini
1265 2882 1333 2909 abest
1345 2882 1400 2909 Pal.
1413 2892 1453 2918 pr.
1464 2879 1506 2908 sed
1517 2879 1597 2907 ctiam
1608 2888 1660 2905 cur.
1678 2878 1746 2905 illud
1756 2888 1800 2904 non
1810 2878 1890 2904 etiam
1901 2877 2023 2914 neglexit
2041 2879 2115 2905 Man.
2127 2886 2159 2905 ac

1201 2919 1297 2946 Lainb.
1374 2943 1376 2945 ,
1448 2916 1453 2919 ’

1240 2965 1247 2981 i
1259 2964 1280 2981 i.
1299 2954 1387 2989 Operti-r
1397 2952 1482 2978 valmis
1492 2951 1645 2986 Concordia]
1659 2949 1739 2977 Haud
1750 2949 1820 2977 secus
1831 2949 1911 2977 ctiam
1924 2948 2066 2977 Pal.scc.&
2077 2950 2157 2977 Mau-

1201 2992 1246 3018 rit.
1262 3001 1313 3018 non
1325 2990 1424 3023 apertis,
1439 2994 1468 3014 ut
1478 2988 1543 3015 olim
1554 2987 1616 3014 cusi.

1239 3037 1279 3054 12.
1288 3030 1325 3058 XlJc
1335 3026 1423 3059 digestio
1428 3027 1506 3057 potitu-
1515 3022 1587 3059 quom
1598 3024 1734 3049 declamatio
1743 3022 1909 3057 videretur.)]
1921 3023 2021 3048 Totum
2031 3021 2098 3050 istud
2109 3021 2156 3049 ab·

1180 3081 1182 3090 ,
1194 3063 1285 3097 jecere
1295 3064 1368 3089 Maii.
1378 3062 1406 3087 &
1418 3059 1512 3086 Lauib.
1523 3059 1593 3086 suasu
1606 3059 1720 3086 Ferrarii
1734 3079 1741 3091 ,
1751 3059 1797 3095 qui
1807 3066 1895 3086 tamen
1907 3058 2007 3086 fatetur
2016 3057 2118 3085 exstare
2127 3058 2155 3085 in

1202 3098 1252 3125 suis
1263 3097 1385 3125 omnibus
1397 3105 1404 3127 3
1418 3095 1542 3131 idemque
1553 3096 1633 3122 testor
1643 3094 1676 3122 de
1687 3095 1755 3121 Pali.

1200 3170 1218 3197 d
1241 3143 1281 3170 ¹3-
1302 3132 1383 3167 §turim
1394 3133 1520 3168 samarcam
1531 3131 1629 3168 fusffe]
1652 3130 1746 3159 Distio
1757 3131 1828 3166 fitlffe
1841 3149 1850 3164 ,
1868 3131 1934 3160 mihi
1943 3129 2101 3168 supervacua
2116 3129 2157 3157 vi-

1178 3190 1182 3211 Ι
1221 3178 1289 3198 (GU-ls-
2073 3208 2098 3229 ι.
2107 3197 2161 3228 Ml
