2316 3395
157 543 198 576 16

213 126 302 172 116
615 123 684 170 M.
771 122 1125 170 TULL11

209 205 270 236 lam
283 205 311 236 se
323 223 331 238 ,
350 204 444 235 autad
456 204 528 235 talos
540 225 548 239 ‚
568 205 662 235 autad
681 204 794 235 tesseras
809 204 988 239 conferunt,
1007 212 1057 235 aut
1074 204 1166 233 etiam

210 257 327 277 novum
340 245 454 286 sibiipsi
464 247 593 288 aliquem
605 256 678 277 exeo
700 249 772 276 itant
782 249 813 276 in
825 248 889 276 otio
899 246 1006 276 ludum
1027 257 1032 275 :
1047 244 1084 275 sic
1095 244 1168 274 illia

213 291 342 329 negotiis
351 289 478 329 publicis
490 309 496 322 ‚
518 298 655 328 tanquam
667 258 701 318 αἱ
713 297 801 327 opere
811 297 859 317 aut
868 288 1054 328 temporibus
1064 286 1169 317 exclu-

213 329 233 360 si
247 351 254 364 ‚
275 340 323 361 aut
334 330 488 360 voluntate
507 331 554 360 sua
569 330 665 359 feriati
676 337 755 359 totos
774 329 801 359 se
811 329 860 359 alii
872 330 906 360 ad
926 331 1025 370 po'e'tas
1035 349 1043 363 ,
1067 329 1118 358 alii
1133 326 1168 358 ad

234 381 379 402 eometras
391 392 398 404 ,
409 372 460 401 alii
470 371 503 400 ad
516 369 643 400 musicos
654 370 848 400 contulerunt
859 383 866 405 3
878 372 927 402 alii
937 374 1028 402 etiam
1039 391 1048 404 ‚
1066 379 1098 400 ut
1108 369 1170 399 dia·

214 382 315 443 lefrici
327 434 335 446 ,
357 422 472 442 novum
484 411 535 441 sibi
554 409 605 451 ipsi
618 410 751 442 studium
762 432 770 445 ‚
793 412 959 454 ludumque
969 420 1170 453 perpererunt,

216 465 303 496 atque
316 457 345 484 iii
358 457 393 483 iis
404 454 512 483 artibus
526 474 534 486 ,
558 463 621 497 qpae
634 462 753 493 reperta:
767 454 834 484 sunt
844 474 851 488 ,
874 464 904 484 ut
914 464 1074 495 puerorum
1085 463 1173 482 men-

217 499 272 527 teis
294 497 332 524 ,ια’
347 497 554 524 immanitatem
573 497 755 535 fingerentur
765 515 773 529 ,
794 505 879 536 atque
898 505 1040 526 virtutem
1053 516 1060 528 ‚
1081 504 1172 524 omne

220 547 337 577 tempus
350 557 357 569 ‚
377 545 462 577 atquc
474 545 569 566 aetates
580 536 643 566 suas
652 537 890 568 consumserunt.
933 538 989 568 Sed
1001 536 1083 578 quod
1094 543 1174 566 crant

223 580 357 620 quidam,
369 579 449 618 iique
460 578 561 611 multi,
574 579 627 618 qui
635 587 685 608 aut
695 580 727 608 in
737 588 919 620 repproprer
927 581 1101 619 ancipitem,
1111 586 1175 618 quae

219 631 282 651 non
294 619 388 660 potest
398 617 454 649 esse
466 618 616 659 sejunEta,
637 618 784 654 faciendi,
802 620 980 662 dicendique
991 622 1174 660 sapientiam,

220 661 378 694 florerent,
400 669 433 689 ut
442 660 662 691 Themistocles
673 682 681 695 ,
702 671 734 691 ut
752 663 876 693 Pericles
889 684 896 696 ‚
917 673 950 693 ut
961 664 1176 692 Theramenes,

219 712 269 734 :itit
279 723 286 736 ‚
307 705 359 743 qui
371 704 473 732 minus
493 700 545 742 ipsi
563 704 596 732 in
613 712 672 742 rep.
684 703 886 737 versarentur,
909 704 956 734 sed
979 704 1067 740 hujus
1078 711 1179 732 tamen

220 744 354 785 ejusdem
368 744 515 783 sapientia:
525 743 662 774 doctores
673 742 765 774 essent
775 765 782 778 ,
802 754 833 775 ut
844 747 968 786 Gorgias
981 766 988 779 ‚
1000 744 1180 783 Thrasyma-

220 788 294 817 chus
307 807 315 820 ,
337 786 477 816 Isociates
496 797 502 815 :
522 787 644 815 inventi
657 786 723 816 sunt
735 806 742 819 ,
762 785 894 827 quicum
905 785 957 827 ipsi
969 786 1106 816 doctrina
1118 805 1125 818 ,
1148 784 1180 813 ὅτ,

221 829 353 870 ingeniis
363 826 548 857 abundarent
559 848 567 860 ,
581 827 597 857 a
607 837 636 857 re
646 836 745 857 autem
755 828 850 861 civili,
863 829 895 858 δε
906 828 921 858 a
931 830 1060 869 negotiis
1072 848 1079 860 ‚
1091 826 1181 855 animi

224 868 457 911 quodamjmls'cio
469 888 478 902 ‚
498 869 691 899 abhorrerent
700 889 708 902 ‚
719 870 793 899 hanc
805 869 924 899 dicendi
935 871 1180 900 exercitationem

223 914 425 956 exagitarent,
442 919 527 951 atque
537 919 768 940 contemnerent
780 922 784 940 :
796 921 924 951 quorum
936 914 1073 951 princeps
1083 912 1184 940 Socra-

223 962 267 984 tes
276 955 333 983 iuit
344 974 353 986 ‚
377 954 402 982 is
413 973 422 986 ,
442 955 494 993 qui
505 954 646 981 omnium
656 951 844 982 eruditorum
856 953 1032 983 testimonio
1047 973 1054 985 ,
1078 950 1184 981 totius-

227 1004 285 1036 que
302 994 418 1034 judicio
429 996 549 1024 Graeciae
561 1014 569 1027 ,
591 992 661 1023 cum
673 994 827 1033 prudentia
842 1015 850 1028 ,
869 995 901 1025 &
911 996 1049 1025 acumine
1060 1014 1068 1027 2
1089 993 1122 1023 ἃ
1132 1002 1184 1022 ve—

225 1036 339 1067 nustate
352 1057 361 1069 ,
377 1036 409 1065 &
420 1035 580 1066 subtilitate
591 1055 598 1069 ,
611 1042 677 1064 tum
688 1034 757 1065 vero
768 1037 939 1077 eloquentia
949 1057 957 1071 ,
969 1038 1118 1067 varietate,
1133 1043 1184 1064 co-

225 1080 275 1120 pia
286 1098 294 1111 ,
311 1087 400 1119 quam
414 1078 440 1107 se
451 1087 581 1117 cumque
591 1078 624 1106 in
633 1085 746 1116 partem
757 1077 882 1108 dediiset
892 1099 900 1112 ‚
920 1080 1063 1108 omniurn
1074 1075 1132 1106 fuit
1143 1074 1186 1105 fa-

227 1120 286 1150 cile
296 1121 445 1160 princeps.
469 1121 494 1148 is
505 1139 513 1152 ,
533 1120 585 1159 qui
596 1119 658 1148 haec
670 1139 678 1151 ,
698 1129 763 1159 quae
778 1129 834 1149 nos
846 1130 928 1150 nunc
938 1121 1100 1161 quaerimus
1110 1138 1118 1151 ,
1131 1127 1186 1147 tra-

227 1161 342 1191 &arent
359 1180 367 1194 ‚
377 1171 401 1190 ·a
422 1169 505 1189 erent
515 1181 523 1193 ‚
547 1159 690 1197 docerent
707 1180 716 1194 ,
734 1160 805 1191 cuin
825 1164 955 1191 nornine
973 1160 1188 1202 appellarentur

228 1213 293 1233 uno
304 1223 313 1236 ‚
332 1171 527 1243 quodgomnis
539 1212 638 1232 rerum
649 1204 833 1242 optimarum
845 1200 980 1244 cognitio
993 1212 1098 1242 ,ratque
1110 1202 1188 1230 iniis

228 1245 403 1275 exercitatio
415 1263 423 1277 ,
442 1243 615 1286 phimfhpliici
635 1246 860 1279 nominaretur,
883 1247 940 1275 hoc
954 1253 1121 1275 commune
1131 1252 1188 1272 no-

229 1296 304 1316 rnen
323 1287 432 1325 eripuit
445 1305 454 1319 ‚
475 1286 677 1326 sapienterque
696 1286 843 1316 sentiendi
862 1307 870 1321 ,
894 1288 926 1317 &
944 1286 1048 1317 ornate
1068 1284 1187 1315 dicendi

229 1329 386 1359 scientiam
397 1347 405 1361 ,
423 1337 457 1357 re
469 1328 666 1357 cohaerenteis
677 1347 685 1360 ,
700 1327 950 1367 disputationibus
968 1329 1027 1359 suis
1037 1327 1186 1368 separavit:

230 1369 278 1407 cui
283 1379 316 1399 us
327 1370 484 1408 ingenium
496 1389 505 1402 ,
516 1369 672 1409 variosque
683 1369 836 1400 sermones
846 1370 1066 1400 immortalitati
1077 1369 1189 1407 scriptis

232 1412 291 1441 suis
302 1411 401 1444 Plato,
421 1410 542 1440 tradidit
552 1430 561 1444 ,
581 1409 653 1440 cum
664 1411 724 1450 ipse
734 1412 863 1442 litteram
876 1416 1007 1442 Socrates
1019 1411 1132 1441 nullam
1145 1419 1190 1438 re-

231 1450 374 1494 liquisset.
399 1454 482 1481 Hinc
493 1451 654 1482 discidium
666 1452 742 1482 illud
761 1453 960 1495 exstititquasi
977 1454 1087 1494 linguae
1103 1460 1189 1491 atque

230 1493 330 1525 cordis
340 1514 347 1528 ,
359 1493 520 1523 absurdum
532 1492 598 1523 sane
613 1494 763 1524 &inutile
774 1516 782 1529 ,
806 1494 1127 1536 &reprehendendum
1140 1513 1147 1526 ,
1159 1501 1192 1522 ut

233 1537 284 1565 alii
296 1546 352 1566 nos
364 1536 460 1575 sapere
472 1555 480 1569 ,
491 1536 541 1565 alii
552 1535 649 1565 dicere
659 1535 807 1567 docerent.
829 1539 909 1567 Nam
921 1558 929 1571 ,
941 1536 1013 1567 cum
1023 1534 1116 1566 effent
1125 1535 1193 1574 plu-

235 1587 281 1607 res
291 1581 348 1607 orti
359 1576 419 1607 fere
430 1576 445 1607 a
457 1580 571 1607 Socrate
584 1597 592 1610 ‚
606 1576 688 1618 quod
700 1588 737 1607 ex
749 1579 829 1608 illius
839 1581 928 1609 variis
939 1599 948 1613 ,
966 1579 998 1608 &
1009 1575 1127 1608 diverfis
1139 1597 1148 1610 ,
1162 1577 1193 1606 δε

236 1621 267 1649 iii
276 1629 403 1649 omnem
412 1627 526 1659 partem
536 1617 650 1648 diffusis
659 1619 909 1659 disputationibus
919 1621 992 1650 alius
1003 1619 1083 1650 aliud
1092 1628 1194 1659 appre-

233 1660 378 1691 henderat
387 1681 395 1695 ,
417 1661 623 1700 proseminatae
634 1661 703 1691 sunt
712 1661 790 1702 quafi
794 1662 916 1701 familia
926 1661 1106 1700 dissentientes
1116 1669 1193 1690 inter

237 1703 265 1732 se
276 1723 284 1736 ,
297 1703 330 1732 &
340 1701 475 1732 multum
487 1702 645 1742 disjunCtae
656 1723 663 1736 ‚
687 1703 720 1733 &
729 1703 856 1744 dispares
866 1724 874 1738 ‚
895 1703 966 1734 cum
977 1714 1075 1734 tamen
1086 1711 1193 1733 omnes

237 1745 266 1774 se
278 1744 450 1784 philosophi
460 1746 635 1777 Socraticos,
650 1745 682 1775 ὃς
692 1744 751 1775 dici
762 1746 876 1776 vellent
886 1765 896 1780 ,
908 1747 941 1776 δε
951 1744 1008 1776 esse
1018 1745 1194 1774 arbitraren—

239 1794 295 1816 tur.
336 1788 380 1815 Ac
388 1784 489 1825 primo
499 1785 534 1815 ab
545 1786 610 1825 ipso
619 1786 740 1817 Platone
751 1787 925 1818 Aristoteles
936 1809 944 1821 ‚
960 1788 992 1817 &
1003 1790 1194 1817 Xenocrates:

238 1837 369 1868 quorum
379 1828 452 1857 alter
460 1829 723 1866 Peripateticorum
734 1849 744 1861 ‚
757 1830 829 1859 alter
838 1829 1007 1860 Academiae
1019 1837 1132 1858 nomen
1141 1828 1197 1857 ob—

239 1871 347 1899 tinuit:
359 1868 467 1898 deinde
476 1868 512 1899 ab
523 1868 702 1899 Antisthene
715 1890 722 1903 ,
734 1873 786 1911 qui
795 1873 970 1911 patientiam
983 1891 992 1904 ‚
1013 1871 1044 1900 ὃς
1055 1870 1196 1900 duritiam

239 1913 271 1941 in
281 1913 431 1940 Socratico
449 1911 587 1940 sermone
605 1912 740 1942 maxime
750 1912 896 1942 adamarat
906 1933 914 1946 ,
934 1914 1039 1952 Cynici
1049 1910 1196 1951 primum,

237 1951 348 1982 deinde
359 1954 450 1982 Stoici
469 1963 475 1981 :
496 1961 562 1982 tum
580 1952 616 1983 ab
628 1952 798 2000 Aristippo,³
817 1964 908 1995 quein
926 1955 985 1984 illae
1005 1953 1197 1994 magisvolu-

238 2003 337 2033 ptariae
360 1993 575 2034 disputationes
598 1994 778 2025 deit—&arant
796 2016 805 2029 ,
831 1998 990 2035 Cyrenaica
1009 1994 1198 2035 philosophia

238 2037 472 2076 manavitzquam
484 2036 536 2065 ille
549 2056 558 2069 ,
572 2036 603 2065 &
615 2037 678 2075 ejus
688 2036 797 2076 posteri
809 2036 984 2078 [impliciter
994 2035 1196 2067 defenderant:

240 2079 262 2106 ii
275 2097 284 2110 ,
293 2078 345 2117 qui
354 2087 436 2107 nunc
443 2077 594 2116 voluptate
604 2080 708 2107 omnia
718 2081 901 2113 metiuntur,
914 2079 988 2109 dum
999 2076 1197 2108 verecundius

239 2118 270 2148 id
280 2127 388 2160 agunt,
410 2128 465 2148 nec
481 2118 622 2158 dignitati
633 2118 815 2150 satisfaciunt
826 2141 834 2154 ,
855 2131 944 2161 quam
957 2130 1021 2150 non
1040 2120 1198 2158 aspernan-

241 2169 299 2193 tur,
311 2170 366 2189 nec
374 2160 558 2199 voluptatem
570 2169 690 2190 tuentur
699 2180 708 2193 ‚
719 2170 808 2201 quam
819 2162 984 2201 amplexari
993 2161 1112 2190 volunt.
1124 2162 1199 2188 Fue-

243 2210 315 2231 runt
332 2203 421 2231 etiam
431 2202 486 2231 alia
495 2211 601 2242 geneia
617 2201 868 2241 philosophorum
881 2222 889 2235 ,
911 2201 973 2231 fere
983 2203 1034 2242 qui
1051 2201 1078 2231 se
1089 2210 1198 2230 omnes

244 2244 407 2273 Socraticos
418 2241 474 2272 effe
485 2243 639 2273 dicebant:
661 2246 863 2273 Eretricorum
875 2263 883 2277 ,
897 2244 1102 2274 Herilliorum
1112 2262 1120 2274 ,
1133 2243 1200 2270 Me-

243 2287 413 2325 garicorum
426 2304 434 2317 ‚
456 2285 697 2324 Pyi'rhoneorum
711 2296 718 2314 ;
737 2285 784 2315 sed
795 2295 827 2315 ea
838 2286 947 2315 horum
958 2287 1005 2319 vi,
1029 2284 1061 2313 &
1071 2283 1200 2322 disputa-

244 2326 381 2356 tionibus
391 2326 458 2356 sunt
472 2326 588 2366 jamdiu
606 2325 715 2360 fraFta,
738 2326 934 2357 &exstinCta
959 2329 1005 2356 Ex
1016 2326 1076 2355 illis
1086 2334 1197 2357 autem,

247 2377 494 2409 quaeremanent,
517 2378 550 2397 ea
559 2368 748 2408 philosophia
759 2389 767 2402 ,
789 2379 854 2410 quae
864 2369 987 2408 suscepit
997 2367 1198 2408 patrocinium

243 2410 405 2449 voluptatis
415 2430 422 2443 ,
441 2408 493 2439 etsi
503 2419 553 2439 cui
561 2419 629 2439 vem
639 2410 774 2440 videatur
785 2431 793 2444 ,
804 2410 908 2450 procul
918 2409 997 2440 abest
1008 2418 1108 2439 tamen
1118 2407 1154 2438 ab
1163 2417 1199 2438 eo

244 2461 311 2481 Viro
323 2471 330 2484 ³
342 2461 435 2492 quem
447 2452 609 2492 quaerimus
619 2471 627 2485 ‚
641 2451 674 2482 &
683 2462 774 2492 quem
785 2452 938 2482 auftorem
948 2451 1061 2492 publici
1072 2447 1201 2482 consilii,

245 2493 279 2522 &
290 2492 403 2533 regendae
413 2493 438 2521 ci
443 2494 540 2522 vitatis
556 2493 653 2521 ducem
663 2513 671 2527 ,
693 2494 726 2523 &
735 2494 888 2524 sententiae
898 2514 906 2528 ,
927 2502 1013 2534 atquc
1023 2492 1201 2532 eloquentia:

244 2536 413 2574 principem
426 2554 433 2568 ,
454 2538 488 2564 in
497 2535 597 2565 senatu
608 2555 617 2568 ,
637 2537 670 2564 in
687 2536 823 2575 populo,
844 2538 876 2566 in
894 2536 983 2566 causis
1003 2533 1130 2574 publicis
1142 2531 1200 2562 effe

246 2575 457 2605 voliimusznec
468 2576 527 2605 ulla
535 2584 635 2606 tamen
646 2578 674 2607 ei
691 2577 889 2618 philosophiae
901 2576 951 2607 fiet
960 2577 1068 2616 injuria
1077 2574 1092 2605 ἒι
1102 2574 1201 2604 nobis.

248 2627 310 2646 non
321 2619 405 2646 enim
418 2618 574 2656 repelletur
584 2618 654 2648 inde
665 2638 673 2652 ,
693 2617 756 2659 quo
765 2619 882 2660 aggredi
892 2620 990 2658 cupiet
1008 2628 1014 2646 t
1031 2616 1079 2647 sed
1089 2619 1120 2646 in
1132 2617 1201 2645 hor-

249 2659 319 2688 tulis
329 2658 525 2699 quicscetsuis
536 2679 544 2692 ,
564 2659 616 2688 ubi
626 2661 692 2690 vult
703 2680 711 2694 ,
733 2660 784 2691 ubi
796 2663 886 2691 etiam
900 2660 1039 2690 recubans
1058 2658 1201 2691 molliter,

249 2699 416 2730 &delicate
429 2720 439 2733 ,
458 2709 515 2729 nos
523 2710 627 2731 avocat
643 2700 658 2731 ὲ
676 2701 776 2733 rostris
787 2722 795 2736 ,
816 2702 831 2733 a
837 2702 979 2742 judiciis,
997 2700 1121 2734 acutia,
1141 2698 1204 2730 for-

247 2740 316 2772 tafl'e
326 2742 488 2782 sapienter,
509 2745 520 2760 ¹
532 2742 584 2772 hac
592 2743 753 2782 praesertim
764 2755 824 2785 rep.
837 2743 952 2774 Verum
963 2754 1018 2786 ego
1028 2752 1092 2773 non
1103 2751 1203 2783 qiiaero

249 2793 331 2813 nunc
344 2804 352 2816 ‚
372 2793 436 2824 quae
447 2781 481 2812 sit
488 2784 677 2824 philosophia
686 2784 833 2816 veriffima
844 2807 852 2820 ,
872 2786 921 2816 sed
932 2795 997 2827 qua:
1011 2788 1120 2816 oratori
1129 2794 1204 2815 con-

247 2824 351 2865 junlz‘ta
360 2826 506 2855 mui'me.
530 2827 626 2866 Qare
645 2825 718 2856 istos
734 2826 794 2857 sine
806 2829 866 2858 ulla
876 2827 1060 2858 contumelia
1071 2826 1204 2857 dimitta-

249 2876 328 2896 mus.
353 2867 420 2896 sunt
429 2867 512 2896 enim
524 2866 556 2896 &
569 2868 641 2896 boni
653 2870 708 2897 viri
720 2889 727 2902 ,
742 2869 774 2899 &
784 2872 927 2910 quoniam
940 2868 991 2899 sibi
1003 2871 1041 2899 ita
1051 2868 1202 2901 videntur,

250 2906 336 2936 beati.
361 2917 536 2947 tantumque
553 2917 605 2938 eos
615 2908 843 2944 admoneamus,
872 2921 904 2941 ut
914 2911 989 2941 illud
1000 2930 1009 2944 ,
1029 2912 1120 2940 etiam
1131 2909 1151 2939 fi
1162 2909 1204 2940 est

248 2947 434 2979 veriffimum
446 2968 455 2982 ,
467 2950 590 2979 tacitum
601 2957 701 2981 tamen
711 2960 861 2993 tamquam
869 2952 1058 2993 mysterium,
1071 2961 1200 2987 teneant,

1205 121 1732 168 Cicanonrs

1215 202 1297 245 qubd
1308 213 1415 243 negant
1424 204 1528 243 verfizri
1538 203 1566 232 in
1576 210 1631 246 rep.
1643 203 1836 245 effi’fizpientis,
1860 204 1952 235 Nam,
1965 200 1984 233 si
1996 203 2054 239 hoc
2062 202 2161 237 nobis,¹

1216 256 1303 287 atque
1321 248 1438 285 optimo
1448 247 1555 294 cuique
1564 246 1756 284 persuaserint
1766 266 1774 279 ,
1794 255 1856 275 non
1867 254 2008 285 poterunt
2027 243 2079 284 ipsi
2091 244 2161 278 ess'e.

1216 288 1247 318 id
1265 288 1347 328 quod
1366 289 1502 317 maxime
1520 287 1661 326 cupiunt,
1683 286 1781 317 otiosi.
1813 289 1927 317 Stoicos
1947 296 2065 320 autem,
2087 296 2163 327 quos
2188 289 2227 324 ΣΒ

1218 329 1348 359 minime
1362 328 1504 369 improbo
1515 349 1522 362 ‚
1544 328 1666 358 dimitto
1677 337 1777 358 tamen
1790 349 1796 362 ,
1819 339 1874 358 nec
1892 339 1942 358 eos
1954 330 2040 358 iratos
2050 338 2165 362 vereor,

1216 373 1359 412 quoniam
1371 372 1502 401 omnino
1514 369 1595 399 irasci
1606 370 1740 400 nesciunt
1752 381 1756 399 :
1775 379 1859 411 atque
1872 370 1945 400 hanc
1956 372 1990 399 iis
2002 370 2095 400 habeo
2106 380 2170 410 gra-

1217 416 1288 443 tiam
1301 432 1309 445 ,
1320 411 1400 453 quod
1415 411 1470 441 soli
1480 421 1517 441 cx
1527 411 1670 441 omnibus
1679 413 1881 452 eloquentiam
1894 432 1901 444 ‚
1914 420 2052 441 virtutem
2066 432 2074 444 ,
2085 422 2116 441 ac
2127 411 2171 441 sa-

1217 456 1361 494 pientiam
1374 452 1430 482 ess'e
1441 452 1583 483 dixerunt
1602 463 1607 480 2
1628 453 1677 483 sed
1688 462 1848 493 utrumque
1861 452 1903 482 cst
1913 455 1944 482 in
1955 454 2001 482 his
2012 474 2020 486 ,
2045 452 2125 493 quod
2137 452 2173 482 ab

1220 497 1276 525 hoc
1287 515 1295 528 ,
1314 504 1405 535 quem
1416 493 1592 523 instruimus
1604 514 1612 526 ,
1634 502 1747 524 oratore
1756 494 1839 523 valde
1849 494 2002 523 abhorreat
2015 505 2019 522 :
2032 495 2078 523 vel
2088 492 2171 534 qubd

1221 539 1341 567 omneis
1352 556 1360 569 ,
1372 537 1423 576 qui
1436 536 1579 574 sapientes
1590 545 1653 564 non
1664 534 1719 565 sint
1730 557 1737 568 ,
1753 536 1849 565 servos
1861 556 1868 568 ,
1883 536 2009 565 lati-ones
2020 555 2028 568 ,
2049 535 2171 569 hosteis,

1220 578 1340 609 insanos
1352 576 1409 607 ess'e
1419 576 1523 606 dicunt
1543 587 1548 605 t
1570 586 1667 617 neque
1677 586 1778 606 tamen
1789 587 1971 618 quemquam
1983 575 2041 606 effe
2058 577 2174 616 sapien-

1222 630 1293 650 tem.
1318 623 1437 648 VALDE
1445 628 1544 648 autem
1555 617 1598 647 est
1606 618 1766 648 absurdum
1780 638 1787 651 ,
1804 621 1833 647 ei
1843 620 2024 648 concionem
2037 639 2044 651 ,
2064 628 2113 648 aut
2129 619 2173 649 se-

1223 670 1338 693 natum,
1351 670 1399 690 aut
1409 661 1505 689 ullum
1516 668 1626 689 coetum
1639 661 1801 689 hominum
1812 662 2012 693 committere,
2023 662 2071 689 cui
2082 670 2175 690 nemo

1223 703 1346 733 illorum
1358 722 1366 735 ,
1386 704 1437 742 qui
1447 700 1541 731 adsint
1550 722 1557 734 ‚
1580 702 1664 731 sanus
1675 722 1682 734 ‚
1706 711 1799 731 nemo
1818 703 1891 731 civis
1902 722 1909 735 ‚
1930 712 2022 731 nemo
2035 702 2107 731 liber
2117 700 2175 731 effe

1224 744 1366 774 videatur.
1391 742 1512 773 Accedit
1522 741 1604 783 quod
1616 744 1759 773 orationis
1780 745 1869 773 etiam
1880 753 1972 784 genus
1991 743 2101 773 hibent
2112 743 2175 773 for-

1226 785 1293 816 tass'e
1305 784 1421 818 subtile,
1430 784 1461 814 &
1471 788 1550 814 certe
1560 794 1681 814 acutum
1695 785 1757 814 zsetl
1770 805 1777 817 ,
1789 787 1862 814 utin
1871 794 1986 814 oratore
1997 805 2004 817 ,
2017 785 2094 814 exile
2106 806 2113 818 ‚
2127 787 2174 815 in-

1227 826 1362 856 usitatum
1375 847 1382 860 ,
1403 826 1564 855 abhorrens
1574 826 1609 855 ab
1620 826 1738 856 auribus
1749 827 1830 867 vulgi
1845 848 1853 860 ,
1873 827 2031 856 obscurum
2046 846 2053 859 ,
2075 829 2175 860 inane,

1227 869 1362 907 ieiunum
1372 888 1379 901 ‚
1390 876 1519 897 attamen
1529 868 1689 905 ejusmodi,
1700 878 1762 909 quo
1774 872 1815 898 uti
1826 868 1859 898 ad
1870 869 1975 909 vulgus
1988 868 2072 898 nullo
2085 868 2178 898 modo

1227 908 1322 950 posfit.
1347 909 1414 939 Alia
1422 910 1506 939 enim
1519 909 1551 941 δε
1561 907 1630 938 h‘ona
1641 929 1650 944 ‚
1670 909 1705 942 ὠ·
1714 910 1792 938 mala
1802 910 1932 939 vidi-nrm
1941 911 2048 940 Stoicis
2059 930 2067 943 ,
2088 911 2119 940 &
2132 920 2180 939 ce-

1226 954 1295 982 teris
1305 951 1422 981 civibus
1431 971 1439 984 ,
1459 951 1507 980 vel
1516 950 1617 990 potius
1626 952 1764 992 gentibus
1785 963 1789 980 :
1809 952 1865 982 alia
1874 954 1918 982 vis
1929 952 2054 981 honoris
2066 972 2074 984 ,
2094 954 2181 992 igno-

1230 995 1333 1023 miniae
1348 1003 1352 1021 z
1372 994 1490 1032 praemii
1501 1013 1508 1026 ,
1530 993 1665 1033 supplicii
1685 1004 1689 1021 :
1710 993 1779 1023 vere
1791 1014 1798 1027 ,
1818 1004 1854 1023 an
1866 994 1948 1023 secus
1960 1013 1967 1025 ‚
1989 993 2066 1022 nihil
2078 994 2110 1023 ad
2123 995 2181 1023 hoc

1231 1045 1348 1074 tempus
1361 1045 1365 1063 z
1379 1034 1426 1064 sed
1438 1044 1470 1064 ea
1480 1033 1499 1063 fi
1511 1035 1681 1074 sequamur,
1694 1036 1809 1065 nullam
1821 1045 1965 1076 umquam
1976 1045 2039 1064 rem
2050 1035 2181 1065 dicendo

1228 1076 1366 1117 expedire
1377 1074 1528 1116 poffimus.
1552 1076 1675 1116 Reliqui
1686 1077 1752 1106 sunt
1761 1078 1945 1116 Peripatetici
1958 1097 1966 1109 ,
1979 1077 2011 1106 Sc
2021 1076 2182 1106 Academi-

1207 1173 1214 1178 ·
1230 1163 1279 1190 tiae
1289 1160 1363 1189 diiae.
1387 1169 1457 1188 nam
1469 1158 1642 1198 Speusippus
1653 1160 1784 1189 Platonis
1795 1161 1901 1189 sororis
1914 1158 1992 1188 silius
2002 1179 2011 1192 ,
2034 1159 2066 1188 ὃς
2077 1162 2184 1189 Xeno-

1231 1211 1321 1232 crates
1333 1221 1341 1234 ,
1353 1203 1403 1241 qui
1413 1200 1565 1230 Platonem
1576 1200 1707 1230 audierat
1719 1221 1726 1233 ,
1749 1201 1781 1230 &
1790 1203 1841 1241 qui
1855 1203 2051 1230 Xenocratem
2066 1222 2073 1234 ,
2095 1202 2183 1231 Pole-

1232 1254 1285 1273 mo
1296 1264 1304 1276 ‚
1318 1243 1348 1272 ὃς
1359 1245 1501 1275 Crantor,
1524 1242 1602 1271 nihil
1613 1242 1648 1272 ab
1659 1242 1816 1272 Aristotele
1828 1262 1836 1276 ,
1850 1244 1900 1283 qui
1912 1242 1969 1272 una
1980 1243 2109 1273 audierat
2119 1243 2185 1274 Pla-

1232 1294 1336 1315 tonem
1350 1305 1358 1317 ,
1377 1287 1391 1303 2
1403 1293 1581 1324 magnopere
1591 1282 1738 1313 dissensit:
1752 1294 1837 1323 copia
1847 1281 1963 1314 toi-taffo
1976 1305 1984 1317 ,
2005 1285 2037 1315 ὃς
2048 1286 2185 1315 varietate

1232 1326 1352 1357 dicendi
1373 1335 1453 1365 pares
1464 1335 1527 1355 non
1546 1324 1677 1355 fuerunt.
1702 1324 1841 1355 Arcesilas
1859 1324 1994 1365 primum
2007 1346 2015 1360 ,
2035 1329 2087 1367 qui
2098 1326 2186 1357 Pole-

1234 1378 1358 1398 monem
1370 1367 1499 1397 audierat
1509 1388 1517 1400 ‚
1536 1377 1573 1396 ex
1583 1369 1672 1397 variis
1682 1367 1813 1397 Platonis
1824 1368 1906 1397 libris
1918 1389 1926 1400 ,
1939 1368 2184 1408 sermonibusque

1233 1411 1385 1440 Socraticis
1404 1408 1606 1438 hocmaxime
1625 1410 1766 1448 arripuit,
1785 1409 1859 1438 nihil
1873 1408 1922 1446 effe
1941 1411 2007 1439 certi
2018 1429 2026 1443 ,
2038 1409 2118 1450 quod
2137 1418 2188 1440 aut

1235 1450 1382 1484 sensibus,
1402 1459 1451 1480 aut
1468 1453 1572 1480 animo
1590 1452 1700 1490 percipi
1720 1449 1806 1490 poffit
1830 1461 1835 1479 :
1858 1461 1948 1491 quem
1959 1451 2059 1481 ferunt
2069 1452 2188 1481 eximio

1233 1493 1364 1536 quodam
1385 1493 1471 1522 usum
1484 1491 1583 1532 lepore
1596 1491 1734 1526 dicendi,
1753 1493 1940 1532 aspernatum
1951 1491 2008 1522 ess‘e
2019 1503 2111 1523 omne
2121 1495 2186 1523 ani-

1235 1538 1300 1568 mi,
1311 1534 1625 1575 sensusquejudicium
1639 1555 1647 1567 ‚
1666 1537 1860 1575 primumque
1870 1532 2027 1564 instituiffe
2039 1555 2048 1568 ,
2068 1534 2187 1576 (quarn-

1234 1587 1324 1619 quam
1336 1576 1365 1606 id
1377 1575 1434 1605 fuit
1443 1579 1625 1606 Socraticum
1636 1576 1785 1617 maxime)
1795 1587 1857 1606 non
1870 1596 1877 1610 ,
1897 1575 1970 1617 quid
1981 1577 2041 1616 ipse
2054 1577 2186 1609 sentiret,

1236 1619 1390 1650 ostendere
1406 1629 1410 1646 τ
1430 1618 1478 1647 sed
1489 1627 1591 1648 contra
1602 1618 1632 1648 id
1643 1638 1651 1652 ,
1672 1618 1753 1659 quod
1763 1619 1888 1659 quisque
1897 1619 1925 1648 se
1937 1619 2043 1648 sentire
2053 1616 2185 1651 dixisset,

1235 1703 1349 1734 exstitit
1358 1702 1459 1732 divina
1471 1702 1596 1742 quadam
1607 1703 1756 1732 celeritate
1766 1703 1879 1743 ingenii
1890 1722 1898 1735 ,
1914 1702 2094 1742 dicendique
2103 1703 2190 1741 copia

1237 1744 1456 1783 Carneades1cuj
1462 1754 1494 1773 us
1504 1754 1558 1785 ego
1568 1741 1619 1773 etsi
1629 1744 1741 1774 multos
1751 1744 1899 1774 auditores
1909 1745 2040 1785 cognovi
2049 1744 2188 1776 Athenis,

1237 1796 1338 1817 tamen
1357 1784 1491 1816 au&ores
1509 1783 1683 1815 certissimos
1703 1785 1820 1816 laudare
1837 1784 1957 1825 possum
1968 1806 1976 1819 ,
2001 1786 2033 1815 ὃς
2052 1785 2189 1814 socerum

1238 1838 1342 1858 meum
1353 1827 1515 1857 Scaevolam
1526 1847 1534 1861 ‚
1555 1829 1608 1867 qui
1616 1837 1687 1857 eum
1702 1829 1810 1857 Romae
1820 1827 1935 1857 audivit
1944 1826 2112 1857 adolescens
2125 1847 2133 1859 ,
2155 1826 2189 1855 &

1238 1869 1451 1910 QMetellum
1462 1871 1532 1898 L.F.
1544 1868 1724 1899 familiarem
1736 1879 1858 1902 meum,
1870 1866 2062 1898 clarissimum
2073 1869 2188 1909 virum,

1238 1914 1290 1953 qui
1309 1911 1396 1941 illum
1408 1911 1422 1940 a
1434 1911 1461 1940 se
1473 1910 1658 1940 adolescente
1668 1912 1794 1940 Athenis
1807 1931 1815 1944 ,
1825 1912 1889 1950 jam
1899 1907 2040 1939 affeti‘tum
2053 1908 2191 1939 senestu-

1238 1963 1266 1984 te
1277 1974 1285 1987 ,
1307 1953 1420 1982 multos
1431 1952 1494 1981 dies
1505 1952 1642 1982 auditum
1662 1951 1718 1981 esse
1735 1952 1858 1982 dicebat.
1882 1954 1955 1981 Haec
1965 1961 2064 1982 autem
2076 1971 2084 1984 ,
2104 1960 2136 1980 ut
2152 1960 2190 1980 ex

1239 1996 1403 2035 Apennino
1414 2014 1421 2027 ,
1444 1992 1609 2023 fluminum
1624 2014 1632 2027 ,
1655 1992 1691 2023 sic
1702 2004 1739 2024 ex
1748 1995 1908 2024 communi
1920 1993 2188 2033 sapientiumjugo,

1239 2038 1307 2067 sunt
1324 2035 1528 2066 doeh-inarum
1548 2035 1622 2066 fasta
1630 2035 1777 2070 divortia,
1796 2045 1830 2065 ut
1838 2035 2030 2075 philosophi,
2050 2044 2189 2074 tanquam

1239 2081 1273 2108 in
1291 2079 1432 2117 superum
1443 2087 1525 2107 mare
1536 2079 1660 2107 Ionium
1671 2076 1836 2106 defluerent
1846 2096 1854 2109 ,
1875 2078 2013 2105 Graecum
2025 2076 2190 2115 quoddam,

1239 2121 1272 2150 &
1287 2120 1451 2159 portuosum
1470 2129 1481 2145 .·
1499 2127 1629 2148 oratores
1647 2126 1747 2147 autem
1766 2120 1798 2146 in
1818 2116 1949 2146 inferum
1967 2117 2023 2146 hoc
2040 2117 2188 2150 Tuscum,

1240 2162 1272 2191 &
1283 2160 1441 2189 Barbarum
1452 2179 1460 2191 ‚
1473 2159 1663 2198 scopulosum
1676 2179 1684 2191 ‚
1696 2168 1782 2199 atque
1795 2157 1939 2187 infestum
1950 2178 1957 2191 ‚
1970 2158 2147 2193 laberentur,
2158 2161 2193 2189 in

1239 2212 1300 2243 quo
1311 2203 1400 2230 etiam
1411 2200 1471 2239 ipse
1482 2198 1599 2239 Ulyffes
1607 2198 1731 2230 erraffet.
1753 2202 1847 2241 Qare
1860 2198 1879 2228 fi
1889 2201 1941 2230 hac
1949 2200 2119 2240 eloquentia
2129 2220 2137 2234 ,
2150 2208 2194 2230 at·

1240 2253 1297 2284 que
1307 2243 1364 2271 hoc
1375 2249 1488 2271 oratore
1498 2242 1631 2271 contenti
1643 2242 1660 2271 s
1658 2251 1744 2270 umus
1754 2261 1761 2275 ,
1781 2243 1832 2282 qui
1849 2242 1917 2271 sciat
1925 2250 1973 2271 aut
1987 2252 2092 2283 negare
2104 2252 2194 2282 opor-

1241 2294 1300 2314 tere
1310 2283 1391 2323 quod
1402 2291 1529 2322 arguare,
1542 2292 1590 2312 aut
1601 2281 1620 2311 si
1632 2282 1662 2312 id
1673 2293 1736 2312 non
1748 2281 1848 2322 pollis,
1859 2292 1925 2312 tum
1937 2282 2101 2317 ostendere,
2113 2282 2195 2324 quod

1240 2328 1265 2355 is
1275 2325 1395 2358 fecerit,
1417 2326 1469 2364 qui
1489 2322 1692 2358 insimuletur,
1713 2334 1761 2354 aut
1773 2324 1850 2354 reete
1863 2323 1976 2354 fastum
1987 2345 1995 2359 ,
2016 2334 2066 2355 aut
2076 2326 2194 2355 alterius

1244 2367 1328 2406 culpa
1337 2387 1345 2400 ,
1358 2374 1407 2396 aut
1416 2366 1524 2405 injuria
1534 2385 1541 2398 ,
1555 2374 1604 2395 aut
1612 2375 1650 2395 ex
1661 2366 1724 2407 lege
1734 2386 1741 2399 ,
1763 2375 1812 2396 aut
1822 2376 1886 2396 non
1896 2376 1999 2396 contra
2008 2367 2103 2407 legem
2114 2387 2122 2400 ,
2144 2374 2195 2396 aut

1243 2407 1443 2448 imprudentia
1453 2427 1463 2440 ‚
1478 2416 1527 2436 aut
1537 2406 1696 2437 necessario
1707 2427 1714 2441 ,
1736 2417 1785 2438 aut
1794 2418 1856 2437 non
1868 2418 1903 2438 eo
1914 2410 2041 2438 nomine
2051 2409 2194 2448 usurpan-

1242 2451 1314 2480 dum
1326 2470 1334 2483 ‚
1347 2459 1408 2490 quo
1418 2457 1571 2488 arguatur,
1586 2458 1707 2479 autnon
1719 2451 1757 2479 ita
1767 2452 1811 2490 agi
1823 2470 1831 2484 ,
1843 2459 1876 2480 ut
1885 2450 2020 2480 debuerit
2030 2470 2038 2484 ,
2058 2460 2091 2481 ac
2100 2451 2193 2480 licue-

1243 2542 1310 2564 cent
1321 2553 1329 2566 ,
1343 2532 1462 2565 discere,
1471 2540 1536 2571 quae
1549 2533 1647 2562 multo
1657 2541 1757 2562 tamen
1765 2532 1900 2563 ornatius
1910 2553 1918 2567 ,
1930 2533 2021 2574 quam
2032 2533 2068 2563 ab
2077 2534 2137 2563 illis
2147 2533 2196 2563 di-

1242 2583 1351 2606 cuntur
1361 2594 1369 2608 ,
1382 2574 1414 2604 &
1424 2572 1544 2603 uberius
1555 2574 1715 2613 explicavit
1726 2576 1890 2604 Antonius:
1908 2575 1967 2608 sed,
1979 2573 2000 2604 fi
2011 2575 2058 2604 his
2068 2583 2197 2605 conten·

1244 2618 1265 2647 ti
1277 2615 1344 2646 estis
1355 2635 1362 2649 ,
1374 2624 1459 2655 atque
1469 2616 1506 2644 iis
1518 2617 1606 2644 etiam
1617 2636 1624 2649 ,
1636 2625 1700 2656 qua:
1711 2615 1770 2645 dici
1778 2616 1916 2647 voluistis
1927 2616 1942 2646 a
1951 2627 2001 2646 me
2016 2627 2069 2646 :ex
2079 2617 2195 2658 ingenti

1243 2657 1374 2699 quodam
1395 2665 1545 2687 oratorem
1555 2676 1565 2690 ,
1586 2657 1797 2698 immensoque
1811 2668 1918 2698 campo
1928 2660 1961 2688 in
1970 2660 2114 2700 exiguum
2125 2657 2196 2688 sane

1221 2710 1222 2723 ³
1243 2710 1350 2742 gyrum
1361 2698 1553 2739 compellitis.
1577 2700 1629 2728 Sin
1639 2708 1772 2729 veterem
1782 2700 1871 2731 illum
1882 2701 2026 2730 Periclem
2038 2720 2046 2735 ,
2057 2700 2196 2730 authune

1220 2727 1223 2755 ⁴
1244 2744 1332 2773 etiam
1344 2762 1352 2776 ,
1374 2742 1425 2783 qui
1429 2739 1704 2781 fitmii‘iariornobis
1712 2750 1830 2782 propter
1839 2742 2015 2782 scriptorum
2026 2740 2200 2772 multitudi-

1246 2795 1318 2815 nem
1328 2782 1371 2815 est
1382 2804 1390 2817 ‚
1403 2781 1641 2814 Demosthenem
1656 2803 1663 2817 ‚
1675 2784 1757 2824 sequi
1767 2784 1858 2814 vultis
1869 2804 1877 2818 ‚
1890 2785 1922 2814 ὃς
1934 2804 1942 2818 ,
1954 2783 1974 2814 si
1984 2784 2067 2814 illam
2077 2783 2198 2823 praecla-

1245 2837 1307 2858 ram
1319 2847 1327 2860 ,
1340 2827 1372 2857 &
1382 2827 1529 2856 eximiam
1541 2825 1558 2855 s
1553 2827 1668 2865 peciem
1679 2827 1803 2856 oratoris
1812 2824 1934 2865 perfecti
1947 2847 1956 2859 ‚
1980 2823 2198 2866 &plueritudi-

1247 2879 1319 2899 nem
1330 2867 1484 2899 adamastis
1496 2878 1500 2896 :
1512 2876 1561 2898 aut
1570 2868 1656 2898 vobis
1667 2869 1728 2898 haec
1739 2867 1897 2898 Carneadia
1907 2887 1915 2900 ‚
1934 2877 1982 2897 aut
1992 2868 2042 2897 illa
2051 2865 2198 2896 Aristote-

1242 2911 1282 2941 lia
1290 2912 1337 2940 vis
1346 2909 1629 2950 comprehendenda
1638 2909 1691 2939 est.
1715 2911 1853 2950 Namque
1863 2908 1909 2946 (ut
1918 2908 1985 2939 ante
1997 2908 2073 2948 dixi)
2084 2916 2201 2937 veteres

1243 2953 1290 2982 illi
1308 2956 1320 2980 3
1333 2952 1423 2993 usque
1433 2950 1468 2982 ad
1479 2951 1636 2982 Isocratem
1645 2971 1654 2985 ,
1667 2960 1794 2981 omnem
1805 2951 1949 2981 omnium
1958 2959 2058 2979 rerum
2069 2969 2078 2983 ,
2089 2959 2154 2990 quae
2164 2947 2200 2979 ad

2103 3000 2203 3021 mores

255 3104 262 3111 x
287 3078 296 3096 1
304 3090 310 3095 .
331 3073 381 3095 Hac
386 3071 511 3104 prasertim
521 3070 586 3106 rep]
600 3072 642 3100 Est
653 3073 668 3099 ii
679 3072 871 3101 Laiiibiiiiaiiis.
891 3075 950 3102 :ilice
961 3074 1022 3102 edd.
1042 3085 1071 3102 ac
1075 3077 1202 3110 presertim

247 3114 263 3130 a
275 3113 323 3137 rep.
343 3106 412 3141 quod
425 3109 452 3132 δε
463 3107 488 3133 in
504 3107 571 3133 Pali.
582 3108 686 3135 nosti-is.

284 3150 312 3168 2.
332 3146 470 3178 magnopere
485 3144 608 3180 distin-fin]
620 3142 790 3174 “Gulielmius
800 3147 905 3182 dtffinfi2
926 3146 1041 3177 malebat
1051 3166 1059 3181 ,
1069 3147 1177 3184 propius
1187 3148 1204 3176 a

1247 3075 1358 3111 vulgato
1368 3083 1448 3110 quam
1458 3073 1661 3100 Lambinianum
1672 3073 1831 3106 diffinfirmst.

1280 3120 1310 3146 ᾖ.
1331 3112 1401 3145 Usquc
1411 3109 1598 3144 adlficratem]
1611 3109 1716 3135 Maiiut.
1727 3118 1755 3134 :ic
1767 3107 1889 3134 Lambiii.
1900 3111 2024 3139 sict-atem,
2033 3106 2076 3133 sed
2086 3106 2200 3132 aiterum

1248 3146 1330 3178 hoeret
1338 3147 1365 3177 iii
1377 3145 1494 3184 plui-ibus
1506 3145 1564 3175 mfl'.
1575 3152 1655 3182 atque
1665 3143 1836 3178 editionibus,
1844 3143 1974 3181 habetque
1984 3153 2036 3180 quo
2048 3142 2073 3170 se.
2082 3149 2206 3208 magri&-

2115 3198 2120 3206 ¹
2155 3199 2174 3213 'A

1229 1120 1256 1149 ci
1269 1139 1276 1152 ,
1294 1127 1476 1159 quamquam
1488 1117 1736 1147 Academicorum
1747 1128 1861 1147 nomen
1872 1117 1914 1148 cst
1925 1127 2020 1147 unum
2034 1139 2041 1150 ‚
2064 1118 2184 1148 senten-
2225 1116 2228 1120 ”

1235 1662 1391 1701 disputare.
1414 1662 1499 1689 Hinc
1508 1661 1571 1690 haec
1580 1663 1730 1690 recentior
1739 1660 1898 1690 Academia
1908 1661 2076 1694 emanavit,
2088 1661 2120 1689 in
2130 1669 2190 1700 qua
2235 1672 2238 1679 Α

1220 2501 1222 2516 i
1242 2494 1296 2522 rit:
1318 2491 1349 2521 &
1361 2489 1380 2520 si
1393 2491 1459 2520 satis
1470 2488 1527 2519 effe
1545 2493 1671 2530 putatis,
1692 2501 1724 2520 ea
1735 2511 1742 2524 ‚
1764 2501 1830 2532 qua:
1840 2490 1887 2521 isti
1898 2493 2050 2532 scriptores
2059 2494 2127 2522 artis
2139 2491 2204 2521 d0--

2310 391 2316 408 ι,

2310 442 2312 473 i

2211 1961 2251 1994 ¹9
