2360 3400
529 94 736 142 Eris-r.
788 110 866 141 AD
915 95 1252 160 Qvinrum
1302 104 1648 164 Fam-Rem,
1701 112 1828 159 [ΑΒ.
1868 116 1895 160 Ι.

215 176 394 209 ‘emendatus
405 196 414 211 ,
434 181 467 206 ut
488 183 527 205 ne
538 176 701 205 minimam
713 174 834 216 quidem
848 185 910 206 rem
922 177 1078 217 quisquam
1088 177 1175 217 poffit

220 221 314 250 ullam
332 215 558 258 reprehendere.
599 219 639 246 At
654 218 718 255 jam
738 217 796 247 hoc
818 218 886 248 loco
907 227 971 247 non
989 219 1171 253 hortatione,

218 270 318 302 neque
327 259 478 300 praeceptis
493 277 502 292 ,
525 257 572 288 sed
582 258 719 298 precibus
730 268 828 289 tecum
838 258 978 290 fraternis
988 270 1042 300 ago
1053 271 1062 294 3
1075 269 1172 306 totum

220 311 255 332 ut
271 303 410 331 animum
423 320 432 334 ,
442 309 542 330 curam
556 320 565 332 ‚
581 301 857 341 cogitationemque
879 309 961 331 tuam
970 310 1064 341 ponas
1074 312 1104 348 ‚¹⁷¹
1114 312 1173 330 om-

216 345 298 374 nium
315 343 396 371 laude
414 341 535 382 undique
553 341 709 381 colligenda.
733 341 823 380 Quod
844 341 864 372 fi
883 343 915 372 in
933 343 1080 390 mediocri
1092 342 1168 372 statu

168 393 177 401 '
217 385 366 416 sermonis
377 405 386 418 ,
407 394 440 414 ac
457 382 675 423 praedicationis
685 383 752 414 nost
759 394 795 414 rae
804 393 850 414 res
861 383 971 413 effent:
994 384 1132 414 nihilabs
1143 393 1170 414 te

216 422 368 456 eximium
381 447 390 459 ,
403 425 480 455 nihil
493 434 598 464 praeter
609 425 736 455 aliorum
745 425 995 472 consuetudinem
1007 424 1170 473 postularef

216 477 276 498 tur.
301 477 381 498 nunc
399 466 471 497 vero
490 475 609 506 propter
629 476 731 497 earum
751 477 871 500 rerum,
890 468 924 496 in
943 467 1053 506 quibus
1066 467 1170 497 versati

213 510 338 543 sumus,
359 508 549 548 splendorem
562 528 571 541 ,
592 508 624 538 δε
643 508 906 549 magnitudinem,
928 517 1168 554 N3⁵¹,⁵UMMAM

214 554 355 580 LAunEivi
367 561 405 580 ex
419 550 471 580 ista
482 552 636 589 provincia
645 549 846 590 assequimur,
869 551 922 580 vix
933 549 1074 597 videmur
1085 551 1166 580 sum-

213 602 300 623 mam
320 594 569 632 vituperationem
582 590 663 631 posse
674 594 777 622 vitare.
801 594 841 622 Ea
851 591 951 622 nostra
963 601 1039 621 ratio
1050 590 1091 621 est
1102 611 1121 639 ‚.
1131 601 1163 639 ut

210 644 323 665 omnes
340 644 419 665 izoNt
432 633 503 665 cum
514 632 640 666 faveant,
654 642 718 663 tum
729 635 818 663 etiam
829 634 843 663 a
855 633 943 663 nobis
954 643 1080 663 omnem
1093 633 1166 663 dili-

209 679 344 716 gentiam
356 697 364 710 ,
386 678 587 715 virtutemque
599 675 631 705 &
640 674 801 714 postulent,
814 674 845 705 &
854 674 1043 722 exspe&ent:
1057 684 1164 704 omnes

209 728 310 748 autem
337 727 484 748 immoni
511 715 614 756 (quod
633 722 701 746 cum
719 717 757 746 iis
769 716 884 746 bellum
897 717 1076 755 suscepimus
1086 717 1164 763 sem?

210 761 386 800 piternum)
407 761 455 790 vel
475 760 606 788 minima
622 768 652 787 re
670 758 705 788 ad
723 757 1003 804 reprehendendum
1022 767 1163 787 contenti

208 799 268 830 effe
291 801 457 832 videantur.
489 804 499 819 ¹
522 802 618 837 Quare
635 800 780 839 quoniam
801 799 952 838 ejusmodi
974 808 1162 844 Tanna-nupt

210 844 304 873 totins
324 841 396 873 Asiae
416 840 578 873 virtutibus
596 839 639 869 est
658 840 760 869 datum
781 859 790 872 ‚
822 839 997 885 celebritate.
1010 839 1161 870 retertisst—

207 893 297 915 mum
308 904 316 918 ,
330 883 537 914 maonitudine
547 879 776 919 ampliffimum,
786 880 902 919 judicio
914 880 1158 929 eruditissimum,

207 935 313 958 natura
330 909 429 956 autgm
449 926 488 954 ita
497 921 636 953 resonans
648 941 656 955 ‚
680 931 711 951 ut
722 922 812 962 usque
822 923 955 951 Romam
969 921 1160 962 significatio-

207 977 262 997 nes
273 987 282 1000 ‚
306 967 450 1006 vocesque
469 964 650 995 referantur:
672 963 821 993 contende
833 964 960 1009 ‚qquazso
971 983 980 997 ,
1004 974 1090 1012 atque
1101 965 1160 994 ela-

205 1008 278 1038 bora
291 1027 300 1040 ,
319 1017 383 1037 non
405 1006 499 1036 modo
521 1015 554 1036 ut
568 1005 613 1034 his
624 1004 710 1034 rebus
720 1004 828 1046 dignus
838 1004 927 1035 iuisse
938 1025 946 1039 ,
968 1005 1017 1052 sed
1028 1016 1159 1054 etiamqut

145 1060 187 1091 15
204 1049 256 1079 illa
273 1050 377 1079 omnia
388 1050 447 1079 tuis
455 1045 710 1087 arcibussuperaffe
721 1048 850 1093 videare.
873 1049 910 1094 Et
922 1057 1066 1095 quoniam
1078 1055 1157 1094 mini

199 1090 283 1121 casus
305 1090 455 1120 urbanam
474 1091 507 1120 in
529 1083 1057 1136 magistra-ibussadministrationem
1081 1099 1153 1134 reip.

197 1129 255 1162 tibl
274 1132 490 1172 provincialem
501 1131 583 1161 dedit
594 1142 602 1163 ·‚
624 1130 656 1159 δε
666 1128 686 1159 fi
699 1140 764 1159 mea
773 1139 839 1169 pars
849 1140 969 1160 nemini
979 1130 1058 1161 cedit
1066 1151 1075 1164 a
1097 1134 1154 1165 iac,

193 1182 233 1203 ,ut
253 1182 302 1203 tua
319 1182 434 1204 ceteros
450 1175 560 1203 vincat.
584 1172 681 1202 Simul
703 1171 824 1201 &illud
835 1173 930 1212 cogita
946 1192 955 1206 2
973 1182 1029 1202 nos
1041 1173 1154 1220 nonde

198 1215 312 1256 reliqua
323 1236 331 1249 ‚
355 1215 506 1255 &sperata
519 1215 611 1256 gloria
619 1216 682 1253 jam
693 1213 823 1243 laborare
834 1233 842 1247 ‚
866 1213 915 1243 sed
925 1213 962 1243 de
972 1223 1051 1253 parta
1060 1215 1152 1264 dimi-

197 1267 271 1286 care.
293 1266 358 1298 quae
378 1257 503 1298 quidem
523 1266 587 1286 non
608 1264 667 1285 tam
688 1255 853 1294 expetenda
864 1255 951 1285 nobis
962 1254 1020 1286 fuit
1033 1275 1042 1289 ,
1061 1266 1152 1296 quam

197 1298 300 1327 tuenda
318 1298 368 1328 est.
394 1302 437 1328 Ac
454 1297 475 1328 si
497 1299 574 1327 mihi
594 1297 756 1337 quidquam
780 1295 851 1326 esset
867 1297 917 1326 abs
937 1306 964 1327 te
977 1297 1150 1343 separatum,

196 1341 275 1370 nihil
293 1341 424 1380 amplius
442 1337 634 1369 desiderarem
644 1339 702 1367 hoc
712 1337 785 1368 statu
797 1357 806 1371 ,
828 1340 879 1378 qui
895 1340 1041 1385 mihipjam
1052 1349 1152 1382 partus

196 1381 249 1412 est.
273 1391 354 1412 nunc
365 1380 437 1411 vero
447 1379 486 1410 fic
496 1391 542 1410 res
553 1380 610 1411 sese
620 1380 709 1409 habet
719 1399 727 1412 ‚
749 1388 781 1408 ut
794 1400 801 1411 ‚
826 1378 880 1408 nisi
892 1389 997 1410 omnia
1008 1390 1055 1410 tua
1064 1380 1149 1428 ¹³5&

194 1432 282 1463 atque
305 1422 384 1453 dista
395 1421 503 1452 nostris
513 1422 600 1451 rebus
610 1420 696 1450 istinc
707 1420 904 1460 respondeant
915 1441 924 1455 ‚
947 1431 1002 1462 ego
1014 1432 1062 1451 me
1073 1432 1149 1469 meis

194 1466 284 1495 tantis
293 1464 443 1494 laboribus
453 1484 463 1497 ‚
488 1463 632 1503 tantisque
642 1463 781 1501 periculis
796 1481 804 1495 ‚
820 1472 947 1502 quorum
960 1472 991 1513 tu
1003 1473 1148 1493 omnium

191 1507 335 1546 particeps
354 1505 436 1536 fuisti
449 1525 457 1538 ‚
478 1504 757 1535 nihilconsecutum
768 1512 883 1543 putem.
907 1503 998 1544 Qod
1010 1503 1030 1533 si
1041 1513 1147 1535 utam—

191 1546 358 1587 pliffimum
376 1557 494 1577 nomen
510 1546 766 1586 consequeremur
785 1564 794 1578 ‚
814 1555 892 1574 unus
910 1555 1013 1585 praeter
1030 1555 1147 1577 ceteros

190 1587 332 1628 adjuvisti
343 1600 348 1618 :
359 1589 437 1619 certe
448 1588 541 1622 idem,
558 1596 590 1618 ut
599 1587 630 1617 id
641 1589 833 1620 retineamus,
847 1595 951 1627 praeter
959 1596 1072 1617 ceteros
1085 1588 1146 1618 ela-

190 1630 319 1660 borabis.
343 1633 420 1661 Non
438 1640 497 1660 nst
517 1639 592 1659 *r1131
613 1630 660 1658 his
671 1629 741 1659 solis
753 1629 898 1658 utendum
909 1628 1144 1678 existimationi-

191 1671 267 1705 bus,
285 1671 449 1712 acjudiciis
461 1691 470 1705 ‚
490 1673 542 1712 qui
552 1680 632 1700 nunc
643 1671 730 1703 sunt,
750 1671 913 1700 hominum
927 1671 992 1701 :sed
1003 1673 1041 1717 iis
1051 1680 1141 1702 etiarn

187 1715 241 1754 qui
251 1713 345 1743 futuri
355 1712 411 1743 sint
423 1724 428 1742 z
447 1722 628 1753 quamquam
635 1712 751 1742 ‘iHorum
760 1713 814 1741 erit
823 1713 1065 1751 veriusjudi'cium
1075 1733 1088 1761 '.
1095 1712 1143 1743 ob-

145 1745 149 1748 ⁴
195 1753 369 1788 tresiatione,
381 1755 415 1787 ὼ·
425 1754 620 1783 malivolentia
629 1752 788 1782 liberatum.
812 1756 955 1794 Denique
964 1754 1038 1784 illud
1050 1764 1141 1785 etiam

187 1795 279 1825 debes
299 1798 445 1837 cogitare,
466 1805 530 1825 non
551 1804 579 1826 te
597 1795 652 1825 tibi
670 1795 725 1825 soli
733 1796 860 1835 gloriam
872 1805 1015 1834 quaerere:
1028 1795 1140 1836 quodfi

187 1836 276 1867 esset:
295 1846 397 1867 tamen
414 1846 479 1867 non
497 1837 682 1877 negligeres,
701 1836 942 1875 praesertimcum
954 1836 1142 1881 amplissimis

186 1880 399 1909 monumentis
420 1879 588 1909 consecrare
609 1876 751 1907 voluifl'es
772 1878 935 1906 memoriam
952 1879 1070 1925 nominis
1086 1880 1139 1925 tui:

186 1920 236 1950 sed
257 1930 291 1950 ea
309 1920 363 1950 tibi
375 1919 425 1950 est
442 1919 695 1950 communicanda
718 1929 855 1952 mecum,
875 1918 1028 1959 prodenda
1037 1919 1138 1966 liberis

184 1961 305 1991 nostris.
328 1964 364 1992 In
373 1972 429 2002 qua
438 1962 607 1993 cavendum
618 1961 660 1991 est
670 1981 678 1994 ‚
700 1971 738 1990 ne
753 1981 770 2006 ‚³
787 1959 808 1989 si
818 1960 1135 2008 negligentiorlfueri's,

183 2005 198 2021 ²
219 2013 284 2033 non
296 2002 405 2033 SOLuM
417 2003 471 2034 tibi
486 2013 591 2044 parum
601 2001 779 2033 consuluisse
790 2022 799 2035 ‚
823 2003 872 2032 sed
883 2011 972 2033 etiam
983 2011 1041 2033 tuis
1054 2013 1135 2050 invi-

116 2047 168 2083 '16
183 2044 255 2074 disse
278 2045 416 2075 videaris.
441 2047 539 2086 Atque
557 2047 620 2075 haec
642 2054 705 2074 non
724 2046 762 2074 eo
778 2044 938 2078 dicuntur,
958 2053 990 2074 ut
1005 2054 1031 2074 te
1041 2054 1136 2093 oratio

181 2096 249 2117 mea
269 2082 472 2117 dormientem
481 2085 618 2117 cxcitafl'e
630 2105 639 2120 ,
665 2085 712 2116 sed
726 2085 828 2125 potius
839 2095 870 2116 ut
880 2095 1047 2116 currentem
1058 2096 1135 2116 inci-

179 2127 250 2158 tass'e
261 2128 406 2158 videatur.
430 2130 528 2159 Facies
539 2130 620 2158 enim
635 2126 858 2168 perpetuo,quae
867 2126 975 2161 fecisti,
984 2137 1018 2174 ut
1027 2138 1134 2176 omnes

177 2172 348 2210 aequitatem
360 2179 440 2200 tuam
456 2191 465 2203 ,
486 2171 713 2210 temperantiam
727 2188 736 2202 ‚
759 2169 944 2199 severitatem
960 2189 968 2203 ‚
981 2178 1134 2210 integrita-

175 2211 434 2253 temquelaudent.
455 2211 511 2242 Sed
521 2221 570 2241 me
578 2211 715 2252 quaedam
727 2219 817 2244 tenet,
828 2220 946 2251 propter
957 2209 1131 2259 singularem

175 2263 330 2287 amorem,
351 2252 470 2283 infinita
489 2254 520 2283 in
539 2263 566 2283 te
582 2252 827 2293 aviditasgloriae:
851 2262 1031 2293 quamquam
1044 2253 1131 2287 illud,

176 2294 338 2329 existimo,
357 2294 429 2325 cum
447 2296 509 2335 jam
530 2294 588 2324 tibi
609 2293 695 2334 Asia,
718 2293 789 2324 ficut
799 2295 1023 2342 unicuiqucfiia
1034 2295 1130 2324 domm

175 2344 248 2367 nota
266 2335 322 2366 effe
341 2336 444 2366 debeat
455 2357 465 2370 ,
483 2335 554 2367 cum
565 2336 600 2367 ad
612 2344 693 2366 tuam
705 2335 852 2366 summam
864 2336 1052 2385 prudentiam
1064 2345 1130 2366 tan-

176 2386 225 2408 tus
246 2378 313 2408 usus
330 2376 498 2412 accesserit,
518 2378 595 2408 nihil
614 2376 690 2411 effe,
709 2378 790 2418 quod
808 2378 843 2408 ad
862 2378 981 2408 laudem
993 2388 1125 2425 attineat,

174 2419 255 2459 quod
267 2429 328 2449 non
340 2428 370 2449 tu
381 2420 498 2460 optime
514 2421 683 2459 perspicias,
696 2419 791 2449 &tibi
805 2429 868 2449 non
878 2419 951 2460 ,fine
961 2421 1128 2469 cujusquam

173 2461 340 2494 hortatione,
352 2462 385 2491 in
393 2470 528 2491 mentem
539 2464 642 2491 veniat
651 2461 798 2501 quotidie.
820 2461 876 2491 Sed
887 2472 941 2502 ego
953 2481 962 2495 ‚
973 2472 1025 2502 qui
1036 2482 1044 2495 ‚
1055 2472 1126 2510 cum

173 2511 222 2532 tua
234 2503 302 2543 lego
312 2511 340 2532 te
349 2502 448 2532 audire
461 2522 470 2536 ,
489 2503 521 2533 δε
531 2504 603 2544 qui,
628 2502 744 2532 eumad
756 2511 783 2532 te
794 2502 890 2533 scribo
902 2523 910 2537 ‚
930 2512 1030 2534 tecum
1041 2503 1127 2553 loqui

170 2543 278 2573 videor
294 2554 299 2572 :
320 2543 434 2574 idcirco
452 2544 484 2576 &
495 2553 542 2574 tua
552 2542 720 2584 longiffima
730 2554 845 2584 quaque
854 2543 979 2584 epistola
988 2555 1124 2576 maxime

169 2585 321 2618 delefior,
344 2585 505 2625 &ipsein
527 2586 683 2615 scribendo
693 2586 766 2624 saepe
779 2585 843 2615 sum
854 2586 985 2627 longior.
1010 2587 1088 2617 Illud
1098 2595 1124 2635 te

167 2627 205 2656 :id
215 2636 297 2656 extre
305 2637 390 2656 mum
403 2628 436 2657 &
446 2636 500 2656 oro
511 2646 519 2661 ,
540 2627 573 2656 &
582 2628 684 2656 hortor
695 2646 704 2659 ,
716 2636 765 2660 ut,
779 2635 918 2668 tanquam
932 2629 1028 2668 poetae
1039 2629 1123 2662 boni,

168 2669 204 2698 &
221 2668 334 2698 adores
344 2668 483 2698 industrii
495 2668 591 2698 solent
601 2688 610 2702 ‚
629 2666 667 2698 sic
677 2676 708 2697 tu
722 2677 758 2697 1N
770 2678 932 2699 EXTREMA
945 2679 1071 2704 PARTE,
1093 2670 1125 2700 &

166 2709 359 2740 conclusione
371 2712 506 2740 muneris
516 2730 524 2743 ,
546 2720 578 2739 ac
589 2711 702 2750 negotii
713 2711 755 2739 tui
764 2710 1007 2751 diligentissimus
1017 2710 1052 2740 sis
1063 2732 1071 2746 ‚
1094 2721 1126 2742 ut

166 2752 217 2782 hic
228 2754 330 2782 tertius
338 2761 435 2783 annus
443 2753 562 2792 imperii
576 2754 619 2782 tui
630 2771 638 2786 ‚
650 2761 790 2792 tanquam
801 2755 906 2783 tertius
915 2751 998 2783 aetus
1008 2773 1016 2788 ‚
1028 2753 1125 2794 perfe-

2084 130 2174 181 937

1223 181 1329 214 8tiss1m
1336 195 1372 215 us
1382 206 1390 220 ‚
1407 195 1495 228 atque
1513 189 1714 223 ornatissimus
1724 192 1812 224 fuisse
1822 195 1965 228 videatur.
1988 196 2022 228 Id
2031 196 2176 230 facillime

1217 223 1306 255 facies
1323 246 1331 259 ‚
1344 226 1363 256 si
1374 238 1423 258 me
1442 232 1509 267 <cui
1521 232 1635 271 semper
1646 235 1697 265 uni
1713 237 1818 276 magis,
1835 238 1923 277 quam
1940 239 2176 281 universis‚pla-

1217 276 1282 296 cere
1301 269 1422 300 voluisti
1435 271 1444 309 )
1461 281 1562 302 tecum
1587 275 1703 315 semper
1711 275 1768 307 esse
1779 280 1895 317 putabis
1907 300 1915 313 ,
1937 280 2125 313 &omnibus
2135 285 2174 313 iis

1216 307 1303 337 rebus
1314 328 1322 342 ‚
1342 320 1412 350 quas
1423 313 1501 343 dices
1512 333 1520 347 ,
1532 324 1562 344 ac
1573 314 1661 347 facies
1673 338 1681 350 ‚
1696 318 1826 355 interesse.
1849 322 2015 362 Reliquum
2025 322 2068 353 est
2078 344 2086 357 ,
2101 333 2134 354 ut
2143 333 2172 355 te

1218 357 1314 383 orem,
1326 361 1358 381 ut
1369 354 1530 384 valitudini
1542 365 1597 387 tua:
1606 378 1614 391 ,
1635 357 1656 388 si
1667 369 1716 390 me
1726 379 1736 394 ‚
1757 361 1789 391 &
1801 370 1866 392 tuos
1876 366 1996 394 omneis
2008 365 2102 396 valere
2113 368 2169 401 vis,

1214 388 1439 430 diligentiffime
1449 395 1567 427 servias,

1410 452 1616 484 MARCUS
1637 458 1919 495 kaATRh
1942 464 1970 492 S.

1217 489 1406 565 STArius
1424 497 1459 527 ad
1480 508 1528 528 me
1540 503 1624 531 venit
1637 513 1660 531 a.
1674 502 1702 532 d.
1717 514 1805 534 vrit.
1818 507 1923 536 Kalen.
1936 509 2092 540 Novemb.
2103 511 2170 550 ejus

1270 534 1423 571 adventus,
1437 539 1518 578 quod
1531 543 1568 570 ita
1580 542 1723 583 scripsisti,
1737 546 1886 586 direptum
1899 550 1934 578 iri
1947 558 1973 579 te
1983 550 1997 579 a
2009 553 2077 584 tuis,
2091 552 2167 583 dum

1211 575 1236 602 is
1255 575 1383 611 abefl'et,
1406 580 1551 611 molestus
1572 586 1647 614 mihi
1665 585 1732 616 fuit.
1757 588 1847 625 Quod
1857 599 1955 620 autem
1967 592 2164 632 exspefflitio-

1212 625 1283 645 nem
1302 619 1366 651 tui,
1386 624 1626 664 concursumque
1640 636 1710 656 eum
1722 647 1729 660 ‚
1742 631 1791 669 qui
1801 640 1863 660 crat
1875 630 1992 662 futurus
2002 653 2011 667 ,
2023 632 2043 663 si
2054 638 2112 664 una
2123 646 2167 665 te—

1208 667 1280 687 cum
1292 658 1461 695 decederet,
1484 673 1580 704 neque
1590 668 1674 697 anteit
1685 670 1764 699 visus
1777 669 1847 702 ess‘et
1859 692 1867 705 ‚
1891 673 2027 709 sustulit;
2043 675 2075 705 id
2088 678 2163 706 mihi

2188 470 2208 493 υ

1208 709 1272 729 non
1290 702 1488 734 incommode
1508 707 1608 736 visum
1628 708 1670 738 est
1681 710 1827 741 accidiss’e.
1850 714 2016 746 Exhaustus
2026 718 2110 747 enim
2121 716 2179 748 est*

1206 741 1305 771 sermo
1325 743 1489 776 hominum
1501 766 1510 780 ‚
1529 747 1562 777 &
1579 750 1684 779 multis
1702 751 1881 793 emiffiejam
1894 757 2043 795 ejusmodi
2056 769 2157 795 voceS,

1204 782 1289 815 datico*
1302 784 1367 817 αἰεί
1379 799 1446 820 πνοι
1458 790 1562 832 φωπκ
1579 792 1695 833 μέγαν.
1719 810 1783 840 quae
1794 811 1820 831 te
1830 803 1948 835 absente
1958 806 2095 838 confeeta
2103 808 2163 839 esse

1205 830 1300 860 laetor.
1324 834 1413 875 Qod
1423 844 1522 868 autem
1535 837 1646 868 idcirco
1656 839 1670 868 a
1681 848 1708 870 te
1719 841 1824 872 miffus
1835 844 1877 874 est
1889 865 1896 879 ‚
1921 848 1999 877 mihi
2010 858 2041 878 ut
2052 850 2080 880 se
2090 860 2163 890 pur-

1203 882 1301 912 garet,
1321 876 1352 904 id
1372 876 1486 907 necefl'e
1507 880 1638 910 minime
1653 880 1723 911 fuit.
1746 884 1884 915 Primum
1896 890 1978 918 enim
1993 900 2162 932 numquam

1203 914 1255 943 ille
1276 917 1353 946 milii
1371 916 1429 947 fuit
1448 920 1595 960 suspe8ws
1617 932 1622 951 :
1644 932 1742 964 neque
1760 936 1832 966 ego,
1855 938 1920 968 qua:
1941 930 1976 959 ad
2003 940 2029 960 te
2051 933 2086 962 de
2104 934 2160 963 illo

1203 955 1301 995 scripfi
1311 977 1319 991 ,
1336 958 1433 999 scripfi
1444 962 1636 1001 meojudicio
1646 984 1654 997 ‚
1666 964 1714 995 sed
1726 977 1796 996 cuin
1809 978 1917 999 RATIO
1928 991 1936 1003 ‚
1948 972 2079 1013 salusque
2090 985 2141 1005 om
2153 996 2159 998 -

1201 999 1289 1027 nium
1309 999 1445 1031 nostrum
1464 1023 1472 1036 ‚
1491 1006 1543 1043 qui
1563 1005 1598 1034 ad
1621 1016 1716 1047 remp.
1736 1009 1925 1045 accedimus,
1948 1023 2011 1043 non
2034 1017 2156 1045 veritate

1202 1039 1302 1069 solum
1314 1061 1323 1074 ,
1344 1042 1392 1072 sed
1405 1045 1585 1082 etiamfama
1596 1049 1760 1083 niteretur,
1779 1050 1934 1083 sermones
1944 1055 1978 1085 ad
1990 1064 2016 1085 te
2027 1057 2157 1088 aliorum

1201 1080 1318 1121 semper
1333 1103 1343 1116 ‚
1375 1094 1439 1114 non
1460 1096 1527 1116 mea
1544 1088 1655 1126 judicia
1672 1091 1833 1132 perscripsi.
1853 1097 1904 1134 qui
1923 1096 2045 1135 quidem
2067 1099 2157 1139 quiin»,

1197 1121 1367 1163 frequentes
1380 1125 1473 1157 essent
1484 1147 1491 1161 ‚
1505 1128 1537 1158 ὃς
1546 1130 1636 1169 quam
1647 1141 1757 1171 graves,
1768 1134 1896 1166 adventu
1908 1137 1959 1167 suo
1969 1141 2080 1169 Statius
2091 1141 2150 1180 ipse

1193 1168 1351 1205 cognovit.
1375 1170 1497 1199 Etenim
1522 1172 1912 1207 intervenitnonnullorum
1924 1181 2070 1219 querelis,
2089 1192 2156 1222 quai

1196 1206 1272 1245 apud
1292 1218 1342 1238 me
1351 1209 1388 1239 de
1399 1210 1454 1240 illo
1463 1211 1527 1251 ipso
1535 1213 1719 1245 habebantur
1732 1227 1736 1244 :
1760 1217 2026 1260 &sentirepotuin
2040 1223 2154 1253 sermo-

1197 1257 1249 1276 nes
1278 1250 1454 1291 iniquorum
1484 1255 1517 1282 in
1536 1254 1623 1285 suum
1642 1256 1829 1296 potiffimum
1851 1271 1966 1292 nomen
1985 1274 2141 1304 erumpere

1197 1290 1284 1330 Qod
1295 1301 1394 1322 autem
1405 1303 1455 1323 me
1466 1296 1603 1326 maxime
1613 1307 1736 1329 movere
1750 1300 1879 1336 solebat,
1899 1302 1969 1334 cum
1981 1306 2150 1340 audiebam,

1196 1331 1284 1362 illum
1303 1334 1369 1375 pius
1389 1336 1465 1375 apud
1484 1345 1511 1366 te
1528 1336 1630 1377 poste,
1650 1340 1740 1381 quam
1750 1344 1965 1383 gravitasilli-us
1982 1350 2075 1378 aetatis
2087 1368 2097 1382 ‚
2118 1349 2152 1380 &

1195 1374 1314 1412 imperii
1334 1377 1492 1416 prudentia
1504 1378 1664 1418 postularet
1686 1381 1796 1422 (quam
1808 1386 1921 1416 multos
1933 1390 2015 1418 enim
2026 1398 2151 1420 mecum

1193 1413 1280 1455 egisse
1289 1427 1385 1457 putas,
1395 1428 1426 1448 ut
1435 1419 1463 1448 se
1473 1422 1565 1450 Statio
1574 1424 1836 1456 commendarem?
1846 1428 1935 1467 quam
1946 1430 2040 1461 multa
2048 1440 2150 1463 autent

1191 1464 1290 1502 ipsum
1302 1459 1437 1501 οἰφελῶς
1450 1479 1571 1500 mecum
1587 1472 1619 1501 in
1630 1472 1768 1504 sermone
1777 1477 1817 1505 ita
1827 1477 1980 1515 protulisse
1990 1483 2001 1508 ξ’
2011 1479 2021 1517 )
2031 1480 2061 1510 id
2071 1482 2150 1510 mihi

1191 1514 1255 1535 non
1266 1506 1376 1545 placuit
1389 1518 1394 1536 t
1406 1512 1526 1544 monui,
1540 1511 1762 1546 suafi‚deterrui.
1785 1517 1903 1557 Qibus
1914 1520 1946 1548 in
1958 1520 2046 1550 rebus
2055 1524 2148 1552 etiam

1188 1544 1209 1575 si
1230 1545 1356 1579 fidelitas
1374 1548 1492 1581 summa
1510 1551 1552 1582 est
1570 1553 1672 1594 (quod
1692 1557 1810 1595 prorsus
1819 1559 1907 1589 credo
1921 1579 1929 1592 ,
1955 1563 2101 1601 quoniam
2112 1571 2145 1593 tu

1190 1589 1230 1618 ita
1235 1590 1247 1628 j
1253 1589 1352 1620 udicas
1361 1591 1372 1630 )
1382 1599 1483 1622 tamen
1493 1593 1602 1633 species
1612 1596 1672 1635 ipsa
1683 1605 1743 1627 tam
1749 1599 1872 1640 gratiosi*
1882 1599 1986 1635 liberti,
1997 1612 2047 1633 aut
2057 1603 2145 1637 servi,

1188 1629 1365 1670 dignitatem
1385 1633 1492 1664 habere
1512 1636 1628 1667 nullam
1647 1638 1753 1677 potest.
1777 1644 1874 1681 Atque
1891 1642 1950 1673 hoc
1970 1642 2007 1674 fic
2018 1645 2138 1679 habeto,

1187 1671 1289 1710 (nihil
1312 1675 1397 1703 enim
1417 1685 1473 1705 nec
1490 1678 1603 1707 temere
1624 1679 1721 1710 dicere
1743 1701 1752 1715 ‚
1772 1691 1827 1713 nec
1843 1682 1936 1714 astute
1954 1686 2076 1717 reticere
2095 1687 2149 1718 de·-

1185 1712 1267 1755 beo)
1286 1716 1442 1746 materiam
1463 1727 1591 1749 omnem
1609 1719 1785 1753 sermonum
1804 1734 1908 1755 eorum
1920 1746 1929 1759 ‚
1949 1727 2047 1766 quide
2058 1737 2086 1758 te
2095 1728 2149 1760 de-

1178 1755 1296 1786 trahere
1313 1757 1426 1792 velint,
1447 1761 1572 1791 Statium
1593 1761 1721 1793 dedisse:
1743 1765 1868 1797 &antea
1880 1775 1996 1798 tantum
2006 1770 2140 1812 intelligi

1183 1796 1330 1835 potuisse,
1351 1801 1441 1829 iratos
1460 1809 1518 1831 tuae
1538 1802 1682 1834 severitati
1692 1803 1750 1835 effe
1760 1809 1928 1838 nonnullos
1945 1820 1950 1838 :
1968 1811 2026 1840 hoc
2035 1821 2144 1842 manu-

1184 1836 1275 1867 miffo
1286 1858 1294 1871 ,
1307 1840 1388 1869 iratis
1398 1859 1407 1874 ‚
1418 1842 1499 1881 quod
1511 1843 1706 1883 loquerentur
1715 1867 1724 1878 ,
1737 1856 1800 1877 non
1811 1848 1946 1879 defuisse.
1967 1855 1980 1878 3
1993 1854 2085 1883 Nunc
2095 1864 2142 1884 re-

1180 1876 1336 1918 spondebo
1345 1881 1380 1910 ad
1392 1891 1438 1911 eas
1454 1883 1593 1922 epistolas
1604 1905 1613 1918 ,
1633 1896 1703 1926 quas
1725 1890 1802 1919 mihi
1821 1889 1950 1921 reddidit
1960 1895 1996 1923 L.
2010 1894 2134 1926 Caesius:

1181 1921 1242 1953 cui,
1255 1922 1401 1961 quoniam
1412 1925 1452 1953 ita
1466 1934 1493 1954 te
1502 1925 1581 1955 velle
1590 1928 1728 1969 intelligo
1738 1941 1747 1963 5
1757 1931 1844 1961 nullo
1858 1933 1926 1963 loco
1937 1933 2035 1965 deero.
2059 1938 2142 1978 Qa-

1181 1971 1250 1991 rum
1269 1963 1358 1993 altera
1380 1963 1495 1995 est4de
1505 1967 1672 1999 Blaudenio
1684 1971 1839 2006 Zeuxide,
1857 1984 1949 2016 quem
1960 1976 2064 2008 scribis
2073 1989 2139 2009 cei·—

1179 2003 1325 2034 tiffimum
1348 2007 1535 2038 matricidam
1556 2009 1610 2039 tibi
1627 2010 2047 2049 ameintimecommendari.
2071 2022 2137 2062 Qa

1177 2044 1214 2074 de
1233 2056 1263 2075 re
1274 2066 1282 2079 ‚
1310 2045 1344 2076 δε
1366 2048 1423 2077 hoc
1434 2047 1469 2078 de
1477 2060 1585 2090 genere
1594 2060 1659 2082 toto
1670 2072 1678 2086 ‚
1704 2063 1742 2084 ne
1751 2054 1830 2086 forte
1840 2067 1891 2088 me
1900 2059 1932 2088 in
1944 2061 2064 2090 Graecos
2075 2070 2136 2093 tam

1176 2087 1373 2118 ambitiosum
1391 2088 1506 2120 faenum
1527 2090 1585 2121 effe
1602 2095 1710 2125 mirere
1731 2116 1739 2129 ‚
1771 2107 1860 2137 pauca
1879 2101 2035 2142 cognosce.
2071 2106 2135 2145 Ego

1176 2127 1245 2158 cum
1258 2131 1430 2161 Graecorum
1440 2133 1573 2173 querelas
1582 2136 1717 2166 nimisim
1730 2140 1826 2168 valere
1837 2141 1976 2172 sentirem
1988 2163 1996 2176 ‚
2015 2154 2137 2184 propter

1175 2171 1340 2201 hominum
1360 2174 1481 2213 ingenia
1498 2175 1533 2205 ad
1543 2175 1700 2214 fallendum
1711 2187 1823 2219 parata:
1843 2184 2048 2225 quoscumque
2059 2187 2095 2216 dc
2106 2196 2135 2217 te

1175 2214 1258 2252 queri
1281 2213 1402 2248 audivi,
1421 2225 1608 2257 quacumque
1625 2222 1836 2258 potuiratione
1848 2225 1972 2263 placavi.
1995 2229 2131 2259 Primum

1175 2253 1411 2295 Dionyfipolitas
1423 2277 1431 2290 ‚
1448 2268 1502 2298 qui
1516 2268 1597 2289 erant
1608 2261 1811 2293 inimicissimi
1825 2269 1904 2300 mei,
1923 2268 2018 2298 lenivi
2032 2279 2037 2297 :
2054 2280 2131 2310 quo-

1175 2305 1244 2325 rum
1270 2299 1441 2338 principem
1459 2301 1664 2341 Hermippum
1689 2313 1752 2334 non
1771 2305 1870 2337 solum
1888 2309 2027 2339 sermone
2047 2321 2128 2344 meo³

1172 2337 1222 2367 sed
1252 2340 1342 2368 etiam
1362 2340 1560 2372 familiaritate
1579 2344 1715 2375 devinxi.
1747 2349 1810 2388 Ego
1831 2351 2046 2389 Apameensem
2066 2354 2130 2384 He·

1171 2378 1319 2418 phaestum
1334 2401 1343 2414 ‚
1356 2391 1412 2421 ego
1423 2381 1606 2414 levissimum
1617 2387 1777 2419 hominem
1787 2409 1798 2422 ,
1811 2391 2003 2432 Megaristum
2013 2396 2132 2425 Antan-

1169 2420 1269 2451 drium
1288 2441 1296 2455 ‚
1325 2432 1380 2462 ego
1398 2426 1520 2455 Niciam
1537 2429 1726 2467 Smyrnaeum
1746 2450 1754 2464 ,
1785 2440 1840 2473 ego
1869 2443 1959 2474 nugas
1979 2436 2127 2466 maximis

1171 2465 1259 2492 omni
1268 2473 1335 2494 mea
1344 2468 1486 2496 comitate
1494 2467 1560 2498 sum
1571 2471 1748 2510 complexus
1758 2492 1767 2506 ,
1791 2475 2024 2514 Nymphontem
2034 2479 2125 2509 etiam

1171 2505 1418 2545 Colophonium3
1431 2509 1560 2548 quaefeci
1571 2513 1675 2541 omnia
1684 2532 1692 2545 ‚
1707 2523 1768 2543 non
1779 2525 1838 2554 quo
1850 2526 1900 2546 mc
1912 2536 1920 2550 ,
1931 2526 1980 2547 aut
1990 2519 2011 2547 ii
2020 2519 2116 2549 homi>

1170 2556 1222 2576 nes
1233 2565 1241 2580 ,
1255 2556 1303 2578 aut
1316 2555 1375 2579 tota
1384 2558 1467 2580 natio
1478 2550 1635 2582 delessaret
1648 2555 1818 2592 :pertaesum
1830 2556 1871 2587 est
1879 2558 2019 2594 levitatis,
2029 2559 2125 2591 asten-

1168 2590 1308 2623 tationis,
1329 2591 1521 2626 animorum,
1541 2603 1606 2623 non
1630 2592 1756 2629 officiis,
1778 2597 1825 2627 sed
1838 2600 2024 2639 temporibus
2037 2622 2046 2636 ‚
2066 2602 2125 2633 ser-

1168 2631 1327 2660 vientium.
1362 2632 1419 2662 Sed
1432 2652 1442 2667 ‚
1464 2642 1497 2663 ut
1512 2634 1547 2664 ad
1568 2635 1700 2665 Zeuxim
1719 2648 1862 2670 revertar:
1881 2641 1953 2672 cum
1976 2643 2002 2672 is
2020 2643 2057 2674 dc
2075 2647 2119 2674 M.

1169 2671 1301 2701 Cascellii
1318 2673 1459 2704 sermone
1485 2674 1583 2706 secum
1604 2677 1725 2713 habito,
1744 2690 1811 2721 quae
1835 2691 1865 2712 tu
1876 2682 1979 2714 scribis
1991 2704 2000 2718 ,
2019 2687 2124 2727 eaipssst

1168 2713 1357 2753 loqueretur,
1372 2715 1474 2746 obstiti
1487 2718 1551 2756 ejus
1562 2717 1709 2754 sermoni,
1730 2722 1935 2754 &hominem
1948 2727 1980 2756 in
1993 2725 2125 2760 familia-

1166 2756 1283 2785 ritatem
1306 2758 1413 2797 rcoepi.
1438 2760 1504 2789 Tua
1521 2768 1620 2790 autem
1638 2771 1704 2802 quae
1718 2761 1809 2795 fuerit
1826 2766 1970 2806 cupiditas
1978 2776 2057 2800 tanta
2066 2780 2122 2801 ne-

2044 2811 2121 2846 sClO,

159 2846 2121 2917 mmmmm

165 2901 263 2928 Lchio
273 2912 359 2929 minus
369 2902 428 2929 sii-na
439 2923 447 2934 ‚
469 2903 531 2929 licet
549 2903 581 2928 sne
593 2911 697 2937 quoque
709 2902 843 2930 l'ietor'ius
856 2922 863 2934 ‚
884 2912 942 2928 iiam
964 2910 1036 2929 retro
1046 2903 1097 2928 cusi
1109 2912 1119 2944 ⁵,

161 2939 271 2971 q'usmodi
278 2940 396 2964 theatrum
405 2941 439 2964 ef?
447 2942 519 2964 terim
526 2940 583 2972 Asis:
592 2957 600 2969 ,
614 2940 746 2963 celem-irase
760 2957 767 2969 ,
778 2938 828 2968 ὡς.
848 2938 918 2974 quod
929 2939 957 2963 S<
971 2939 1120 2965 Manutiani

166 2973 310 3000 retinuere.
329 2975 423 3014 quippe
434 2974 579 3001 Lambinus
593 2993 601 3005 ,
620 2977 738 2999 theatrum
759 2976 806 3000 mis
823 2976 956 3000 virtutibus
971 2976 1006 3000 er?
1025 2974 1118 3017 daruni.

160 3008 210 3035 sttl
229 3016 324 3044 practer
334 3010 391 3035 mss.
410 3010 509 3037 nostros
522 3030 530 3042 ,
552 3019 665 3046 quoi-um
685 3010 766 3046 aliqui
780 3020 786 3040 3
810 3014 930 3036 theatrum
941 3014 1013 3050 totins
1023 3012 1119 3036 ct'ltbrl-

165 3052 226 3075 aare,
237 3045 288 3075 ὡς.
308 3043 389 3081 aliqui
398 3044 545 3073 admittunt
562 3054 689 3082 praeterea
708 3055 798 3073 vocem
809 3049 867 3082 Afiae
880 3066 888 3078 ‚
906 3047 1016 3073 exclulis
1027 3054 1115 3073 tamen

165 3087 272 3107 ceteris.
1095 3120 1102 3124 ἱ

200 3124 229 3142 2..
249 3116 376 3152 Mmfiilum
385 3118 430 3145 tibi
443 3124 530 3151 parum
540 3119 692 3155 confidui'ffe,
702 3119 770 3157 om]
788 3118 862 3149 Illud
872 3120 993 3156 nonfis'um
1006 3119 1119 3150 cxclulit

1159 2913 1201 2932 rat
1212 2904 1307 2933 abesse.

1194 2965 1220 2991 3.
1241 2959 1310 2983 Mon
1321 2959 1464 2991 respondebo,
1475 2959 1542 2994 (sy-c]
1564 2961 1642 2989 Nihil
1655 2963 1758 2990 variant
1772 2964 1839 2991 Pali.
1850 2964 1946 2992 Paulus
1959 2972 2046 2993 tamen
2058 2967 2118 2993 Mu»-

1158 2992 1247 3020 nutius
1259 2993 1353 3020 maluit
1366 3003 1374 3025 3
1395 2999 1454 3030 ‘2-(501
1465 2996 1563 3030 respons.

1192 3054 1220 3081 4.
1239 3051 1272 3075 De
1289 3049 1420 3076 Blaudenio
1435 3049 1574 3085 Zeuxide]
1607 3051 1694 3087 Vulgo
1707 3071 1717 3085 ‚
1745 3053 1883 3080 alandt-nio.
1904 3038 1961 3081 nam
1982 3053 2118 3094 Vitftorips

1157 3084 1286 3113 Blandem'o
1294 3085 1405 3113 r'euxide.
1429 3085 1497 3112 Pan.
1513 3087 1581 3114 miri.-
1591 3086 1750 3124 discrepant.
1770 3098 1811 3126 pr.
1831 3091 1930 3117 Blaindc
1945 3091 2054 3130 Tcuxide.
2076 3092 2119 3115 iic.

1155 3121 1258 3150 Blainde
1271 3121 1385 3151 zeuxide.
1398 3128 1462 3152 tert.
1474 3123 1700 3189 Blaii{eiirgigxzdcv'2³
1706 3133 1794 3163 quart.
1804 3127 1932 3156 Blaindmo
1940 3130 2110 3189 Zeus-iisse&

2160 1872 2182 1896 {a
