2316 3395
176 2488 212 2520 71

216 150 304 197 ιοὸ
642 144 1137 193 Μ.Τυι.ι.ιι

209 233 291 263 Huic
308 229 408 271 generi
419 226 496 270 quasi
515 228 697 258 conti-arium
708 225 751 256 est
768 224 886 255 ridiculi
907 233 1000 265 genus
1009 223 1160 263 patientis,

209 283 242 303 ac
260 274 335 303 lenti
353 281 359 300 z
383 280 433 304 ut,
453 268 609 300 cumcito
626 265 774 308 percussus
792 264 864 296 ess'et
877 265 959 299 abeo
975 285 983 299 ,
1003 267 1162 306 quiarcam

209 314 340 347 ferebat,
358 311 431 343 cum
450 311 501 341 ille
514 310 624 341 diceret
635 329 642 342 ,
666 311 759 337 save:
771 309 886 348 rogavit
898 327 906 341 ‚
923 306 1074 348 numquid
1083 304 1166 340 aliud

210 355 300 386 ferret
310 364 411 395 praeter
428 362 523 383 arcam
542 354 553 380 ?
576 354 673 380 Etiam
685 348 812 380 stultitiae
825 349 891 383 salsa
909 346 1095 388 reprehensio
1106 366 1115 382 ‚
1135 355 1169 381 ut

213 398 265 428 ille
276 396 392 428 Siculus
404 415 411 429 ‚
423 396 471 424 cui
481 402 587 433 praetor
593 392 693 431 Scipio
702 400 860 431 patronum
871 391 963 425 causae
972 390 1057 425 dabit
1067 389 1169 429 hospi-

214 449 276 470 tem
296 439 402 470 suum,
424 437 582 466 hominem
602 433 758 467 nobilem,
781 432 832 467 sed
842 431 1008 467 admodum
1025 431 1168 464 stultum:

216 480 314 520 Qaefh
326 500 333 512 ‚
354 480 453 518 inquit
464 497 472 509 ‚
489 484 612 515 praetor,
636 473 801 507 adversario
819 484 890 508 meo
908 474 945 507 da
961 473 1053 507 istum
1072 482 1170 513 patro-

215 532 291 552 num
303 542 312 554 ,
334 519 441 550 deinde
453 518 530 547 mihi
541 518 699 547 neminem
709 515 836 550 dederis.
859 518 988 550 Movent
1006 516 1057 548 illa
1067 517 1169 547 etiam,

214 573 280 604 quae
289 559 460 600 conjefkura
479 559 675 598 explanantur
690 557 780 599 longe
797 557 900 592 aliter,
918 567 1004 598 atque
1016 557 1103 591 sunu
1122 555 1172 587 sed
1195 572 1197 583 ι

215 604 297 636 acute
310 623 317 636 ‚
329 611 415 643 atque
424 600 574 630 concinne
589 610 594 628 2
613 598 724 630 utcum
735 603 857 634 Scaurus
866 598 1172 633 accusaretRutilium
1196 603 1197 607 ’

216 646 349 676 ambitus
357 663 366 677 ‚
387 640 459 673 cum
471 641 530 682 ipse
541 644 610 674 Cos.
620 640 692 675 ess‘et
701 640 795 671 faEms
811 661 819 674 ,
831 641 883 675 ille
893 641 1039 680 repulsam
1050 638 1172 672 tuliss'et,

218 688 252 717 δε
262 689 295 716 in
304 688 329 726 ej
335 695 368 715 us
376 684 485 714 tabulis
493 681 661 713 ostenderet
670 683 777 715 litteras
788 702 796 716 ,
817 692 879 713 A.i-·.
886 693 911 712 r».
918 693 951 712 n.
964 682 1053 722 idque
1064 681 1175 712 diceret

220 727 278 758 efl't·
289 748 297 762 ,
320 724 502 764 -Adffumfide
511 727 542 756 P.
555 724 684 757 Rutilii:
694 725 828 757 Rutilius
837 733 936 757 autem
948 745 957 758 ‚
974 722 1171 762 antefaffum,

220 768 284 811 pbs‘?
297 768 419 798 relatum
428 778 439 794 ··
450 769 483 797 C.
495 768 628 802 Cannius
638 785 647 800 2
658 776 747 806 eques
757 768 914 798 Romanus
926 785 933 799 ,
945 765 1018 798 curn
1029 763 1113 796 Rufo
1123 763 1175 794 ad-

219 810 290 842 css'et
300 832 308 844 ,
321 809 479 846 exclamat,
490 817 631 842 neutrum
642 808 703 837 illis
714 809 818 838 litteris
829 807 976 838 declarari.
1001 806 1083 848 Qid
1093 815 1173 846 ergo,

217 855 454 894 iuquit,Scaurus
464 853 474 880 ?
484 850 636 879 tAEmt'lius
642 848 860 890 fhcz't,plec'htus
871 849 1011 882 Rutilius.
1024 847 1176 879 Ridentur

217 897 309 926 etiam
320 894 522 932 discrepantia.
546 891 630 932 de
648 891 714 919 huic
730 889 810 921 abest
821 911 829 924 ‚
850 889 906 920 nisi
923 900 967 921 res
981 911 990 923 ,
1010 890 1043 920 ὃς
1059 891 1178 921 virtus?

220 937 301 967 Bella
311 937 400 965 etiam
421 932 463 964 cst
471 933 628 963 familiaris
646 931 832 972 reprehensio
843 951 851 965 ,
870 931 949 973 quasi
958 933 1079 965 errantis
1103 941 1109 960 z
1132 939 1176 964 ut,

219 977 291 1008 itum
303 977 470 1016 objurgavit
481 975 587 1005 Albius
599 975 745 1004 Granium
757 993 764 1007 ‚
787 973 870 1015 quod
883 994 891 1008 ,
912 984 982 1004 cum
993 974 1056 1012 ejus
1068 972 1176 1003 tabulis

219 1019 364 1061 quiddam
374 1010 504 1048 Albucio
523 1015 680 1057 probatum
698 1015 848 1047 videretur
860 1035 868 1049 ‚
889 1015 921 1045 &
936 1015 1022 1046 valde
1040 1015 1176 1046 absoluto

220 1060 352 1091 Scaevola
361 1059 499 1101 gauderet
510 1071 518 1092 3
538 1068 575 1087 nc
599 1067 634 1087 ue
654 1057 832 1098 intelligeret
842 1077 850 1086 2
869 1066 971 1088 contra
982 1057 1044 1088 suas
1065 1056 1176 1087 tabulas

221 1102 279 1133 effe
291 1102 465 1140 judicatum.
490 1101 570 1130 Huic
577 1068 684 1128 amilis
703 1097 746 1129 est
755 1100 845 1128 etiam
855 1099 1025 1129 admonitio
1036 1100 1069 1128 'in
1079 1095 1176 1129 consi-

223 1146 264 1175 lio
275 1143 373 1174 dando
383 1142 537 1172 familiaris
549 1161 557 1174 ‚
571 1150 603 1170 ut
614 1160 622 1174 ‚
642 1139 714 1170 cum
724 1149 850 1180 patrono
862 1141 943 1171 malo
952 1161 960 1174 ‚
985 1139 1057 1171 cum
1067 1148 1176 1170 vocem

224 1188 256 1216 in
265 1184 395 1216 dicendo
412 1182 574 1213 obtud'u‘set
584 1202 593 1215 ,
614 1181 753 1214 suadebat
762 1184 890 1212 Granius
901 1202 909 1216 ‚
928 1191 961 1212 ut
979 1181 1112 1212 mulsum
1122 1180 1177 1211 fri-

220 1228 326 1267 gidum
338 1226 452 1256 biberet
463 1244 471 1258 ,
483 1222 605 1254 fimulac
614 1223 743 1254 domurn
754 1222 874 1254 rediffet
893 1234 898 1253 ι
921 1223 1036 1253 Perdam
1045 1243 1054 1256 ‚
1066 1224 1175 1263 inquit,

223 1279 329 1299 vocem
341 1288 350 1302 ,
363 1266 383 1296 si
392 1267 422 1297 id
432 1266 543 1297 fecero:
567 1265 678 1296 Melius
687 1264 731 1295 est
741 1285 749 1299 ,
760 1266 792 1294 in
815 1267 876 1299 uit,
888 1265 979 1306 quam
990 1274 1087 1297 reum.
1112 1263 1179 1297 Bel-

227 1312 290 1340 lum
301 1312 391 1340 etiam
403 1307 445 1338 cst
455 1328 462 1341 ‚
475 1306 546 1337 cum
558 1327 566 1340 ‚
586 1306 659 1348 quid
668 1308 775 1347 cuique
797 1308 1064 1338 itconsentaneum
1074 1326 1083 1339 ,
1103 1305 1179 1336 dici-

225 1362 272 1382 tur
292 1362 298 1380 1
318 1360 351 1381 ut
361 1371 369 1385 ‚
390 1349 462 1380 cum
472 1352 594 1380 Scaurus
605 1349 785 1379 nonnullam
796 1349 914 1379 haberet
923 1348 1069 1380 invidiam
1081 1357 1118 1378 ex
1128 1357 1177 1380 eo,

223 1392 307 1435 quod
317 1393 496 1432 Phrygionis
507 1392 662 1430 Pompeii,
682 1390 841 1429 locupletis
859 1391 1014 1423 hominis,
1031 1389 1110 1421 bona
1118 1387 1180 1421 sine

223 1434 401 1466 testamento
416 1431 580 1473 poss'ederat
603 1443 607 1460 :
632 1431 802 1472 sederetque
817 1431 977 1463 advocatus
996 1441 1047 1462 reo
1064 1430 1179 1463 Bestiae,

226 1476 299 1506 curn
319 1475 411 1506 funus
431 1473 583 1515 quoddam
601 1473 774 1506 duceretur,
794 1474 941 1504 accusator
958 1476 990 1503 C.
999 1474 1181 1505 Memmius,

231 1519 300 1548 Vide
310 1537 319 1551 ‚
333 1518 434 1557 inquit
446 1537 454 1549 ‚
466 1519 569 1546 Scaure
580 1536 590 1548 2
602 1523 739 1545 mortuus
748 1517 870 1555 rapitur,
879 1513 900 1544 si
910 1523 994 1555 potes
1003 1512 1061 1545 effe
1070 1512 1182 1554 pofl'es-

230 1560 286 1590 sor.
310 1559 366 1589 Sed
377 1568 414 1588 ex
425 1559 471 1587 his
491 1557 636 1587 omnibus
645 1556 723 1587 nihil
739 1558 833 1596 magis
849 1556 979 1590 ridetur,
999 1555 1090 1596 quam
1099 1554 1182 1596 quod

227 1601 271 1632 est
280 1609 383 1642 praeter
391 1598 657 1639 exspectationem‚
667 1599 713 1638 cuj
719 1607 751 1627 us
761 1598 993 1632 innumerabilia
1001 1598 1069 1628 sunt
1077 1607 1183 1629 exem-

227 1644 276 1682 pla
287 1663 294 1676 ‚
305 1643 353 1673 vel
364 1643 453 1682 Appii
464 1641 585 1680 majoris
596 1641 676 1669 illius
688 1659 696 1673 ‚
716 1641 768 1680 qui
778 1641 811 1669 in
829 1640 933 1670 senatu
942 1660 950 1674 ‚
971 1638 1042 1670 cum
1052 1648 1184 1680 ageretur

228 1685 264 1714 de
277 1686 353 1725 agris
363 1683 491 1723 publicis
502 1702 511 1715 ‚
531 1682 564 1713 &
573 1681 610 1712 de
621 1681 685 1721 lege
695 1683 787 1711 Toria
797 1701 806 1715 ,
827 1685 838 1700 ¹
858 1681 891 1711 &
899 1689 1082 1721 premeretur
1091 1682 1184 1712 Luci—

228 1727 286 1756 lius
298 1726 334 1755 ab
343 1727 390 1758 iis,
401 1726 453 1765 qui
463 1723 479 1754 a
487 1734 592 1764 pecore
602 1723 666 1762 ejus
676 1722 790 1762 depasci
800 1732 884 1764 agros
892 1723 1029 1763 publicos
1038 1722 1183 1755 dicerent,

229 1770 294 1797 Nm
304 1766 348 1796 ef}
357 1787 365 1801 ‚
386 1768 501 1806 inquit,
524 1765 635 1795 Lucilii
646 1774 737 1804 pecus
747 1764 824 1794 illud
846 1775 851 1794 ι
868 1766 969 1795 erratis
988 1774 994 1793 :
1014 1763 1185 1803 (defendere

230 1809 385 1840 Lucilium
395 1807 561 1846 videbatur)
573 1816 628 1848 ego
636 1806 767 1836 liberum
777 1814 851 1845 puto
860 1805 927 1836 esse.
950 1805 1007 1846 qua
1018 1805 1101 1837 lubet
1112 1826 1120 1838 ‚
1132 1815 1186 1844 pa-

230 1851 325 1881 scitur.
349 1850 446 1881 Placet
462 1850 554 1878 etiam
574 1848 655 1878 mihi
672 1847 748 1878 illud
758 1849 906 1888 Scipionis
924 1848 1006 1877 illius
1017 1867 1025 1881 ‚
1045 1849 1098 1887 qui
1107 1847 1181 1877 Tib.

231 1893 399 1923 Gracchum
416 1890 548 1930 perculit.
570 1888 642 1920 cum
653 1891 683 1919 ei
691 1891 735 1918 M.
748 1890 868 1920 Flaccus
885 1889 988 1922 multis
1004 1889 1120 1929 probris
1130 1888 1186 1918 ob-

230 1933 317 1974 jeEtis
328 1935 501 1964 P.Mucium
506 1932 518 1972 j
523 1931 641 1962 udiccin
652 1929 762 1965 tuliflet
771 1951 779 1965 ‚
804 1932 884 1970 Ejeso
894 1951 903 1965 ,
917 1933 1016 1971 inquit
1035 1941 1040 1959 :
1062 1932 1185 1970 iniquus

232 1975 283 2006 est.
303 1974 375 2009 cum
384 1973 455 2004 effer
463 1972 721 2004 adium-muratum
732 1993 740 2007 ,
757 1973 814 2001 -Ah
825 1993 833 2006 ‚
845 1974 944 2014 inquit
953 1992 962 2006 ,
979 1974 1045 2007 P.C.
1056 1981 1121 2003 non
1130 1982 1185 2011 ego

232 2018 305 2047 mihi
325 2017 414 2046 illum
435 2017 577 2056 iniquum
597 2016 678 2051 eiero
688 2035 696 2047 ‚
718 2017 734 2034 ²·
748 2013 855 2049 verum
876 2014 1030 2046 omnibus.
1062 2013 1109 2043 Ab
1129 2014 1189 2042 hoc

230 2057 303 2092 vero
313 2057 412 2088 Crassb
423 2058 501 2092 nihil
509 2056 631 2086 facetius
637 2054 844 2088 ‚ciimlaesiffet
855 2055 934 2086 testis
945 2056 1022 2085 Silus
1032 2055 1186 2088 Pisonem,

231 2100 314 2140 quod
324 2100 352 2130 se
362 2102 396 2129 in
406 2095 596 2128 eumaudiss‘e
606 2095 744 2127 dixifl'et:
768 2096 932 2136 Potest'fieri
943 2117 951 2131 ‚
974 2099 1073 2137 inquit
1082 2116 1091 2130 ‚
1111 2096 1183 2129 Sile,

234 2150 266 2172 ut
276 2143 301 2170 is
309 2161 317 2174 ‚
329 2140 446 2170 undere
455 2137 566 2169 audiss'e
578 2138 651 2168 dicis
661 2158 668 2171 ‚
680 2139 768 2168 iratus
779 2138 900 2169 dixerit.
913 2140 1019 2170 annuit
1028 2138 1115 2167 Silus.
1132 2147 1188 2176 po-

235 2182 289 2212 test
297 2184 386 2212 etiarn
397 2201 406 2215 ,
427 2189 500 2210 utvtu
510 2189 575 2209 non
584 2179 663 2209 reste
674 2179 872 2208 intellexeris.
896 2179 925 2208 id
937 2188 1056 2218 quoque
1065 2187 1130 2207 toto
1141 2188 1190 2207 ca-

232 2226 294 2265 pite
302 2225 428 2257 annuit,
448 2222 518 2252 utsc
527 2219 627 2250 Crasso
637 2220 729 2252 daret.
751 2219 847 2260 potest
862 2221 953 2249 etiam
971 2218 1053 2252 fieri,
1073 2221 1189 2259 inquit,

232 2267 405 2296 utomnino
415 2284 424 2298 ‚
436 2262 518 2304 quod
528 2271 556 2292 te
564 2260 675 2293 audiffe
684 2261 771 2295 dicis,
789 2271 956 2301 numquam
967 2260 1106 2291 audieris.
1130 2261 1190 2289 hoc

237 2309 275 2337 ita
284 2315 388 2347 praeter
396 2304 651 2344 exspestationem
661 2303 768 2334 accidit
778 2323 787 2337 ,
807 2301 951 2334 uttestem
962 2303 1105 2331 omnium
1116 2302 1190 2331 risus

236 2349 384 2380 obrueret.
408 2348 509 2387 Hujus
517 2348 633 2386 generis
643 2344 686 2379 est
693 2345 801 2384 plenus
825 2347 837 2372 3
849 2346 974 2379 Naevius
987 2363 995 2377 ‚
1014 2343 1138 2383 &jocus
1148 2341 1191 2374 est

236 2390 393 2421 familiaris
404 2409 413 2425 ,

281 2432 394 2474 Sapiens
405 2429 434 2471 fi
449 2426 548 2470 algebis
556 2449 565 2462 ‚
584 2436 692 2461 tremes.
738 2428 770 2463 δε
781 2428 837 2458 alia
846 2428 1003 2467 permulta.

279 2477 359 2514 Saepe
377 2475 467 2502 etiam
485 2470 577 2501 facete
598 2469 745 2500 concedas
763 2469 927 2502 adversario
944 2469 1073 2508 idipsum
1084 2488 1095 2502 ,
1111 2467 1192 2509 quod

239 2515 293 2546 tibi
303 2515 354 2544 ille
364 2513 490 2544 detrahit
501 2532 509 2546 ‚
526 2520 558 2541 ut
568 2514 600 2542 C.
612 2513 723 2543 Laelius
734 2531 743 2545 ‚
761 2509 834 2541 cum
844 2513 871 2541 ei
881 2510 1003 2551 quidam
1014 2510 1095 2540 malo
1103 2520 1193 2550 gene-

238 2567 270 2588 re
281 2565 366 2586 natus
375 2555 486 2585 diceret
496 2574 504 2587 ,
517 2553 678 2595 indignum
688 2551 747 2583 esse
756 2553 816 2583 suis
826 2552 1002 2593 majoribus,
1012 2553 1065 2581 ,Λτ
1075 2552 1190 2584 hercule,

240 2599 358 2639 inquit,
376 2605 408 2626 tu
419 2597 477 2626 tuis
486 2595 604 2635 dignus.
626 2598 708 2635 Saepe
717 2596 809 2625 etiam
820 2593 1000 2626 sententiose
1010 2593 1135 2625 ridicula
1145 2592 1192 2622 di-

241 2648 363 2670 cuntur:
377 2647 409 2668 ut
419 2638 591 2666 M-Cincius
603 2656 610 2670 ,
631 2647 692 2677 quo
700 2636 749 2668 die
760 2636 855 2677 legem
866 2635 902 2665 de
912 2635 1003 2667 donis
1015 2634 1048 2664 ὃ(
1058 2636 1193 2664 muneri·
1218 2643 1219 2653 ¹

240 2681 296 2712 bus
306 2680 394 2712 tulit,
413 2677 484 2708 cum
496 2680 630 2708 C-Cento
640 2676 810 2717 prodiisti-t,
833 2677 866 2707 δε
877 2678 942 2708 satis
959 2675 1191 2708 contumeliose,

240 2722 325 2762 Qid
333 2721 392 2760 fers
400 2720 557 2750 Cinciole?
575 2718 717 2760 quaesiss'et
737 2730 742 2748 z
765 2721 811 2748 Ut
830 2729 922 2753 emas,
944 2720 1063 2758 inquit,
1080 2719 1130 2747 Cai
1144 2737 1152 2750 ,
1173 2715 1194 2746 si

240 2767 285 2795 uti
296 2764 378 2794 velis.
402 2765 483 2801 Saepe
492 2762 581 2790 etiam
591 2761 662 2791 salsi:
672 2771 736 2801 quae
747 2759 812 2791 fieri
825 2770 890 2790 non
900 2758 1036 2800 possunt,
1047 2767 1194 2799 optantur:

241 2814 273 2835 ut
283 2807 400 2835 Marcus
411 2802 543 2842 Lepidus
553 2823 560 2835 ‚
575 2802 645 2831 cum
657 2804 761 2832 ceteris
772 2803 804 2832 in
815 2811 922 2841 campo
931 2801 1148 2833 exercentibus,
1160 2801 1193 2830 in

240 2847 330 2877 herba
340 2846 400 2886 ipse
410 2842 596 2877 recubuisset,
608 2845 705 2874 Vellem
712 2845 760 2873 hoc
769 2842 851 2877 effet,
863 2845 972 2884 inquit,
983 2843 1121 2874 laborare.
1133 2842 1194 2873 Sal-

281 2948 290 2965 Ι
299 2959 304 2964 .
324 2941 356 2964 Et
363 2945 506 2971 premeretur
514 2939 622 2962 Lucilius
632 2938 662 2962 ab
671 2938 726 2971 ihu]
750 2938 835 2972 l‘igliii
846 2937 953 2973 scriptus
967 2956 975 2968 ,
985 2939 1136 2971 &peteretur
1144 2938 1197 2960 Lu-

241 2975 316 3000 cuum
327 2983 335 3005 ;
355 2973 425 3009 quod
436 2973 529 3009 probat
542 2992 549 3003 ,
570 2980 599 2998 ut
611 2972 692 2998 fuerit
703 2980 774 3009 pater
784 2977 816 2999 L.
826 2976 919 2999 Luculli
929 2993 937 3005 ,
957 2973 1002 3009 qui
1012 2971 1196 3000 Mithridatem

244 3010 318 3036 vicit.
339 3009 457 3035 videatur
468 3008 520 3044 ipsc
529 3009 556 3034 iii
568 3009 646 3034 Fastis
658 3009 688 3034 ud
700 3018 795 3036 :uiuum
807 3018 966 3036 ncxxxrrx.

280 3055 310 3072 2.
330 3048 413 3072 Verum
422 3044 552 3078 omnibns]
564 3043 887 3073 Gulielmius-annotavit2
900 3044 1057 3081 ambiguitas
1067 3045 1094 3071 in
1103 3053 1199 3076 wrun,

245 3084 273 3112 id
283 3086 318 3112 est
330 3086 434 3118 ‚justum
443 3104 451 3116 ,
463 3081 589 3117 dimetior-

281 3132 294 3159 3
302 3144 308 3150 .
327 3127 425 3150 Navius·
434 3143 441 3156 ‚
451 3126 480 3156 ἐγ
479 3127 549 3159 jocus
557 3127 593 3152 ef?
592 3125 725 3158 familiaris
731 3125 753 3159 Γ]
774 3125 841 3152 Pall.
852 3134 941 3152 omncs
953 3132 1046 3162 practer
1055 3124 1180 3152 octavum
1193 3142 1202 3155 ‚

246 3163 346 3187 Navitas.
365 3160 447 3188 iidem
460 3180 467 3194 ‚
479 3164 514 3189 eff
522 3163 584 3188 locui
596 3181 604 3195 ,
615 3162 786 3196 errfmaltaris
797 3181 808 3196 ‚
825 3162 872 3190 nisi
883 3162 953 3197 quod
964 3171 1049 3190 nouus
1061 3181 1069 3195 ‚
1087 3163 1200 3196 cssjocm.
1248 3161 1364 3197 gendum
1377 3177 1385 3192 ‚
1396 3158 1562 3194 daffimulatitu.

1216 139 1739 188 Clcnssouis

1213 219 1280 251 sum
1290 217 1334 249 est
1341 219 1433 253 etiam
1443 218 1643 259 quaerentibus
1653 239 1661 253 .
1672 219 1705 251 &
1713 217 1791 260 quasi
1800 216 2091 259 percunt'tanffibus,
2104 218 2171 251 len·

1214 260 1242 292 τὸ
1253 259 1429 300 respondere
1439 259 1521 300 quod
1530 261 1648 292 nollent
1659 271 1664 291 :
1676 270 1707 291 ιιι
1716 261 1820 292 censor
1830 260 2046 301 Lepidus,cum
2058 264 2172 292 M.An-

1214 301 1297 335 tistio
1306 299 1441 343 Pyrgensi
1459 311 1570 342 equum
1587 301 1760 336 ademisset,
1779 304 1927 343 amicique
1945 302 2016 334 cum
2027 301 2173 334 vocum-:12

1215 352 1334 378 rentur,
1352 344 1579 384 &quaererenh
1599 344 1672 384 quid
1682 344 1732 375 ille
1743 347 1816 384 patri
1833 345 1886 374 suo
1896 344 2102 384 responderet,
2120 354 2174 374 cur

1216 385 1392 425 ademptum
1404 383 1457 414 libi
1466 395 1581 426 equum
1589 386 1702 418 diceret
1709 405 1718 419 ‚
1729 385 1802 416 cum
1812 388 1946 426 optimus
1955 387 2095 419 colonus,
2106 395 2173 426 par-

1217 426 1349 459 cissimus
1360 446 1368 461 ,
1381 424 1616 459 modestissimus
1627 447 1635 460 ,
1654 426 1864 467 frugalissimus
1874 426 1946 457 ess'ct
1964 439 1969 456 z
1987 429 2039 457 Me
2047 426 2173 463 islornm,

1218 470 1317 509 inquit
1327 468 1405 500 nihil
1421 467 1547 500 credere.
1580 468 1771 509 Colliguntur
1787 468 1924 500 aGiaecis
1941 470 1998 499 alia
2014 469 2174 503 nonnulla,

1217 511 1433 544 exsecrationes
1449 529 1459 544 ,
1481 509 1693 542 admirationes
1713 531 1724 544 ,
1745 512 1939 541 minationes.
1977 510 2033 540 Sed
2053 511 2114 541 'naec
2130 512 2176 550 isi-⁷

1221 552 1249 582 sa
1267 553 1360 585 nimis
1381 552 1459 583 mihi
1476 550 1582 583 videor
1599 551 1695 582 multa
1711 553 1746 585 in
1762 562 1870 592 genera
1888 550 2073 591 descripsiffe.
2105 561 2176 582 nam

1220 593 1271 626 illa
1289 613 1298 626 ,
1321 602 1385 633 quae
1394 592 1478 623 verbi
1488 594 1621 626 ratione,
1641 592 1674 624 δε
1684 595 1716 623 vi
1725 595 1921 623 continentur
1930 613 1938 626 ‚
1961 602 2035 623 certa
2044 591 2106 623 fere
2117 612 2126 626 ,
2146 603 2178 624 ac

1196 663 1198 668 ,
1222 633 1346 668 definita
1355 635 1423 668 suut
1446 644 1451 664 :
1473 644 1540 674 quae
1558 634 1756 675 pierumque,
1772 634 1880 664 utante
1890 634 1956 665 dixi
1968 655 1976 668 ,
1993 634 2103 665 laudari
2114 644 2178 665 ma-

1221 678 1265 717 gis
1277 696 1286 710 ‚
1307 675 1399 717 quam
1408 675 1619 709 rideri‘solent.
1645 678 1717 707 Haec
1727 685 1827 708 autem
1837 695 1846 710 ‚
1861 686 1927 716 quae
1942 677 2010 706 sunt
2026 677 2058 706 in
2075 686 2123 710 re,
2144 677 2178 706 &

1223 718 1327 757 inipsa
1345 718 1490 751 sententia
1508 737 1517 750 ‚
1541 717 1671 757 partibus
1696 718 1764 749 sunt
1781 717 2011 749 innumerabilia
2029 738 2037 751 ,
2061 719 2178 760 generi-

1222 760 1278 793 bus
1287 769 1387 799 pauca.
1413 758 1692 798 ExspeEtationibus
1702 761 1786 790 enim
1798 759 1983 799 decipiendis
1993 780 2002 793 ‚
2023 759 2056 789 <Sc
2067 761 2180 789 naturis

1223 801 1351 835 aliorum
1363 800 1522 833 irridendis
1534 820 1542 834 ‚
1562 801 1696 840 ipsorum
1707 800 1833 831 ridicule
1845 800 2013 832 indicandis
2023 821 2032 834 ‚
2054 801 2085 830 &
2096 799 2179 830 simi-

1225 842 1352 873 litudine
1372 844 1512 881 turpioris
1532 862 1541 876 ‚
1564 844 1597 873 δε
1615 841 1868 876 ἀῆῖιιιιιὼιιὶοιιε,
1892 843 1924 872 &
1944 842 2118 873 subabsurda
2135 842 2182 872 di*

1223 883 1370 917 cend0,&
1380 882 1466 915 stulta
1475 884 1807 923 reprehendendo,risus
1818 893 1988 914 moventur.
2009 887 2109 924 Itaque
2120 885 2183 913 im·

1226 925 1362 960 buendus
1379 924 1422 956 est
1439 927 1465 954 is
1485 945 1493 958 ‚
1516 927 1569 966 qui
1575 926 1681 964 jocose
1691 927 1756 956 vult
1765 925 1861 956 dicere
1881 946 1889 960 ‚
1912 924 1992 966 quafi
2001 935 2103 956 natura
2111 935 2183 966 qua-

1225 967 1296 998 dam
1317 987 1325 1001 ‚
1348 976 1412 1006 apta
1422 966 1457 998 ad
1467 967 1530 998 haec
1545 977 1652 1007 genera
1669 986 1678 1001 ‚
1703 967 1736 998 δε
1754 967 1890 1001 moribus
1910 988 1918 1002 ‚
1943 976 1975 997 ut
1985 967 2020 997 ad
2039 968 2182 1007 cujusque

1228 1009 1313 1040 modi
1323 1018 1416 1050 genus
1426 1008 1544 1039 ridiculi
1555 1009 1654 1040 vultus
1666 1011 1756 1039 etiam
1766 1009 2012 1039 accommodetur
2023 1020 2028 1037 ·.
2051 1011 2103 1049 qui
2114 1010 2184 1049 qui-

1227 1051 1298 1082 dem
1307 1060 1368 1091 quo
1378 1050 1508 1081 severior
1517 1049 1559 1082 est
1570 1071 1579 1083 ,
1591 1051 1624 1081 &
1635 1050 1746 1081 tristior
1755 1070 1763 1084 ,
1775 1053 1849 1081 utin
1860 1060 1886 1080 te
1898 1071 1906 1084 ‚
1919 1049 2014 1081 Crasse
2024 1070 2032 1083 ‚
2053 1051 2183 1083 bocina,

1225 1103 1290 1133 quae
1301 1092 1450 1125 dicuntur,
1461 1090 1603 1122 4salsiora
1612 1091 1707 1122 videri
1718 1092 1822 1122 solent.
1845 1093 1903 1123 Sed
1909 1094 1970 1132 jam
1984 1102 2015 1122 tu
2026 1112 2034 1125 ‚
2056 1093 2184 1125 Antoni,

1225 1136 1277 1175 qui
1298 1135 1355 1167 hoc
1376 1132 1546 1165 deversorio
1565 1134 1712 1164 sermonis
1732 1135 1776 1163 tui
1794 1134 1921 1164 libenter
1938 1135 2145 1174 acquieturum
2157 1142 2186 1162 te

1227 1174 1285 1207 esse
1295 1174 1568 1215 dutisti,tamquam
1579 1177 1611 1205 in
1622 1177 1800 1205 Pomtinum
1810 1175 1970 1205 deverteris
1981 1184 2078 1215 neque
2088 1184 2184 1205 amoe-

1227 1227 1302 1248 num
1313 1236 1322 1250 ‚
1336 1226 1431 1256 neque
1435 1214 1577 1255 salubrem
1586 1216 1676 1246 locum
1686 1236 1694 1249 ,
1706 1217 1814 1246 censeo
1825 1225 1857 1246 ut
1866 1217 1933 1246 satis
1943 1216 1995 1246 diu
2005 1225 2033 1246 te
2043 1225 2128 1256 putes
2137 1227 2184 1246 re-

1226 1256 1349 1299 quiest‘e.
1362 1258 1393 1288 &
1405 1260 1460 1288 iter
1468 1257 1618 1298 reliquum
1629 1256 1776 1288 conficere
1786 1267 1897 1298 pergas.
1929 1261 1993 1299 Ego
2002 1257 2085 1291 vero,
2098 1267 2183 1299 atque
2205 1267 2221 1300 7
2230 1265 2249 1290 2

1226 1301 1319 1331 hilare
1329 1299 1454 1340 quidem
1464 1299 1480 1329 a
1491 1308 1520 1329 te
1528 1298 1661 1339 acceptus
1672 1319 1680 1333 ‚
1693 1301 1793 1339 inquit
1803 1320 1816 1332 ,
1832 1301 1865 1329 ὅτ.
1874 1299 1945 1329 cum
1955 1298 2073 1330 doffior
2082 1309 2134 1339 per
2143 1309 2188 1333 te,

1228 1350 1395 1375 rumenam
1405 1340 1542 1372 audacior
1554 1340 1650 1370 factus
1669 1341 1736 1371 sum
1756 1340 1791 1373 ad
1808 1341 1982 1380 jocandum.
2013 1343 2088 1371 Non
2099 1343 2184 1371 enim

1227 1393 1332 1414 vereor
1342 1403 1350 1417 ,
1362 1384 1467 1424 nequis
1479 1385 1570 1412 mein
1581 1382 1636 1412 isto
1646 1392 1753 1423 genere
1761 1382 1909 1413 leviorem
1920 1384 1979 1421 jam
1990 1391 2072 1423 putet
2081 1403 2089 1416 ,
2108 1393 2186 1424 quo-

1204 1452 1205 1457 ,
1227 1427 1310 1458 niam
1320 1424 1444 1465 quidem
1457 1433 1488 1455 tu
1499 1424 1648 1454 Fabricios
1659 1425 1736 1454 mihi
1746 1423 1891 1458 au&ores,
1905 1425 1938 1455 δε
1948 1424 2114 1458 Africanos,
2120 1427 2186 1455 Ma-

1205 1493 1206 1502 ,
1230 1468 1332 1500 ximos
1345 1487 1355 1499 ,
1366 1468 1491 1499 Catones
1505 1486 1514 1499 ‚
1530 1465 1660 1505 Lepidos
1670 1465 1834 1505 protulisti.
1861 1466 1920 1499 Sed
1928 1466 2041 1496 habetis
2048 1476 2081 1496 ea
2091 1487 2099 1500 ‚
2120 1476 2186 1507 quae

1229 1507 1366 1539 voluistis
1376 1517 1415 1540 ex
1425 1517 1474 1538 me
1483 1507 1585 1538 audire
1596 1527 1603 1540 ,
1616 1507 1652 1538 de
1663 1507 1771 1547 quibus
1781 1507 1903 1548 quidem
1915 1509 2074 1538 accuratius
2083 1507 2188 1538 dicen-

1231 1549 1316 1584 dum,
1329 1549 1361 1582 &
1372 1548 1565 1590 cogitandum
1575 1548 1642 1579 suit.
1665 1558 1737 1579 nam
1747 1558 1851 1582 cetera,
1861 1548 1991 1579 faciliora
2001 1550 2020 1579 s
2017 1557 2070 1579 unt
2080 1569 2088 1583 ‚
2100 1559 2188 1590 atque

1229 1593 1315 1625 exiis
1325 1612 1333 1624 ‚
1353 1601 1418 1631 quae
1424 1592 1488 1630 jam
1498 1589 1577 1620 dieti
1585 1591 1669 1624 sunt,
1694 1591 1807 1635 reliqua
1815 1591 1974 1621 nascuntur
1983 1593 2099 1622 omnia.
2122 1594 2188 1632 Ego

1231 1635 1315 1663 enim
1325 1632 1397 1663 cum
1409 1632 1444 1665 ad
1453 1632 1571 1663 causam
1582 1632 1648 1662 sum
1658 1631 1803 1673 aggressus
1813 1653 1822 1666 ‚
1843 1642 1928 1674 atque
1941 1635 2044 1662 omnia
2053 1634 2188 1674 cogitan-

1231 1675 1282 1708 do,
1292 1674 1390 1715 quoad
1400 1673 1494 1705 facere
1502 1675 1600 1714 potui,
1608 1675 1777 1714 persecutus
1788 1685 1794 1703 :
1813 1673 1887 1704 curn
1896 1675 1930 1705 δε
1938 1683 2111 1716 argumenta
2119 1684 2188 1704 cau-

1232 1717 1268 1747 sae
1279 1736 1288 1750 ,
1311 1716 1343 1747 &
1355 1725 1405 1746 eos
1416 1716 1498 1747 locos
1510 1736 1519 1748 ‚
1542 1716 1909 1757 quibusanimiJudicum
1919 1717 2135 1750 conciliantur,
2154 1716 2188 1746 δε

1231 1758 1313 1791 illos,
1332 1758 1439 1798 quibus
1450 1767 1665 1797 permoventur
1675 1778 1685 1791 ‚
1704 1757 1770 1788 vidi
1778 1766 1863 1798 atque
1873 1760 2002 1800 cognovi
2015 1768 2021 1787 τ
2036 1767 2102 1788 tum
2112 1767 2190 1788 con-

1233 1799 1322 1831 stituo
1334 1819 1343 1833 ,
1362 1798 1436 1840 quid
1445 1799 1548 1838 habeat
1557 1809 1681 1840 quaeque
1689 1799 1773 1830 causa
1789 1798 1853 1829 boni
1863 1820 1876 1832 2
1890 1799 1963 1841 quid
1982 1799 2066 1828 mali.
2095 1799 2190 1830 Nulla

1233 1843 1317 1871 enim
1328 1841 1389 1871 fere
1400 1851 1444 1871 res
1456 1840 1551 1881 potest
1560 1851 1591 1871 in
1601 1841 1722 1873 dicendi
1732 1841 1978 1881 disceptationem
1989 1862 1997 1875 ,
2008 1850 2057 1871 aut
2065 1849 2189 1871 contro-

1232 1881 1355 1914 versiam
1366 1885 1463 1913 vocari
1476 1902 1484 1915 ,
1499 1893 1563 1923 quae
1575 1893 1639 1915 non
1648 1883 1754 1913 habeat
1761 1892 1920 1924 utrumque
1933 1894 1939 1912 2
1958 1883 2007 1914 sed
2020 1904 2031 1916 ,
2040 1891 2192 1924 quantum

1233 1924 1336 1955 habeat
1345 1945 1353 1958 ‚
1375 1924 1406 1954 id
1425 1923 1525 1954 refert.
1549 1926 1618 1954 Mea
1626 1934 1726 1955 autern
1737 1926 1810 1957 ratio
1819 1927 1853 1954 in
1862 1924 1992 1955 dicendo
2002 1925 2065 1955 haec
2074 1923 2131 1954 effe
2140 1924 2189 1954 so-

1211 1992 1212 2007 ]
1233 1966 1285 2000 let,
1296 1975 1336 2000 ut,
1349 1966 1422 1997 boni
1432 1965 1514 2006 quod
1523 1966 1644 1999 habeat,
1657 1965 1858 2006 idvamplefflmr
1867 1986 1876 2000 ,
1886 1976 2033 1996 exornem
2045 1987 2053 1999 ,
2066 1975 2190 2007 exagge-

1234 2018 1298 2037 rem
1311 2018 1316 2036 :
1335 2008 1378 2039 ibi
1387 2017 1560 2040 commorer
1568 2027 1577 2042 ,
1589 2008 1633 2037 ibi
1641 2008 1772 2039 habitem
1784 2028 1792 2041 ‚
1802 2008 1847 2038 ibi
1856 2009 1983 2038 haeream
1995 2018 2001 2037 :
2020 2007 2036 2037 a
2046 2008 2126 2037 malo
2136 2017 2189 2037 au-

1235 2058 1307 2083 tem,
1318 2051 1452 2090 vitioque
1460 2049 1551 2081 causae
1561 2051 1601 2081 ita
1611 2049 1763 2082 reccdam,
1773 2060 1837 2079 non
1848 2058 1878 2079 ut
1888 2050 1918 2080 id
1930 2059 1979 2078 me
1990 2048 2130 2089 defugere
2139 2058 2190 2087 ap-

1235 2100 1330 2131 pareat
1337 2112 1347 2124 ,
1364 2091 1414 2121 sed
1426 2100 1458 2120 ut
1468 2099 1567 2122 totum
1578 2091 1661 2123 bono
1671 2091 1727 2120 illo
1736 2090 1872 2121 ornando
1884 2111 1894 2123 ‚
1904 2091 1938 2119 &
1946 2090 2082 2132 augendo
2094 2089 2190 2129 5d1ffi-

1235 2133 1381 2163 mularum
1388 2131 1539 2162 obruatur.
1565 2135 1603 2162 Et
1613 2151 1622 2164 ,
1634 2130 1654 2161 si
1663 2132 1746 2161 causa
1753 2130 1797 2160 est
1805 2133 1837 2160 in
1847 2133 2029 2172 argumentis
2040 2151 2048 2165 ‚
2060 2129 2190 2161 firmissi—

1236 2182 1285 2203 ma
1303 2182 1426 2213 quaeque
1444 2172 1579 2203 maxime
1598 2181 1684 2203 tueor
1696 2193 1704 2205 ,
1725 2171 1783 2202 five
1799 2173 1882 2212 plura
1892 2174 1959 2203 sunt
1970 2194 1978 2206 ‚
2000 2172 2058 2202 five
2067 2172 2191 2213 aliquod

1236 2224 1343 2244 unum.
1360 2216 1412 2244 Sin
1422 2223 1522 2245 autem
1534 2215 1565 2243 in
1575 2214 1788 2244 conciliatione
1798 2222 1857 2247 ‚aut
1865 2216 1898 2244 in
1906 2216 2099 2254 permotione
2108 2214 2193 2244 causa

1236 2254 1279 2286 est
1291 2265 1296 2283 ς
1318 2254 1353 2286 ad
1363 2264 1428 2286 eam
1439 2265 1488 2285 me
1499 2253 1684 2295 potiffimum
1694 2264 1819 2294 partem,
1830 2266 1894 2296 quae
1906 2255 2040 2286 maxime
2051 2265 2192 2287 commo-

1236 2306 1304 2326 vere
1315 2298 1434 2327 animos
1446 2297 1609 2337 hominum
1618 2295 1714 2336 potest
1724 2316 1732 2329 ‚
1752 2296 1890 2327 confero.
1918 2301 2044 2328 Summa
2063 2297 2194 2338 denique

1239 2338 1327 2373 huius
1337 2340 1452 2378 generis
1462 2339 1522 2369 haec
1532 2337 1585 2371 est,
1598 2347 1638 2372 ut,
1651 2336 1671 2367 fi
1682 2340 1717 2367 in
1725 2337 1890 2368 refellendo
1902 2339 2066 2369 adversario
2076 2337 2194 2369 firmior

1239 2378 1296 2411 effe
1316 2381 1410 2410 oratio
1421 2399 1429 2413 ‚
1449 2390 1541 2420 quam
1560 2381 1593 2409 in
1612 2378 1826 2410 confirmandis
1844 2379 1952 2411 nostris
1971 2380 2058 2411 rebus
2075 2379 2170 2420 potest
2181 2399 2192 2413 ,

1241 2423 1347 2451 omnia
1365 2423 1397 2451 in
1417 2422 1505 2452 illum
1525 2420 1677 2452 conferam
1688 2422 1753 2451 tela.
1778 2420 1820 2452 fin
1831 2421 1930 2452 nostra
1937 2421 2054 2452 facilius
2064 2422 2192 2462 probari,

1240 2463 1331 2503 quam
1350 2462 1400 2493 illa
1418 2463 1551 2504 redargui
1571 2461 1705 2502 possunt:
1724 2462 1868 2494 abducere
1886 2465 2006 2494 animos
2023 2463 2039 2494 a
2049 2464 2196 2494 contraria

1242 2502 1412 2535 defensione
1423 2524 1431 2538 ,
1454 2504 1486 2534 &
1504 2505 1539 2535 ad
1557 2503 1688 2534 nostram
1699 2514 1794 2535 conor
1804 2505 1961 2541 traducere.
1984 2507 2057 2535 Duo
2064 2505 2195 2545 denique

1240 2547 1300 2579 illa,
1313 2556 1378 2586 qua:
1388 2545 1532 2578 facillima
1540 2546 1690 2579 videntur,
1703 2548 1849 2586 quoniam
1859 2557 1925 2588 quae
1934 2544 2106 2577 difficiliora
2113 2547 2195 2579 sunt,

1241 2598 1305 2618 non
1314 2586 1444 2627 possum,
1457 2589 1534 2619 mihi
1543 2598 1597 2628 pro
1606 2598 1675 2618 meo
1683 2589 1748 2628 jure
1758 2588 1845 2620 sumo
1859 2599 1864 2618 z
1887 2591 1993 2619 Unum
2004 2608 2012 2622 ‚
2024 2597 2057 2618 ut
2066 2586 2196 2618 molesto

1241 2638 1292 2659 aut
1301 2627 1418 2659 difficili
1429 2638 1615 2671 argumento,
1631 2638 1680 2659 aut
1690 2630 1758 2660 loco
1766 2640 2000 2671 nonnumquam
2011 2631 2141 2659 omnino
2151 2629 2196 2658 ni-

1219 2696 1220 2707 ,
1242 2672 1284 2700 hil
1292 2671 1470 2710 respondeam:
1480 2671 1560 2712 quod
1569 2669 1688 2702 forsitan
1698 2671 1806 2713 aliquis
1813 2673 1879 2712 jure
1890 2672 2020 2702 irriserit.
2032 2672 2099 2712 quis
2107 2671 2195 2701 enim

1242 2711 1285 2743 est
1296 2732 1304 2745 ,
1325 2715 1376 2752 qui
1398 2713 1427 2742 id
1441 2712 1534 2745 facere
1544 2723 1607 2745 non
1618 2711 1705 2752 poffit
1716 2716 1727 2742 ?
1744 2713 1794 2744 sed
1805 2722 1905 2744 tamen
1915 2722 1969 2754 ego
1978 2713 2015 2743 de
2023 2722 2090 2743 mea
2100 2721 2195 2745 nunc,

1244 2764 1308 2784 non
1317 2760 1354 2784 de
1363 2754 1491 2786 aliorum
1500 2754 1637 2786 facultate
1648 2754 1767 2794 disputo
1778 2775 1787 2789 ,
1800 2753 2005 2795 confiteorque
2016 2764 2066 2785 me
2075 2773 2084 2788 ‚
2108 2751 2198 2793 siquae

1242 2804 1355 2836 premat
1372 2806 1416 2826 res
1436 2798 1644 2827 vehementius
1654 2816 1666 2829 5
1683 2798 1724 2827 ita
1731 2797 1835 2829 cedere
1853 2796 1943 2826 solere
1956 2816 1968 2830 ,
1985 2804 2090 2826 utnon
2100 2793 2196 2824 modo

1244 2847 1308 2868 non
1317 2837 1446 2878 abjecto,
1455 2838 1504 2869 sed
1516 2848 1552 2869 ne
1562 2837 1899 2878 rejectoquidemscuno
1908 2837 2009 2879 fugere
2018 2836 2118 2870 videar
2128 2834 2196 2907 :dik‘pd

2112 2887 2127 2907 a
2172 2887 2198 2906 i-

1244 2934 1383 2960 Tui-nebus
1394 2933 1492 2959 indicat
1502 2934 1527 2959 in
1541 2932 1671 2959 veteribus
1682 2931 1732 2958 suis
1743 2931 1796 2966 legi
1809 2934 1904 2956 Nerius
1915 2942 1921 2956 :
1938 2934 2053 2964 Ere-,ocus
2064 2949 2072 2962 ,
2083 2931 2199 2963 eff-fami-

1242 2972 1278 2997 lla
1283 2987 1291 2996 s.
1299 2973 1399 3002 Sapiens
1402 2971 1425 3003 fi
1433 2971 1516 3002 ageba}
1525 2974 1606 2994 mmet
1618 2987 1626 3000 ‚
1634 2969 1741 3003 integro
1752 2967 1849 2997 scilicet
1860 2967 1977 2998 Seiiario.

1280 3018 1308 3043 4.
1325 3011 1430 3043 &alfini-a
1438 3008 1621 3041 videri-lolem]
1642 3008 1727 3038 Palat.
1737 3008 1817 3043 prim.
1827 3004 1932 3034 secund.
1943 3004 2199 3038 item.Pitli.fiffioi·a,

1247 3047 1422 3075 Memmianus
1432 3045 1657 3080 iiterqucftriora5
1676 3043 1760 3076 cisen}¹
1768 3062 1778 3075 ‚
1795 3051 1843 3078 pro
1853 3051 1905 3078 quo
1914 3049 2002 3069 tamen
2012 3040 2044 3068 ad
2057 3049 2131 3068 oram
2141 3040 2199 3067 Pal.

1245 3083 1314 3119 prim
1320 3083 1458 3117 ,seriqfiurm

1284 3133 1309 3157 ς.
1329 3125 1498 3157 Diffimulaeum
1513 3119 1655 3155 obruatur]
1674 3117 1819 3154 Adscripfit
1829 3125 1883 3152 qia
1891 3116 2054 3151 Gulielmius
2071 3115 2142 3142 sorte
2161 3113 2201 3140 lo-

2088 3195 2099 3216 1
2108 3206 2113 3213 .
2122 3176 2202 3222 Neq‘ic}
