2337 3400
137 149 239 210 762
548 135 1053 185 M.TuLLm

134 241 215 262 rent:
237 228 272 259 ad
291 219 678 259 existimationemimperii
689 218 838 258 pertinere
847 214 1001 244 arbitratus
1013 212 1090 246 sum,

134 272 335 310 comprimere
353 275 458 296 corum
478 262 631 294 audaciam
648 271 652 289 :
672 258 734 300 quo
745 257 862 288 facilius
875 258 965 286 etiam
978 264 1091 286 cetero-

136 323 203 344 rum
214 313 328 342 animi,
339 310 391 348 qui
405 307 497 337 alieni
506 303 601 335 ess'ent
609 302 645 333 ab
655 302 785 341 imperio
796 297 910 331 nostro,
921 298 1092 336 frangeren-

138 364 194 384 tur.
219 352 324 384 Vallo,
345 350 378 379 &
397 346 472 379 foss‘a
482 343 668 377 circumdedi
679 354 685 373 1
697 343 748 374 sex
762 340 889 373 castellis
901 360 909 374 ,
937 338 1092 379 castrisque

137 396 282 425 maximis
292 390 361 432 sepsi
375 402 379 419 τ
392 400 493 431 aggere
504 410 512 422 ‚
535 389 634 417 vineis
645 406 653 420 ,
673 384 802 416 turribus
812 383 996 423 oppugnavi:
1012 380 1095 410 usus-

136 447 193 478 que
216 435 375 466 tormentis
392 433 516 464 multis,
538 430 643 459 multis
666 427 839 468 sagittariis,
865 433 975 465 magno
994 423 1094 453 labore

139 488 221 512 meo,
233 476 294 507 sine
306 476 365 506 ulla
375 472 525 506 molestia,
540 472 678 502 sumtuve
690 470 851 500 sociorum,
868 467 995 506 septimo
1006 467 1096 506 quin-

137 517 309 561 quagesimo
328 518 377 547 die
395 526 459 546 rem
481 513 598 546 confeci
614 523 618 540 t
642 520 697 554 utv
718 509 863 540 omnibus
874 508 1004 548 partibus
1015 507 1097 536 urbis

139 561 310 592 disturbatis
324 580 332 593 ,
351 567 402 589 aut
422 555 566 589 incensis,
587 551 734 594 compulsi
754 555 786 582 in
809 550 985 591 potestatem
999 558 1096 578 meam

138 611 338 644 pervenirent
364 602 421 630 His
441 608 521 629 erant
545 597 672 627 finitimi
692 596 753 636 pari
772 594 878 624 scelere
901 614 910 626 ‚
930 592 962 622 &
980 591 1099 621 audacia

140 646 283 676 Tibarani
298 643 350 674 :ab
363 644 410 672 his
422 662 429 675 ,
446 637 619 672 Pindenisso
628 647 724 678 caPto,
735 634 850 666 obfides
860 636 957 674 accepi
971 634 1099 662 :exerci-

138 697 205 717 tum
218 689 248 716 in
260 686 384 716 hiberna
394 681 504 714 dimisi.
528 681 702 723 eratrem
713 679 836 720 negotio
847 676 993 717 praeposui
1003 695 1012 708 ,
1023 683 1055 705 ut
1067 676 1098 703 in

139 731 215 760 vicis
235 737 283 758 aut
306 728 416 766 captis,
439 734 489 755 aut
510 726 589 754 male
611 723 719 763 pacatis
739 721 886 750 exercitus
896 718 1100 748 collocaretur.

141 774 234 802 Nunc
249 770 343 799 velim
360 767 415 798 tibi
431 765 469 797 fic
479 765 649 807 persuadeas
660 784 668 797 ,
693 762 712 792 si
724 763 759 792 de
769 763 815 791 his
826 760 912 790 rebus
923 759 957 789 ad
968 760 1100 789 senatum

142 814 270 844 relatum
291 811 347 844 sit,
369 820 418 840 me
441 807 684 839 existimaturum
698 826 705 838 ,
728 805 878 834 summam
895 800 1100 831 mihilaudem

141 855 283 886 tributam
297 873 305 887 ‚
319 851 339 882 fi
350 861 381 882 tu
392 853 539 882 honorem
554 858 655 878 meum
674 847 819 877 sententia
829 853 877 874 tua
886 842 1101 883 comprobaris.

143 897 238 938 quue
251 917 259 929 ,
279 893 330 925 etsi
345 893 452 924 talibus
463 893 498 922 de
513 892 599 921 rebus
609 886 794 931 gravissimos
808 888 947 915 homines
961 886 992 915 ὅτ.
1003 894 1103 925 rogare

140 939 244 971 solere,
262 938 294 967 δε
304 937 400 977 rogari
418 935 488 968 scio,
505 942 606 963 tamen
619 928 846 961 admonendum
860 926 963 968 potitis
975 936 1002 957 te
1016 927 1031 956 a
1042 937 1101 959 me,

140 980 235 1022 quam
246 990 278 1009 ro
301 979 412 1009 andum
424 985 506 1016 puto.
531 977 581 1005 Tu
594 983 624 1003 es
639 974 722 1003 enirn
736 973 761 1001 is
771 991 779 1005 ,
795 972 847 1011 qui
859 971 975 999 metuis
986 969 1104 999 senten-

143 1024 193 1053 tiis
204 1022 272 1062 saepi
297 1021 358 1050 ime
372 1017 483 1049 ornasti
496 1027 501 1045 τ
513 1018 564 1057 qui
576 1015 712 1045 oratione
724 1034 732 1047 ‚
743 1014 795 1054 qui
805 1012 1019 1053 praedicatione
1030 1030 1038 1044 ‚
1049 1012 1102 1050 qui

140 1064 270 1095 summis
291 1061 429 1092 laudibus
448 1062 477 1089 in
490 1060 591 1090 senatu
606 1078 614 1090 ,
634 1058 665 1086 in
675 1054 876 1086 concionibus
885 1053 921 1084 ad
930 1054 1039 1083 caelum
1051 1061 1102 1081 ex-

143 1105 238 1136 tulisti
250 1116 256 1134 z
277 1105 363 1143 cujus
373 1112 427 1143 ego
439 1102 555 1141 semper
570 1108 649 1129 tanta
660 1096 717 1128 effe
728 1097 890 1127 verborum
905 1095 1035 1135 pondera
1048 1104 1103 1133 pu-

141 1149 214 1181 tavi,
240 1156 272 1176 ut
292 1155 354 1176 uno
374 1144 467 1174 verbo
478 1151 610 1173 tuocum
622 1149 687 1171 mea
698 1140 783 1170 laude
793 1137 960 1178 combusto
972 1157 981 1170 ,
999 1137 1104 1166 omnia

141 1189 261 1229 adsequi
285 1197 333 1217 me
352 1186 514 1217 arbitrarer.
538 1187 585 1214 Te
602 1183 733 1223 denique
745 1182 886 1213 memini,
901 1183 970 1209 cum
982 1177 1103 1208 cuidam

143 1228 318 1263 clai-immo,
328 1238 413 1269 atque
425 1228 545 1268 optimo
555 1228 620 1256 viro
632 1224 879 1264 supplicationem
889 1231 952 1250 non
964 1220 1104 1250 decerne-

144 1282 191 1302 res
204 1293 212 1306 ‚
225 1272 322 1302 dicere
334 1291 342 1304 ,
355 1280 382 1300 te
393 1270 582 1300 decreturum
596 1288 602 1300 ,
615 1265 635 1296 s1
649 1266 806 1296 referretur
817 1264 856 1293 ob
865 1272 911 1293 eas
921 1272 964 1292 res
977 1282 985 1296 ‚
996 1271 1066 1302 quas
1079 1262 1104 1290 is

143 1315 250 1345 consul
260 1315 293 1343 in
303 1313 376 1343 urbe
383 1310 521 1353 gessisset.
545 1313 595 1340 Tu
606 1308 687 1338 idem
700 1308 779 1337 mihi
792 1306 1040 1345 supplicationem
1051 1302 1103 1332 de-

142 1355 262 1386 crevisti
289 1363 390 1396 togato
404 1374 412 1387 ‚
434 1363 498 1383 non
512 1351 656 1382 utmultis
668 1370 676 1383 ‚
697 1348 800 1389 repub.
812 1348 888 1378 bene
897 1345 973 1388 gesta
986 1366 994 1378 ,
1014 1345 1062 1375 sed
1074 1353 1106 1375 ut

142 1399 286 1430 nemini,
308 1406 368 1436 rep.
389 1395 568 1426 conservata.
594 1395 686 1422 Mitto
699 1412 708 1424 ,
728 1389 810 1431 quod
831 1389 978 1419 invidiam
992 1409 1001 1421 ,
1023 1386 1106 1427 quod

141 1440 273 1480 pericula
283 1459 291 1472 ‚
318 1437 401 1479 quod
413 1439 535 1467 omneis
545 1445 626 1466 meas
633 1432 822 1473 tempestates
835 1451 844 1465 ‚
856 1432 889 1461 ὃς
903 1431 1029 1461 subieris
1041 1449 1050 1462 ‚
1072 1429 1106 1459 ὃς

144 1481 246 1511 multo
260 1482 350 1511 etiam
362 1481 454 1521 magis
465 1499 473 1512 ‚
493 1477 512 1508 si
522 1488 573 1518 per
583 1486 633 1507 me
643 1473 771 1506 licuisset
780 1494 788 1508 ,
800 1474 898 1504 subire
907 1469 1106 1513 paratiffimus

143 1521 238 1552 fueris
251 1534 258 1556 3
278 1521 360 1563 quod
374 1521 504 1561 denique
518 1520 681 1550 inimicum
696 1526 801 1547 meum
813 1535 822 1549 ‚
841 1524 928 1545 tuum
940 1515 1104 1544 inimicum

143 1567 255 1604 putaris
278 1575 282 1592 :
302 1564 386 1603 cujus
405 1564 496 1593 etiam
518 1563 674 1591 interitum
696 1579 703 1593 ,
731 1567 764 1588 ut
782 1556 870 1587 facile
890 1556 1104 1597 intelligerem,

145 1607 224 1636 mihi
242 1614 390 1646 quantum
411 1603 572 1636 tribueres,
594 1602 723 1631 Milonis
741 1600 824 1629 causa
847 1601 880 1628 in
889 1598 989 1628 senatu
1000 1595 1105 1627 defen-

146 1647 243 1678 denda
255 1668 264 1681 ‚
286 1646 465 1687 approbaris.
489 1648 516 1676 A
535 1654 585 1674 me
605 1652 704 1673 autem
717 1643 778 1671 haec
791 1638 1019 1679 suntprofeEta:
1039 1648 1105 1679 quae

143 1700 201 1731 ego
211 1691 242 1719 in
254 1687 393 1719 beneficii
405 1689 472 1717 loco
483 1697 546 1717 non
555 1685 701 1726 pono,sed
713 1686 745 1714 in
761 1684 824 1713 veri
834 1681 1106 1721 testimonii‚atque

141 1731 265 1772 judicii:
288 1739 320 1760 ut
338 1727 587 1770 praestantiffimas
607 1737 669 1757 tuas
680 1728 803 1756 virtutes
818 1734 883 1754 non
894 1725 999 1754 tacitus
1008 1722 1107 1753 admi-

145 1783 239 1803 rarer:
261 1772 349 1813 (quis
359 1773 442 1801 enirn
454 1770 534 1800 idern
550 1779 614 1799 non
627 1768 719 1799 facit?
742 1769 752 1806 )
775 1767 865 1797 sedin
879 1765 1026 1795 omnibus
1041 1773 1107 1793 ora-

146 1814 301 1847 tionibus,
325 1813 479 1844 sententiis
500 1811 639 1842 dicendis
651 1830 658 1843 ‚
683 1807 774 1840 causis
790 1807 931 1850 agendiS,
955 1806 1102 1836 omnibus

144 1857 271 1896 scriptis,
283 1857 407 1887 Graecis,
421 1855 641 1887 Latinis,omni
651 1852 782 1891 denique
790 1851 930 1880 varietate
941 1848 1107 1878 litterarum

147 1908 285 1928 mearum
297 1917 305 1931 ‚
325 1906 352 1927 te
373 1906 437 1926 non
450 1894 592 1926 modoiis
605 1914 613 1928 ,
633 1903 708 1934 quos
718 1890 896 1922 Vidissemus
909 1910 919 1924 ,
937 1890 985 1920 sed
998 1891 1052 1923 iis,
1071 1888 1108 1918 de

147 1940 259 1981 quibus
271 1937 466 1972 audissemus,
481 1937 626 1967 omnibus
635 1933 824 1965 anteferrem.
847 1935 969 1973 Qiaeres
979 1929 1108 1963 fortasse,

145 1982 218 2023 quid
239 1980 272 2011 sit
295 2001 304 2015 ,
333 1980 415 2022 quod
434 1990 489 2021 ego
507 1981 564 2009 hoc
582 1978 685 2008 nescio
706 1976 779 2018 quid
807 1975 1013 2016 gratulationis
1037 1992 1046 2006 ‚
1077 1973 1110 2002 ὃς

146 2025 272 2054 honoris
290 2023 306 2053 a
325 2023 425 2053 senatu
439 2042 446 2055 ‚
470 2023 544 2052 tanti
555 2019 713 2050 aestimem.
757 2021 852 2058 Agam
869 2017 930 2056 jam
950 2025 1049 2046 tecum
1068 2014 1111 2044 fa-

150 2066 327 2098 miliariter,
349 2073 382 2094 ut
391 2063 434 2094 est
453 2063 485 2093 &
497 2062 602 2093 studiis
622 2061 654 2091 &
668 2059 777 2091 officiis
789 2058 898 2089 uostris
917 2059 1032 2087 mutuis
1045 2077 1054 2091 ,
1080 2057 1113 2086 &

150 2108 268 2138 summa
287 2108 418 2137 amicitia
439 2106 567 2146 dignum
586 2124 594 2137 ‚
623 2103 656 2133 &
675 2100 889 2133 necessitudine
910 2102 999 2130 etiam
1015 2107 1113 2138 pater-

151 2158 198 2179 na.
223 2151 251 2179 Si
263 2149 420 2190 quisquam
432 2147 489 2177 fuit
507 2155 650 2187 umquam
665 2152 800 2174 remotus
812 2143 844 2173 &
856 2151 956 2172 natura
968 2162 976 2174 ‚
1002 2141 1034 2171 &
1050 2150 1114 2171 ma-

149 2193 194 2232 gis
214 2191 304 2220 etiam
320 2210 328 2223 ‚
358 2199 389 2219 ur
409 2191 487 2220 mihi
510 2189 632 2230 quidem
648 2187 754 2217 sentire
766 2185 890 2218 videor,
915 2193 1048 2216 ratione,
1069 2192 1111 2213 at-

148 2243 207 2272 que
219 2231 366 2265 doCtrina,
378 2231 413 2261 ab
422 2232 505 2260 inani
518 2230 614 2263 laude,
628 2229 660 2258 &
671 2227 861 2258 sermonibus
871 2226 964 2266 vulgi,
977 2236 1031 2266 ego
1043 2235 1115 2265 pro-

149 2273 231 2304 tesso
244 2276 267 2303 is
279 2274 370 2304 sum..
387 2272 487 2303 Testis
499 2271 541 2302 est
550 2271 720 2301 consulatus
732 2279 832 2299 meus:
857 2270 888 2297 in
899 2278 960 2308 quo
971 2287 979 2301 ,
1000 2266 1071 2296 sicut
1082 2269 1114 2296 in

152 2317 264 2356 reliqua
284 2324 343 2345 vita
355 2335 363 2348 ,
387 2314 481 2344 fateor
493 2334 500 2346 ‚
522 2323 554 2343 ea
575 2322 624 2342 me
634 2311 766 2341 studiose
777 2311 910 2340 secutum
925 2329 933 2342 ,
954 2319 994 2338 ex
1006 2309 1116 2349 quibus

152 2368 221 2387 vera
229 2357 323 2398 gloria
334 2357 412 2386 nasci
423 2354 527 2396 posset.
549 2355 641 2394 ipsam
652 2353 777 2394 quidem
788 2353 913 2392 gloriam
924 2350 1015 2390 perse
1025 2359 1118 2380 num-

151 2409 244 2440 quam
259 2401 361 2439 putavi
375 2396 586 2438 expetendam.
612 2398 712 2436 Itaque
725 2394 757 2424 &
768 2395 956 2433 provinciam
966 2400 1116 2424 ornatam,

152 2443 186 2471 &
197 2441 279 2482 spem
289 2450 353 2471 non
363 2439 484 2470 dubiam
498 2439 666 2477 triumphi,
692 2436 824 2476 neglexi.
849 2433 1054 2464 Sacerdotium
1066 2433 1120 2462 de-

151 2485 243 2522 nique
257 2503 264 2516 ,
278 2492 348 2513 cum
369 2480 654 2522 (quemadmodum
666 2488 693 2508 te
704 2476 877 2508 existimare
888 2476 1032 2515 arbitror)
1054 2485 1117 2504 non

154 2524 339 2555 difficillime
356 2524 502 2564 consequi
520 2520 634 2562 possem
659 2542 668 2555 ,
689 2530 754 2550 non
771 2520 912 2559 appetivi.
946 2517 1031 2547 Idem
1054 2516 1120 2556 post

154 2568 298 2603 iniuriam
310 2574 459 2605 acceptam
469 2585 476 2598 ‚
503 2573 593 2605 quam
605 2572 636 2593 tu
646 2565 718 2602 reip.
731 2561 931 2592 calamitatem
944 2559 1059 2599 semper
1069 2568 1119 2598 ap-

155 2608 247 2648 pellas
259 2629 266 2640 ‚
292 2617 391 2637 meam
401 2617 464 2636 non
477 2604 572 2636 modb
584 2615 646 2635 non
656 2605 854 2635 calamitatem
867 2622 876 2636 ,
896 2601 944 2632 sed
956 2602 1044 2630 etiam
1055 2601 1120 2641 glo-

153 2660 240 2683 imm,
254 2650 352 2680 studui
364 2648 456 2689 quatri
473 2645 657 2678 ornatissima
668 2647 796 2678 senaim,
808 2645 974 2685 populique
985 2645 1119 2672 Roman.

156 2692 191 2721 de
215 2702 264 2721 me
278 2691 392 2732 judicia
408 2689 601 2721 intercedere.
633 2691 735 2729 Itaque
763 2687 796 2718 &
815 2695 907 2726 augur
930 2683 1031 2725 postea
1057 2683 1119 2714 fieri

160 2733 243 2762 volui
259 2754 267 2766 ‚
287 2733 369 2774 quod
387 2736 472 2763 antea
492 2732 703 2773 neglexeram:
725 2730 757 2760 ὃς
770 2739 838 2759 eum
853 2731 1001 2758 honorem
1014 2746 1022 2760 ,
1043 2726 1122 2767 quia

158 2774 258 2804 senatu
279 2776 368 2805 tribui
388 2775 475 2805 rebus
494 2775 611 2804 bellicis
635 2773 728 2806 solet,
750 2770 922 2812 negle&um
945 2770 1020 2799 ame
1030 2770 1120 2802 olim,

158 2826 240 2845 nunc
259 2819 336 2846 mihi
355 2816 558 2857 expetendum
583 2824 666 2856 puto.
693 2816 774 2844 Huic
795 2823 872 2843 meae
895 2812 1067 2844 voluntati,
1088 2812 1121 2840 in

158 2868 216 2897 qua
226 2857 302 2888 inest
311 2859 407 2898 aliqua
416 2861 462 2888 vis
472 2857 628 2891 desiderii,
649 2855 684 2886 ad
695 2855 858 2886 sanandum
870 2855 982 2884 vulnus
991 2853 1120 2892 injuriae,

161 2908 194 2929 ut
213 2898 329 2932 saurais,
351 2900 525 2940 adjiztorque
546 2898 581 2929 sis
593 2919 601 2932 ‚
623 2898 703 2940 quod
723 2896 825 2937 paullo
842 2896 910 2927 ante
923 2905 973 2925 me
983 2904 1121 2936 negaram

159 2950 331 2982 rogaturum
343 2960 351 2973 ,
368 2943 564 2971 vehementer
575 2949 602 2970 te
613 2950 705 2981 rogo:
729 2939 844 2972 sedita,
876 2936 896 2967 si
908 2936 1122 2977 nonjejunum

161 2983 219 3012 hoc
229 2982 331 3013 nescio
344 2983 417 3021 quid
428 3003 436 3016 ‚
460 2983 540 3022 quod
559 2993 612 3023 ego
623 2981 692 3023 gessi
703 3002 711 3015 ‚
725 2981 756 3011 &c
766 2979 1026 3011 contemnendum
1038 2978 1124 3009 vide-

166 3024 245 3054 bitur
257 3044 267 3058 ,
279 3023 326 3054 scd
339 3024 395 3054 tale
408 3044 416 3057 ,
426 3033 510 3064 atque
522 3034 651 3058 tanturn,
664 3033 697 3054 ut
711 3023 799 3054 multi
810 3031 996 3064 nequaquam
1005 3021 1124 3061 paribus

165 3109 416 3118 --->————-———-
423 3107 1165 3114 —h-ffl-——ff—

167 3149 181 3163 -.
206 3133 214 3148 ι
223 3143 228 3148 .
248 3125 354 3156 Instituta
363 3125 446 3149 itincre
457 3125 610 3156 fimi-itatem
620 3126 880 3159 diligentiamquesbciis
890 3124 918 3155 σθ
928 3128 985 3158 reip.
1005 3125 1046 3159 p.]
1067 3125 1126 3150 Gu-

165 3159 282 3186 l.e'.n=.i=..s
295 3158 419 3199 putabat:
438 3161 543 3184 insumo
561 3163 586 3184 in
597 3170 698 3186 minime.
722 3161 764 3185 sed
776 3170 853 3195 quum
865 3160 937 3196 posui
951 3181 958 3192 ,
977 3161 1013 3187 est
1023 3160 1125 3196 primo-

1132 129 1691 183 Crc‘ER'oN1s

1135 215 1222 245 rebus
1244 215 1375 244 honores
1395 214 1531 245 summos
1551 215 1678 247 asenatu
1689 215 1841 248 consecuti
1853 214 1916 247 sint.
1942 209 2097 256 Equidenri

1135 260 1227 287 etiam
1254 258 1331 286 mihi
1352 256 1427 286 illud
1442 258 1580 287 animum
1599 258 1754 289 advertisse
1768 259 1887 290 videor:
1913 258 1979 298 (scis
1998 260 2094 292 enim,

1137 300 1227 340 quam
1253 297 1367 328 attente
1393 307 1419 328 te
1448 298 1547 328 audire
1567 299 1694 341 soleam)
1716 310 1742 331 te
1762 311 1826 331 non
1846 311 1905 331 tarn
1926 310 1970 330 res
1988 299 2093 341 gestas,

1137 341 1227 382 quam
1241 350 1340 370 mores
1357 359 1366 373 ,
1378 338 1512 370 instituta
1522 359 1530 374 ,
1541 349 1625 381 atque
1636 343 1730 372 vitam
1741 345 1958 383 imperatorum
1968 341 2097 382 spe&are

1139 384 1230 413 solete
1241 403 1249 416 ,
1262 384 1294 411 in
1305 381 1449 411 habendis
1461 401 1468 415 ,
1487 391 1608 412 autnon
1619 383 1762 414 habendis
1771 385 1950 415 honoribus.
1973 383 2064 425 Qod
2076 381 2098 412 fi

1141 427 1172 454 in
1183 434 1249 454 mea
1259 434 1311 454 cau
1318 423 1343 453 sa
1352 422 1562 457 considerabis,
1573 426 1699 464 reperies
1711 444 1719 458 ‚
1737 435 1783 455 me
1794 429 1927 456 exercitu
1942 425 2103 456 imbecillo

1138 475 1242 496 contra
1260 474 1376 495 metum
1387 467 1515 495 maximi
1532 466 1622 499 belli,
1647 464 1853 497 firmiffimum
1867 466 2035 509 praefidium
2048 468 2101 496 ha·

1141 507 1233 538 buisse
1244 527 1252 540 ,
1276 509 1446 548 aequitatem
1459 527 1468 540 ,
1491 508 1523 537 ὅς
1532 509 1763 538 continentiam.
1788 511 1845 538 His
1857 520 1911 550 ego
1923 508 2058 539 subsidiis
2067 516 2101 538 ea

1140 550 1204 581 sum
1215 550 1404 582 consecutus,
1419 559 1483 590 quae
1494 550 1588 579 nullis
1598 550 1767 591 legionibus
1776 551 1918 591 consequi
1929 548 2101 590 potuissem:

1140 602 1171 622 ut
1182 602 1220 621 ex
1233 589 1422 621 alienissimis
1439 591 1526 621 sociis
1540 590 1736 621 amiciss'imos
1747 611 1754 625 ,
1773 602 1811 621 ex
1821 591 2035 622 infidelissimis
2050 590 2103 621 fir·

1146 632 1296 664 inissimos
1307 633 1463 663 redderem
1475 654 1484 668 ‚
1495 634 1672 674 animosque
1682 643 1828 663 novarum
1842 643 1940 663 rerum
1951 632 2103 674 exspefiim·

1145 679 1227 706 tione
1247 676 1422 715 suspensos,
1449 675 1483 706 ad
1497 677 1603 705 veteris
1614 677 1734 716 imperii
1750 675 1990 705 benivolentiam
2005 675 2105 705 tradu-

1143 728 1253 748 cerem.
1277 717 1333 748 Sed
1344 720 1436 747 nimis
1446 719 1508 748 haec
1520 717 1614 748 multa
1624 717 1661 748 de
1672 727 1721 747 me
1731 718 1892 757 praesertim
1905 717 1940 747 ad
1950 726 1994 751 te,
2017 716 2032 746 a
2042 726 2104 757 quo

1144 770 1205 790 uno
1228 761 1370 790 omnium
1386 760 1536 790 sociorum
1554 759 1681 800 querelae
1690 759 1871 793 audiuntur,
1892 759 2054 800 cognosces
2069 767 2108 788 ex
2130 779 2134 783 -

1144 804 1194 836 iis,
1205 804 1256 843 qui
1267 803 1344 831 meis
1354 801 1498 831 institutis
1518 802 1546 832 se
1555 811 1700 832 recreatos
1710 809 1822 841 putant.
1847 803 1986 841 Cumque
1996 809 2106 830 omnes

1145 854 1208 875 uno
1216 850 1307 884 prope
1318 844 1464 873 consensu
1476 843 1512 873 de
1526 853 1575 873 me
1585 843 1664 883 apud
1682 851 1710 873 te
1724 853 1756 873 ea
1767 863 1775 876 ,
1797 853 1863 884 quae
1875 844 1954 872 mihi
1963 840 2107 883 optatissi-

1147 897 1196 916 ma
1215 887 1282 917 sunt
1294 906 1302 919 ,
1314 885 1532 925 praedicabunt:
1552 894 1618 915 tum
1638 885 1704 915 duae
1719 887 1861 915 maximae
1874 885 2022 915 clientelae
2035 892 2104 917 tuae,

1147 931 1260 968 Cyprus
1280 927 1375 958 insula
1387 947 1396 961 ‚
1417 927 1449 957 &
1465 927 1656 968 Cappadocia:
1675 937 1801 967 regnum
1813 947 1821 961 ‚
1841 935 1941 957 tecum
1954 926 1990 956 de
2000 936 2048 956 me
2060 926 2109 955 10-

1146 978 1283 1011 quentur.
1304 977 1378 1010 puto
1399 971 1489 1000 etiam
1510 979 1611 1010 regem
1630 969 1809 1009 Dejotarum
1826 988 1834 1003 ,
1855 970 1907 1009 qui
1927 970 1978 998 uni
1992 967 2049 998 tibi
2061 965 2107 998 est

1147 1012 1282 1042 maxime
1293 1009 1481 1041 neceffarius.
1505 1009 1608 1050 Qaesi
1617 1013 1706 1041 etiam
1717 1011 1830 1050 majora
1840 1011 1923 1041 sunt:
1947 1011 2026 1040 &in
2035 1019 2108 1039 om-

1148 1054 1239 1083 nibus
1250 1053 1363 1083 saeculis
1375 1054 1530 1091 pauciores
1541 1054 1599 1082 viri
1608 1054 1714 1092 reperti
1727 1053 1795 1083 sunt
1805 1073 1814 1086 ,
1825 1055 1874 1093 qui
1886 1053 1948 1083 suas
1959 1051 2109 1092 cupidita-

1147 1094 1296 1135 tes,quam
1305 1096 1357 1135 qui
1367 1093 1501 1123 hostium
1512 1097 1611 1134 copias
1621 1097 1793 1124 vincerent:
1806 1095 1848 1125 est
1857 1093 1994 1134 profesto
2004 1103 2105 1126 tuum»

1147 1136 1219 1167 cum
1235 1135 1269 1166 ad
1282 1145 1328 1165 res
1344 1135 1463 1165 bellicas
1474 1137 1537 1165 haec
1550 1156 1558 1169 ,
1578 1145 1643 1175 quae
1656 1138 1765 1166 rariora
1776 1156 1784 1170 ,
1797 1136 1830 1166 ὃς
1843 1135 2015 1166 difficiliora
2025 1136 2106 1167 sunt,

1146 1188 1254 1220 genera
1274 1179 1395 1207 virtutis
1411 1176 1586 1215 adjunxeris
1607 1197 1616 1210 ‚
1652 1178 1726 1217 ipsus
1745 1179 1836 1207 etiam
1857 1177 1922 1207 illas
1937 1187 1982 1207 res
2000 1176 2107 1218 gestas,

1144 1219 1286 1261 justiores
1299 1217 1357 1248 effe
1372 1239 1380 1252 ‚
1395 1219 1427 1248 ὃς
1437 1219 1566 1259 majores
1576 1227 1686 1259 putare.
1710 1221 1890 1249 Extremum
1903 1218 1978 1248 illud
1990 1218 2031 1248 est
2041 1238 2049 1253 ,
2062 1227 2105 1252 ut,

1148 1260 1226 1303 quasi
1237 1259 1377 1292 diffidens
1388 1263 1536 1301 rogationi
1548 1271 1635 1294 meae,
1649 1261 1872 1301 philosophiam
1882 1260 1916 1290 ad
1928 1271 1954 1290 te
1963 1260 2108 1301 allegem:

1147 1314 1204 1346 qua
1222 1314 1278 1333 nec
1288 1304 1365 1333 mihi
1375 1305 1473 1333 carior
1483 1303 1544 1333 ulla
1557 1313 1702 1344 umquam
1716 1313 1760 1332 res
1771 1305 1803 1332 in
1813 1305 1873 1333 vita
1883 1302 1942 1332 fuit
1955 1322 1965 1336 ‚
1985 1312 2041 1332 nec
2052 1303 2112 1331 ho·

1149 1348 1270 1376 minum
1289 1346 1390 1386 generi
1407 1346 1504 1384 majus
1523 1344 1538 1375 a
1547 1344 1605 1375 diis
1617 1354 1730 1375 munus
1740 1345 1837 1375 ullum
1847 1343 1890 1374 est
1899 1339 2011 1374 datum.
2036 1346 2112 1374 Haec

1149 1390 1259 1430 igitur,
1272 1397 1338 1428 quae
1349 1388 1427 1416 mihi
1441 1396 1541 1417 tecum
1553 1389 1730 1416 communis
1740 1386 1792 1420 est,
1807 1387 1930 1416 societas
1942 1385 2111 1416 studiorum

1151 1440 1240 1471 atque
1263 1431 1374 1459 artium
1394 1427 1562 1459 nostrarum
1574 1449 1581 1462 ‚
1600 1428 1736 1469 quibusa
1749 1430 1875 1469 pueritia
1884 1427 1978 1458 dediti
1990 1448 1998 1462 ‚
2015 1438 2048 1458 ac
2056 1426 2111 1457 de-

1149 1471 1246 1503 vinffi
1258 1492 1266 1505 ‚
1291 1471 1347 1502 soli
1367 1471 1589 1511 propemodum
1599 1480 1656 1500 nos
1667 1470 1889 1510 philosophiam
1899 1469 1983 1499 illam
1994 1478 2109 1503 veram,

1150 1515 1183 1545 &
1192 1516 1347 1554 antiquam
1360 1534 1367 1546 ,
1382 1523 1448 1554 quae
1457 1512 1635 1553 quibusdam
1646 1514 1703 1542 otii
1714 1510 1785 1545 effe,
1799 1522 1832 1542 ac
1843 1510 1960 1542 defidiae
1972 1510 2103 1544 videtur,

1148 1559 1181 1587 in
1200 1555 1302 1586 forum
1318 1565 1404 1596 atque
1423 1557 1455 1584 in
1477 1555 1614 1594 rempub.
1634 1563 1720 1595 atque
1741 1555 1773 1584 in
1792 1553 1885 1593 ipsam
1905 1553 2000 1583 aciem
2018 1551 2106 1592 paene

1149 1598 1351 1628 deduximus:
1372 1606 1471 1626 tecum
1483 1598 1541 1638 agit
1553 1596 1589 1626 de
1603 1606 1669 1626 mea
1682 1595 1768 1626 laude
1779 1615 1787 1629 ,
1799 1597 1847 1625 cui
1858 1596 1959 1636 negari
1968 1594 1983 1625 ὲ
1993 1597 2109 1625 Catone

1146 1639 1189 1670 fas
1201 1638 1257 1670 eise
1269 1648 1332 1669 non
1341 1647 1425 1679 puto.
1438 1638 1646 1680 Qamobrem
1656 1638 1710 1668 tibi
1722 1637 1759 1668 sic
1769 1637 1952 1677 persuadeaS,
1964 1637 2069 1667 velim:
2084 1634 2106 1665 fi

1150 1683 1227 1712 mihi
1240 1691 1289 1712 tua
1300 1681 1444 1711 sententia
1455 1681 1582 1710 tributus
1593 1681 1691 1710 honos
1703 1690 1741 1710 ex
1752 1681 1828 1709 meis
1839 1679 1944 1709 litteris
1952 1678 2108 1713 fuerit,me

1149 1723 1187 1754 fic
1197 1722 1439 1753 existimaturum
1456 1741 1465 1755 ,
1484 1721 1556 1752 cum
1571 1721 1745 1752 au&oritate
1759 1730 1806 1751 rua
1818 1741 1825 1754 ‚
1847 1729 1912 1751 tum
1923 1720 2110 1750 benivolen-

1149 1768 1190 1796 tia
1199 1775 1265 1806 erga
1276 1774 1336 1798 me,
1351 1765 1440 1797 mihi,
1451 1764 1534 1804 quod
1546 1763 1680 1794 maxime
1692 1759 2110 1803 cupierim,contigiss‘e.Vale.

1304 1807 1421 1836 M.CA
1437 1808 1521 1839 To,
1545 1808 1588 1835 M.
1602 1808 1686 1836 T.C.
1710 1807 1808 1835 IMP.
1830 1807 1858 1835 S.
1872 1807 1902 1835 P.
1917 1806 1957 1833 D.

1246 1850 1320 1878 Uon
1332 1848 1365 1878 &
1376 1848 1451 1887 resp.
1462 1857 1523 1881 me,
1535 1847 1567 1877 δε
1577 1846 1677 1878 nostra
1685 1848 1819 1877 amicitia
1829 1847 1973 1879 hortatur,
1985 1844 2113 1875 libenter

1247 1890 1324 1920 facio
1336 1909 1345 1923 ,
1357 1898 1390 1920 ut
1402 1898 1483 1919 tuam
1495 1890 1640 1919 virtutem
1651 1909 1660 1923 ,
1671 1890 1881 1919 innocentiam
1891 1908 1900 1922 ,
1910 1887 2114 1928 diligentiam«,

1152 1935 1306 1974 cognitam
1329 1933 1360 1961 in
1381 1933 1523 1961 maximis
1543 1931 1629 1961 rebus
1642 1952 1651 1964 ‚
1670 1931 1756 1961 domi
1776 1932 1890 1970 togati,
1909 1931 2016 1960 armati
2028 1927 2115 1962 foris,

1152 1977 1213 2015 pari
1236 1973 1381 2005 industria
1399 1972 1600 2003 administrari
1618 1973 1773 2013 gaudeam.
1814 1975 1915 2013 Itaque
1927 1992 1935 2005 ‚
1953 1970 2036 2012 quod
2060 1980 2117 2010 pro

1132 2042 1134 2052 ,
1154 2027 1224 2047 meo
1244 2015 1358 2054 iudicio
1381 2014 1475 2045 facere
1484 2017 1586 2055 potui,
1608 2016 1842 2048 utinnocentia‚
1862 2012 2049 2054 consilioque
2064 2021 2117 2043 tuo

1155 2058 1309 2089 defensam
1331 2059 1518 2097 provinciam
1530 2077 1538 2091 ‚
1561 2058 1708 2088 servatum
1730 2057 1938 2087 Ariobarzanis
1955 2065 2027 2085 cum
2048 2054 2114 2094 ipso

1157 2111 1222 2142 rege
1241 2110 1367 2141 regnum
1382 2120 1391 2133 ,
1413 2100 1564 2129 sociorum
1590 2108 1759 2130 revocatam
1779 2098 1813 2128 ad
1838 2097 1970 2128 studium
1994 2096 2118 2136 imperii

1155 2142 1250 2173 nostri
1269 2142 1476 2175 voluntatem,
1496 2142 1641 2171 sententia
1659 2151 1744 2174 mea,
1768 2141 1801 2171 δε
1820 2139 1939 2170 decreto
1951 2138 2115 2170 laudarem,

1155 2185 1223 2214 feci.
1247 2184 1504 2223 Supplicationem
1516 2183 1663 2213 decretam
1677 2203 1685 2215 ‚
1704 2182 1724 2212 fi
1735 2191 1766 2213 tu
1778 2202 1786 2216 ,
1811 2192 1869 2222 qua
1880 2183 1912 2211 in
1923 2191 1953 2211 re
1964 2180 2042 2210 nihil
2051 2178 2116 2209 for-

1157 2225 1246 2259 tuito,
1260 2227 1307 2257 sed
1319 2226 1436 2256 summa
1450 2235 1497 2256 tua
1506 2227 1621 2255 ratione
1635 2246 1642 2258 ‚
1666 2225 1698 2255 &
1708 2225 1905 2255 continentia,
1921 2220 2035 2261 reipub.
2046 2230 2118 2261 pro·-

1156 2269 1254 2298 visum
1276 2267 1319 2298 est
1343 2288 1352 2302 ,
1373 2268 1430 2298 diis
1456 2268 1680 2297 immortalibus
1697 2266 1835 2308 gratulari
1855 2275 1911 2294 nos
1922 2284 1931 2297 ,
1950 2263 2039 2304 quam
2060 2262 2117 2292 tibi

1158 2310 1267 2340 referre
1280 2319 1432 2350 acceprum
1445 2311 1539 2338 mavis
1552 2328 1560 2340 ,
1571 2308 1696 2349 gaudeo.
1719 2306 1811 2349 Qod
1821 2305 1842 2335 fi
1852 2307 1996 2345 triumphi
2008 2313 2121 2345 praero-

1159 2353 1288 2393 garivam
1298 2361 1382 2391 putas
1392 2370 1400 2385 ‚
1426 2350 1676 2390 supplicationem
1693 2370 1701 2383 ,
1726 2349 1758 2378 δε
1769 2348 1882 2378 idcirco
1891 2348 1992 2378 casum
2004 2345 2119 2387 potius,

1160 2392 1251 2433 quam
1273 2402 1301 2422 te
1321 2392 1433 2423 laudari
1453 2393 1548 2421 mavis
1566 2402 1572 2421 ε
1595 2401 1691 2432 neque
1714 2390 1963 2430 supplicationem
1989 2389 2121 2429 sequitui·

1161 2435 1277 2474 semper
1287 2435 1468 2474 triumphus,
1479 2433 1679 2473 &triumpho
1691 2433 1789 2462 multo
1799 2432 1906 2462 clarius
1918 2430 1973 2464 est,
1985 2431 2120 2461 senatum

1165 2476 1303 2512 iudicare,
1316 2476 1417 2516 potius
1428 2475 1667 2509 mansuetudine,
1680 2476 1713 2505 &
1728 2476 1903 2504 innocentia
1913 2474 2118 2513 imperatoris,

1162 2519 1350 2559 provinciam
1366 2539 1375 2551 ,
1398 2518 1489 2559 quam
1510 2518 1540 2546 vi
1564 2518 1700 2547 militum
1713 2537 1721 2551 ,
1740 2514 2121 2557 autbenignitatedeorum

1163 2568 1308 2590 retentam
1322 2580 1330 2594 ,
1340 2569 1427 2600 atque
1435 2559 1638 2590 conservatam
1651 2557 1722 2589 este:
1736 2558 1819 2599 quod
1830 2568 1886 2598 ego
1898 2567 1964 2587 mea
1974 2556 2120 2587 sententia

1142 2606 1145 2637 Ι
1165 2602 1333 2632 censebam.
1358 2605 1457 2643 Atque
1475 2601 1538 2630 haec
1548 2611 1602 2642 ego
1613 2601 1726 2631 idcirco
1736 2600 1772 2630 ad
1783 2609 1810 2630 te
1818 2609 1921 2630 contra
1930 2596 2124 2629 consuetudi-

1143 2641 1145 2646 ’
1165 2654 1237 2674 nem
1249 2653 1348 2674 meam
1360 2643 1494 2684 pluribus
1506 2642 1618 2683 scripsi:
1630 2652 1673 2676 ut,
1684 2642 1766 2683 quod
1778 2640 1913 2673 maxime
1924 2640 2007 2672 volo,
2018 2636 2124 2668 existi-

1165 2696 1230 2716 mes
1242 2696 1290 2715 me
1302 2686 1432 2716 laborare
1445 2706 1454 2719 ,
1467 2695 1499 2716 ut
1512 2685 1567 2715 tibi
1577 2685 1777 2725 persuadeam,
1791 2693 1840 2713 me
1851 2679 2019 2713 &voluisse
2029 2679 2066 2710 de
2076 2685 2126 2709 tua

1168 2727 1337 2768 majestate,
1358 2728 1439 2769 quod
1459 2726 1675 2767 ampliffimum
1695 2725 1749 2756 sim
1759 2726 1931 2756 arbitratus:
1955 2721 2079 2763 &quod
2090 2730 2123 2751 tu

1166 2770 1319 2804 maluisti,
1339 2769 1452 2800 fastum
1474 2768 1532 2800 esse
1544 2769 1680 2810 gaudere.
1702 2768 1794 2800 Vale,
1816 2767 1848 2796 δε
1865 2774 1921 2795 nos
1941 2763 2021 2803 dilge
2036 2783 2044 2797 ,
2066 2767 2076 2783 ¹
2090 2762 2124 2793 &

1165 2811 1304 2843 instituto
1322 2813 1431 2842 itinere
1453 2812 1637 2842 severitatem
1656 2830 1665 2844 ,
1686 2809 1936 2850 diligentiamque
1952 2805 2041 2836 sociis
2062 2824 2071 2840 ,
2091 2805 2125 2836 &

1168 2857 1242 2895 reip.
1254 2853 1371 2895 praesta.

1352 2898 1446 2926 M.T.
1467 2897 1502 2925 C.
1526 2894 1804 2924 M.CATON1‚
1825 2892 1894 2921 S.P.
1908 2893 1948 2920 D.

1266 2937 1458 2977 AETvSsum
1467 2936 1582 2965 laudari
1590 2945 1633 2964 me
1643 2955 1652 2968 ,
1664 2935 1762 2975 inquit
1774 2933 1890 2963 Hefikor
1902 2953 1911 2966 ,
1923 2932 2033 2972 opinor
2047 2930 2125 2972 apud

1256 2980 1402 3010 Naevium
1418 2999 1426 3012 ,
1446 2976 1494 3007 abs
1505 2984 1615 3017 reparer
1627 2997 1634 3010 ‚
1654 2972 1670 3005 a
1681 2975 1797 3005 laudato
1807 2976 1878 3004 viro.
1902 2977 1952 3005 EA
1963 2984 2020 3004 EST
2032 2981 2125 3003 EN1M

1141 3045 1144 3061 ;
1166 3020 1306 3061 profesti>
1313 3019 1448 3060 jucunda
1457 3020 1518 3049 laus
1529 3038 1538 3053 ,
1558 3028 1622 3060 qua:
1633 3018 1669 3050 ab
1679 3019 1717 3048 iis
1731 3017 1947 3058 proficiscitur,
1962 3017 2013 3057 qui
2025 3013 2078 3055 ipsi
2088 3016 2123 3085 {in

2038 3059 2086 3086 lau
2109 3058 2126 3085 e

1167 3104 1696 3111 ....——--—————---v—.....-—.
1710 3104 1735 3108 ⁴-

1737 3097 2121 3108 ,J

1145 3134 1151 3219 ι
1170 3123 1294 3157 Hittorp.
1305 3129 1448 3158 propagata
1462 3140 1469 3152 ‚
1488 3121 1553 3146 adeo
1569 3128 1596 3146 ut
1608 3121 1696 3146 mirari
1708 3120 1817 3146 subierit
1827 3119 1901 3145 illam
1913 3127 2039 3154 nuperairi
2050 3117 2129 3146 novi-

218 3196 222 3200 .
284 3197 287 3201 ,
367 3196 371 3199 .
439 3196 442 3199 .
462 3196 465 3199 ,
568 3196 571 3198 ,
669 3196 673 3200 ,
1140 3182 1143 3194 ,
1170 3159 1234 3184 tiam
1245 3166 1252 3183 ἰ
1268 3158 1422 3191 securitatem
1431 3157 1653 3191 indialgemfflnqiie,
1675 3166 1736 3184 cum
1748 3158 1817 3185 Cato
1827 3155 1893 3183 nihil
1905 3155 1991 3182 miuus
2002 3154 2125 3181 nomina-

166 3205 242 3232 geuia
252 3196 335 3224 lectio
348 3215 355 3228 ,
366 3205 392 3222 iii
404 3194 521 3224 editione
534 3204 619 3230 prim-2
631 3197 657 3221 ὃ(
668 3206 693 3223 iu
706 3197 774 3229 vill.
787 3199 911 3224 Vaticano
926 3216 931 3229 ,
945 3198 1028 3223 l'eek.
1039 3197 1123 3223 Stezv.
1512 3194 1515 3197 '

1170 3195 1205 3220 rit
1215 3194 1484 3229 qnami‘ndmg.-a:..0.m,
1507 3204 1522 3218 υ
1551 3193 1635 3239 pua?

2047 3223 2135 3259 LK&

2320 1535 2327 1559 ,ψ
2319 1514 2321 1518 λ
2309 1367 2329 1506 -μᾼ-υκςςᾳ
2315 1321 2334 1359 §-7
2321 1300 2327 1310 Α
