2295 3400
115 1434 156 1459 21

146 135 255 198 428

160 221 283 260 mippus
294 220 452 250 Temnum
469 214 683 256 proficiscitur,
703 222 774 244 cum
791 211 846 244 iste
862 211 922 243 sese
938 211 1109 253 pecuniam,

165 271 254 303 quani
270 261 358 299 hujus
371 258 428 289 fide
444 257 603 290 sumserat,
623 256 802 296 adiscipulis
820 254 879 285 suis
895 254 1010 285 deceret
1021 250 1113 283 Fusiis

166 303 395 343 persoluturum.
407 299 531 330 habebat
538 300 623 329 enim
632 299 733 328 rhetor
741 296 795 327 iste
804 295 1014 326 adolescenteis
1023 293 1114 335 quos-

167 344 237 374 dam
249 343 418 382 locupleteis
428 360 437 375 ,
454 350 531 382 quos
540 339 656 370 dimidio
666 336 929 374 redderetstultiores
938 356 947 371 ,
965 346 1056 378 quam
1068 344 1116 367 ac-

166 393 299 425 ceperat,
314 383 366 414 ubi
377 383 454 413 nihil
464 381 583 422 possent
591 381 700 412 discere
710 399 718 414 ,
734 379 788 410 nisi
798 379 1117 421 ignorantiamlitteia·

167 436 246 457 rum·
268 427 426 455 neminem
437 423 563 464 quidem
571 421 645 453 adeo
656 421 798 453 infatuare
808 423 924 461 potuit,
945 429 977 451 ut
987 422 1014 450 ei
1025 428 1117 450 num-

168 476 257 497 mum
271 467 370 497 ullum
385 467 523 497 crederet.
545 468 646 506 Itaque
657 484 667 498 ‚
682 463 753 494 cum
766 465 867 494 Roma
877 462 954 493 clam
965 461 1036 492 effer
1048 470 1118 501 pro-

166 507 263 539 fectus
275 528 283 542 ‚
303 508 473 549 multosque
490 508 606 536 minutas
621 503 847 535 mutuationibus
857 502 1066 542 fraudawffet:
1085 504 1119 533 in

168 549 267 580 Afiam
278 552 364 580 venit
372 570 380 584 ‚
400 551 629 590 Hermippoque
644 548 827 588 percontanti
839 546 875 577 de
885 548 1013 577 nomine
1023 543 1120 575 Fusia-

167 602 212 622 no
222 592 380 632 respondet
391 613 400 625 ,
420 592 448 622 se
459 601 585 622 omnem
595 591 752 630 pecuniam
764 586 855 619 Fufiis
864 586 1044 628 persolvisse.
1066 589 1121 616 ln-

168 636 258 664 teiim
271 653 280 667 ,
299 644 394 674 neque
410 635 451 663 ita
468 634 560 674 longo
576 631 753 664 intervallo,
775 631 899 661 libertus
914 629 929 659 ὲ
944 628 1034 660 Fusiis
1049 638 1120 658 cum

168 675 274 705 litteris
283 676 318 706 ad
330 676 532 715 Hermippum
543 675 643 704 venit:
665 674 790 713 pecunia
806 672 916 712 petitur
931 671 967 701 ab
977 671 1122 709 Hermip-

169 726 220 758 po.
245 719 428 757 Hermippus
438 717 474 746 ab
482 715 640 746 Heraclide
649 717 738 755 petit:
757 714 817 754 ipse
828 722 928 744 tamen
937 711 1030 743 Fusiis
1040 712 1123 741 satis-

167 758 241 790 saci:
253 759 444 793 absentibus,
463 757 496 788 &
511 756 602 787 fidem
614 757 696 787 suam
709 756 821 786 liberat.
847 757 938 785 Hunc
954 753 1120 790 estuantem,

170 800 205 831 &
215 801 455 842 tergiversantem
466 799 581 840 judicio
591 799 643 828 ille
652 798 862 838 pei·sequitur.a
872 793 1124 835 recuperatoribus

169 842 254 872 causa
263 842 460 884 cognoscitur.
484 841 590 871 Nolite
601 840 771 870 existimare
782 859 789 871 ,
800 838 811 877 j
818 838 917 868 udices
927 857 935 870 ,
948 846 1010 866 non
1021 844 1123 880 unam,

170 884 205 914 &
216 884 341 914 eandem
352 883 496 914 omnibus
506 884 538 912 in
549 882 623 912 locis
633 879 895 918 effefiaudatomm
905 900 913 912 ,
937 879 969 909 &
978 878 1126 907 inlitiato-

168 935 242 956 :rum
253 925 485 966 impudentiam.
503 923 574 954 fecit
584 923 685 953 eadem
699 923 803 952 omnia
814 940 821 953 ‚
830 931 896 962 quae
906 919 998 950 nostri
1008 918 1126 948 debito-

171 976 218 998 res
228 967 334 998 solent.
352 968 471 1008 negavit
481 965 539 996 sese
549 965 681 994 omnino
692 963 839 993 versuram
852 963 944 992 ullam
955 958 1054 992 fecisse
1062 962 1127 990 Ro-

174 1018 250 1040 mae:
275 1007 430 1040 Fufiorum
450 1008 477 1037 se
496 1005 657 1037 affirmavit
677 1014 847 1046 numquam
861 1005 993 1033 omnino
1011 1010 1128 1032 nomen

173 1049 304 1082 audiss‘e:
329 1051 531 1089 Heimippum
541 1047 613 1078 vero
625 1046 723 1087 ipsum
735 1066 743 1080 ,
759 1044 1008 1086 pudentissimum
1019 1063 1028 1077 ‚
1042 1052 1128 1083 atque

173 1095 329 1132 optimum
339 1093 450 1124 virum,
461 1098 593 1120 veterem
603 1091 747 1122 amicum,
757 1097 842 1128 atque
853 1087 1001 1127 hospitem
1012 1093 1128 1116 meum,

175 1131 446 1175 splendidissimum
458 1151 466 1165 ‚
488 1139 575 1171 atque
587 1129 807 1161 ornatiffimum
821 1130 949 1159 civitatis
963 1129 1019 1158 suae
1030 1146 1038 1160 ‚
1058 1135 1129 1165 pro-

173 1175 236 1207 bris
246 1174 391 1205 omnibus
401 1194 409 1207 ‚
430 1171 658 1213 maledi6lisque
667 1173 796 1202 vexavit.
819 1170 874 1201 Sed
886 1190 894 1204 ‚
914 1169 986 1200 cum
996 1169 1024 1199 se
1034 1169 1129 1197 homo

173 1217 321 1248 volubilis
338 1215 466 1256 quadam
481 1213 626 1254 praecipiti
643 1214 792 1244 celeritate
802 1211 984 1243 dicendiilla
995 1211 1130 1239 oratione

172 1257 295 1299 janilaret
303 1278 312 1292 ‚
328 1257 449 1298 repente
461 1255 643 1286 testimoniis
651 1253 805 1285 Fufiorum
817 1274 826 1288 ,
838 1252 1074 1291 nominibusque
1085 1260 1130 1280 re-

172 1301 270 1331 citatis
278 1319 288 1334 ‚
300 1301 396 1330 homo
404 1295 613 1329 audacissimus
620 1298 788 1338 pertimuit,
799 1293 1023 1336 loquacissimus
1033 1291 1129 1322 obmu-

174 1343 247 1372 tuit.
271 1344 373 1382 Itaque
389 1348 608 1380 recuperatores
624 1347 728 1370 contra
744 1336 836 1367 istum
849 1347 913 1366 rem
928 1333 1061 1365 minime.
1072 1333 1129 1378 ‹lu—

176 1383 260 1414 biam
272 1386 370 1423 prima
381 1381 499 1412 afflone
506 1380 724 1421 judicaverunt.
748 1378 828 1410 cum
838 1378 1003 1417 judicatum
1014 1385 1078 1405 non
1086 1377 1130 1404 ia-

176 1434 255 1457 ceret
265 1445 274 1458 .
291 1423 428 1455 addieius
437 1425 605 1462 Hermippo
616 1442 624 1456 ,
645 1421 678 1452 δε
688 1421 724 1451 ab
736 1421 794 1451 hoc
807 1419 915 1451 dusius
928 1417 980 1448 est.
1005 1417 1130 1447 Habetis

179 1467 214 1498 δε
228 1465 416 1497 honestatem
438 1465 576 1495 hominis
586 1483 594 1498 ‚
614 1463 647 1494 δε
663 1462 871 1493 auctoritatem
890 1460 1077 1492 testimonii,
1097 1458 1130 1488 &

174 1509 293 1540 causam
303 1517 432 1540 omnem
441 1505 608 1536 simultatis.
632 1509 729 1545 Atque
745 1506 771 1535 is
784 1504 820 1534 ab
831 1504 1001 1542 Hermippo
1015 1499 1131 1533 missus,

177 1550 252 1581 cum
270 1552 298 1580 ei
314 1559 403 1590 pauca
419 1549 567 1588 mancipia
580 1545 779 1579 vendidisset.
798 1547 931 1576 Romam
949 1544 977 1573 se
993 1542 1131 1573 contulit:

179 1591 289 1624 deinde
300 1594 333 1621 in
343 1589 441 1621 Asiam
453 1589 551 1622 rediit,
562 1587 634 1619 cum
642 1589 705 1629 jam
715 1587 801 1618 frater
811 1596 896 1616 meus
906 1585 1011 1615 Flacco
1020 1583 1131 1614 succes-

178 1632 264 1664 sisset.
287 1632 322 1664 ad
332 1642 423 1673 quem
433 1631 507 1662 adiit
516 1651 525 1664 ,
539 1630 714 1670 causamque
725 1631 766 1659 ita
774 1628 900 1661 detulit3
916 1634 1132 1665 recuperatores

179 1676 215 1705 vi
224 1674 317 1705 Flacci
326 1672 431 1703 constas
441 1693 449 1707 ,
462 1672 494 1702 &
504 1681 587 1702 metu
600 1692 610 1705 ‚
619 1671 728 1701 falsum
739 1665 1045 1709 invitosjudicaviffe.
1064 1669 1134 1697 Fra—

177 1725 223 1748 ter
233 1726 319 1746 meus
329 1736 338 1750 ,
352 1725 407 1756 pro
417 1715 465 1746 sua
474 1715 610 1755 aequitate
619 1733 628 1747 ‚
639 1712 853 1753 prudentiaque
864 1731 873 1744 ‚
885 1710 1014 1741 decrevit
1026 1729 1034 1742 ,
1045 1717 1078 1738 ut
1088 1727 1097 1741 ,
1110 1706 1131 1737 si

175 1759 343 1799 judicatum
357 1764 491 1798 negaret:
512 1758 543 1785 in
555 1755 680 1795 duplum
693 1755 763 1784 iret„
783 1753 803 1783 fi
821 1760 905 1782 metu
921 1749 1039 1781 coaetos
1052 1749 1133 1779 dice-

179 1810 243 1832 ret:
263 1800 382 1830 haberet
398 1797 520 1827 eosdem
538 1805 764 1836 recuperatores.
787 1794 947 1825 Recusavit
959 1803 964 1821 2
984 1793 1017 1823 &
1026 1812 1034 1825 ,
1054 1789 1134 1832 quafi

179 1842 260 1874 nihil
270 1839 448 1871 ess'etaStum
459 1858 468 1872 ‚
487 1838 564 1868 nihil
580 1838 748 1877 judicatum
761 1857 770 1870 ‚
787 1836 823 1866 ab
836 1837 1004 1874 Hermippo
1019 1833 1134 1863 ibidem

181 1884 332 1923 mancipia
342 1903 352 1915 ,
368 1890 435 1922 quae
446 1880 506 1920 ipse
516 1881 543 1909 ei
556 1878 729 1909 vendiderat
739 1898 747 1912 ‚
765 1886 864 1918 petere
876 1884 976 1916 coepit.
999 1876 1046 1904 M.
1057 1876 1134 1904 Gra-

181 1925 274 1956 tidius
286 1945 294 1958 ,
306 1925 416 1963 legatus
426 1942 434 1956 ‚
446 1922 481 1952 ad
491 1931 582 1962 quem
593 1919 635 1950 est
643 1920 758 1950 aditum
771 1939 780 1953 ‚
793 1918 946 1949 adtionem
957 1917 983 1947 se
993 1916 1132 1946 daturum

179 1968 315 2007 negavit:
330 1975 359 1995 re
367 1965 498 2005 judicata
508 1962 573 1992 stari
584 1961 849 2001 ostenditplacere.
871 1962 984 1989 lterum
996 1957 1068 1991 iste,
1084 1959 1133 1987 cui

179 2009 285 2040 nullus
295 2005 367 2038 efl‘et
374 2006 499 2046 usquam
514 2002 694 2034 consistendi
706 2003 790 2033 locus
804 2021 813 2035 ,
834 2003 970 2031 Romam
984 2000 1012 2029 se
1022 1999 1133 2029 retulit:

178 2051 364 2092 persequitur
374 2049 558 2086 Hermippus
568 2066 577 2079 ,
597 2046 649 2086 qui
660 2055 736 2074 num
759 2053 828 2074 uam
841 2041 926 2073 istius
938 2040 1135 2081 impudentiae

178 2090 272 2123 cessit.
294 2091 367 2130 petit
377 2088 550 2119 Heraclides
560 2087 576 2117 a
586 2090 617 2117 C.
630 2087 729 2117 Plotio
752 2094 870 2115 enatore
880 2103 888 2118 ‚
900 2085 967 2114 viro
976 2084 1132 2123 primario,

182 2135 236 2174 qui
247 2134 357 2174 legatus
368 2133 401 2161 in
413 2128 476 2160 Asia
484 2128 578 2159 fuerat
587 2149 595 2162 ‚
609 2127 759 2167 mancipia
767 2125 920 2166 quaedam,
932 2135 998 2165 quae
1008 2125 1035 2154 se
1046 2144 1055 2158 ‚
1065 2133 1135 2154 cum

180 2175 351 2217 judicatum
359 2170 430 2202 effer
439 2192 446 2205 ‚
454 2179 502 2213 per
512 2171 574 2200 vim
584 2166 750 2200 vendidisse
759 2167 886 2198 dicebat.
910 2169 968 2205 Q.
979 2166 1060 2196 Naso
1070 2185 1079 2200 ‚
1089 2166 1138 2195 vir

181 2213 405 2247 ornatissimus,
426 2210 693 2254 quipraetorfuerat
705 2229 713 2243 ,
731 2209 826 2249 judex
837 2208 980 2238 sumitur:
999 2206 1135 2248 quicum

184 2258 363 2289 sententiam
374 2254 540 2285 secundum
550 2254 684 2284 Plotium
696 2251 722 2281 se
733 2249 885 2280 &fiturum
896 2247 1064 2280 ostenderet
1075 2269 1083 2282 ‚
1102 2248 1136 2278 &

183 2299 222 2331 ab
232 2309 269 2329 eo
275 2297 375 2338 judice
385 2297 478 2326 abiret
488 2315 496 2329 ,
518 2293 759 2335 quodjudicium
770 2292 833 2332 lege
847 2300 910 2320 non
921 2299 980 2320 erat
990 2310 1000 2323 ‚
1019 2290 1136 2320 causam

184 2350 281 2372 totam
292 2340 424 2379 reliquit.
447 2337 558 2368 Satisne
567 2335 657 2366 vobis
667 2353 676 2368 ‚
693 2332 810 2373 judices
819 2349 829 2366 ‚
847 2331 954 2362 videor
963 2331 997 2361 ad
1006 2329 1137 2370 fingulos

186 2382 285 2413 testeis
293 2380 429 2412 accedere
439 2399 447 2412 ‚
467 2387 564 2419 neque
574 2396 582 2410 ‚
602 2385 634 2406 ut
644 2373 744 2416 primo
753 2372 964 2404 constitueram
977 2392 989 2405 ,
1006 2380 1137 2401 tantum—

185 2423 282 2454 modo
292 2432 363 2454 cum
374 2420 513 2451 universo
523 2428 629 2461 genere
637 2415 813 2457 confligere?
823 2416 923 2445 Venio
932 2413 967 2444 ad
977 2413 1137 2453 Lysaniam

184 2466 319 2506 ejusdem
336 2464 464 2494 civitatis
480 2482 488 2495 ,
515 2460 695 2501 peculiarem
713 2467 817 2490 tuum,
841 2457 990 2489 Deciane,
1013 2454 1134 2485 testem:

186 2517 281 2549 quem
292 2515 323 2537 tu
331 2504 402 2536 cum
415 2503 566 2545 ephebum
577 2503 691 2533 Temni
700 2512 735 2532 co
756 2497 854 2531 nosses
863 2519 872 2532 2
891 2499 1035 2540 quoniam
1044 2497 1074 2527 'te
1084 2507 1137 2525 im-

185 2551 237 2579 dus
246 2548 404 2578 dele&arat
414 2567 421 2580 ,
441 2547 555 2586 semper
565 2544 682 2575 nudum
691 2553 719 2574 ei
735 2555 749 2573 e
760 2540 893 2573 voluisti.
917 2538 1064 2583 abduxisti
1075 2540 1138 2569 Te-

190 2600 266 2621 mno
276 2588 503 2629 Apollonidem.
526 2588 683 2628 pecuniam
698 2583 920 2616 adolescentulo
929 2580 1031 2623 grandi
1040 2582 1137 2611 iaeno-

186 2642 219 2663 *re
239 2651 248 2665 ‚
276 2629 384 2660 fiducia
401 2639 500 2659 tamen
519 2636 634 2669 accepta
651 2648 661 2662 2
688 2625 879 2666 occupavisti.
902 2625 977 2654 hanc
996 2621 1136 2652 fiduciam

187 2671 380 2704 commissam
391 2672 446 2701 tibi
455 2670 544 2701 dicis:
558 2679 642 2700 tenes
651 2669 741 2699 hodie
750 2688 758 2702 ,-
769 2678 802 2698 ac
810 2665 946 2708 poffides.
963 2668 1042 2695 Eum
1052 2673 1083 2693 tu
1095 2673 1138 2693 te-

190 2714 266 2746 stem
277 2714 323 2753 spe
340 2712 512 2754 recuperandi
523 2712 614 2751 fundi
631 2712 744 2751 paterni
762 2711 862 2739 venire
877 2707 912 2738 ad
927 2706 1138 2738 testimonium

188 2756 355 2787 dicendum
371 2752 494 2791 coegisti
510 2765 516 2783 z
533 2756 585 2793 qui
603 2754 747 2794 quoniam
769 2750 979 2781 testimonium
997 2746 1137 2778 nondum

190 2798 270 2828 dixit
280 2817 288 2832 ‚
303 2793 447 2837 quidnam
458 2794 490 2825 sit
499 2795 632 2825 dicturus
643 2815 651 2827 ,
673 2792 826 2833 exspeElto.
849 2793 922 2822 novi
932 2800 1024 2831 genus
1036 2791 1138 2819 homi—

190 2849 287 2873 num,
307 2840 382 2869 novi
395 2836 644 2868 consuetudinem
655 2855 664 2871 ‚
682 2837 758 2866 novi
774 2834 943 2865 libidinem.
968 2834 1070 2873 Itaque
1086 2828 1137 2861 etsi

234 2986 257 3002 r.
274 2976 393 3002 Pitbndori
404 2995 411 3005 ,
430 2978 552 3004 strident·
562 2996 569 3008 ‚
587 2976 737 3011 Lepifimes]
757 2976 834 3002 Talia
845 2975 900 3002 fere
914 2981 989 3001 erant
999 2973 1025 2999 in
1038 2972 1093 2999 Pal.
1105 2982 1146 3009 pr.

193 3023 223 3040 nc
234 3019 297 3038 tert.
316 3021 375 3038 iiam
387 3014 466 3039 ceteri
477 3022 566 3039 omnes
580 3032 588 3045 ,
607 3019 636 3039 ut
647 3013 673 3038 &
686 3014 712 3038 S.
724 3011 828 3039 Vistor.
844 3012 871 3038 &
882 3013 964 3039 Grut.
975 3009 1092 3035 mutilati
1104 3009 1146 3035 so-

196 3049 236 3076 lio
245 3049 361 3083 integro.

234 3093 263 3110 2.
282 3085 509 3117 Expreffamfaciem
518 3083 649 3117 miiaiin]
670 3083 815 3110 Lambinus
826 3084 919 3117 speciem
930 3091 937 3113 ;
950 3080 1019 3119 quod
1030 3080 1109 3108 etiam
1120 3080 1147 3107 in

198 3120 256 3148 Pal.
267 3129 306 3156 pr.
318 3119 359 3145 scd
371 3127 435 3146 tert.
444 3119 557 3145 alterum
569 3118 709 3151 retinebat,
720 3120 783 3146 item
795 3118 877 3146 editio
891 3126 974 3145 vetus.

572 119 1079 182 M.'Tu1.1.11
1140 128 1687 177 Crcznouxs'

1153 217 1244 259 teneo
1252 229 1261 244 ‚
1277 207 1351 259 quid
1361 206 1396 240 sit
1403 209 1500 241 dicere
1509 221 1622 252 paratus
1633 232 1642 247 ‚
1661 210 1739 244 nihil
1750 215 1852 244 tamen
1862 204 1957 243 eontra
1968 209 2112 254 disputabo

1155 254 1240 293 prius
1253 272 1261 286 ‚
1281 261 1372 292 quam
1390 251 1509 283 dixerit.
1539 263 1639 285 tetum
1658 256 1743 286 enim
1760 263 1935 289 convertet,
1951 264 2037 296 atque
2054 256 2113 286 alia

1157 292 1258 335 finget.
1281 293 1489 340 Qamobrem
1510 295 1544 326 δε
1562 296 1614 326 ille
1630 297 1743 331 servet,
1761 297 1843 338 quod
1861 298 1989 337 paravit:
2007 297 2041 327 &
2054 305 2111 338 ego

1157 346 1209 366 me
1225 335 1260 366 ad
1277 335 1310 365 id
1322 355 1331 368 ‚
1356 334 1439 375 quod
1457 336 1586 368 attulerit
1597 356 1606 372 ‚
1625 339 1777 380 integrum
1795 339 1988 369 conservabo.
2010 340 2113 369 Venio
2132 346 2179 372 22

1157 387 1238 408 nunc
1251 377 1287 407 ad
1299 386 1364 406 eam
1376 379 1530 408 civitatem
1541 397 1550 412 ⁵
1570 381 1603 409 in
1613 390 1703 421 quam
1718 390 1774 422 ego
1785 381 1922 411 multa&
1932 390 2038 422 magna
2051 379 2114 410 stu-

1158 419 1206 450 dia
1216 419 1249 450 &
1258 416 1358 449 officia
1366 419 1483 450 contuli
1495 430 1501 449 z
1520 420 1553 450 &
1561 431 1652 462 quam
1665 431 1751 452 meus
1759 421 1847 452 frater
1857 423 1891 451 in
1904 424 2012 462 primis
2024 421 2111 456 colit,

1157 470 1244 502 atque
1253 460 1352 501 diligit
1363 472 1367 489 z
1378 470 1444 501 quae
1455 458 1476 490 fi
1484 463 1589 493 civitas
1598 473 1650 503 pet
1659 465 1739 493 viros
1751 463 1848 493 bonos
1858 483 1866 497 ,
1876 464 2047 505 graveisque
2057 464 2116 493 ho-

1161 506 1259 532 mines
1270 521 1279 536 ,
1289 504 1422 543 querelas
1433 502 1468 532 ad
1478 513 1533 533 vos
1543 504 1702 538 detulisset,
1717 505 1818 544 paullo
1829 514 2040 534 commoverer
2050 515 2116 536 ma-

1159 547 1214 586 gis.
1237 554 1319 573 nunc
1328 543 1400 574 vero
1410 544 1482 584 quid
1495 554 1598 585 putem
1610 548 1622 575 ?
1643 547 1814 576 Trallianos
1824 545 1991 576 Maeandrio
2000 547 2116 586 caufizm

1160 584 1334 626 commtfiffit,
1349 586 1470 616 homini
1479 589 1577 627 egenti
1587 607 1595 620 ‚
1609 587 1744 621 sordido,
1759 586 1819 618 sine
1830 588 1946 618 honore
1955 607 1964 621 ‚
1977 586 2036 618 fine
2048 589 2116 618 exi-

1161 627 1333 658 stimatione
1342 647 1350 661 ‚
1365 626 1426 657 sine
1434 629 1546 658 censu?
1569 629 1633 659 Ubi
1642 638 1723 659 erant
1733 629 1779 658 illi
1790 649 1799 663 ,
1816 632 1826 648 ¹
1839 629 2021 669 Pythodori,
2034 630 2115 660 AEti·

1163 669 1234 700 deni
1245 689 1254 703 ‚
1266 669 1430 709 Lepisones
1439 689 1451 703 ,
1460 671 1548 700 ceteri
1559 671 1701 700 homines
1711 670 1788 711 apud
1797 680 1852 700 nos
1862 673 1947 705 noti,
1959 673 2037 701 inter
2046 671 2116 702 suos

1164 711 1302 742 nobiles?
1315 711 1367 756 ubi
1377 711 1427 740 illa
1437 709 1596 752 magnifica
1605 732 1613 745 ,
1625 713 1658 743 ὃς
1667 713 1795 753 gloriosa
1805 711 1963 743 ostentatio
1973 714 2117 744 civitatis?

1164 762 1267 783 nonne
1282 751 1351 782 esset
1361 752 1502 792 puditum
1514 773 1523 786 ‚
1544 752 1563 782 si
1573 754 1648 784 hanc
1658 754 1775 784 causam
1785 763 1905 795 agerent
1916 753 2016 784 severe
2025 774 2034 788 ,
2054 763 2120 784 non

1165 792 1262 824 modo
1273 793 1401 833 legatum
1413 813 1421 827 ‚
1434 794 1483 825 sed
1495 795 1683 825 Trallianum
1692 797 1826 825 omnino
1833 795 1894 825 dici
1905 795 2121 826 Maeandrium?

1166 836 1236 868 huic
1246 835 1296 865 tali
1310 837 1405 876 legato
1417 855 1426 868 ‚
1446 836 1515 866 huic
1526 837 1647 876 publico
1658 836 1724 867 testi
1733 846 1891 877 patronum
1903 837 1988 866 suum
1997 838 2060 877 jam
2071 839 2122 868 in·

1166 876 1204 907 de
1213 877 1227 906 ὲ
1237 884 1318 916 patre
1328 896 1337 910 ‚
1355 885 1442 917 atque
1452 878 1615 915 majoribus
1627 899 1635 912 ,
1658 881 1692 909 L.
1704 880 1843 909 Flaccum
1853 877 2036 908 mactandum
2044 880 2123 909 civi-

1168 919 1234 948 tatis
1247 916 1424 948 testimonio
1441 918 1626 950 tradidissent
1642 923 1653 949 ?
1678 923 1752 950 Non
1766 919 1808 950 est
1826 923 1885 953 ita,
1902 920 2036 960 judices,
2056 930 2124 951 non

1171 958 1213 989 est
1226 958 1373 999 profesto.
1395 959 1459 990 vidi
1473 970 1528 1001 ego
1545 963 1579 991 in
1597 962 1728 1002 quodam
1740 962 1856 1001 judicio
1873 971 1966 1001 nuper
1975 961 2124 993 Philodo-

1172 1010 1240 1030 rum
1256 1000 1362 1030 testem
1371 1002 1561 1032 Trallianum
1572 1023 1581 1037 ,
1601 1003 1665 1033 vidi
1683 1002 1863 1034 Parrhasium
1874 1023 1882 1036 ‚
1902 1002 1966 1033 vidi
1977 1003 2125 1034 Archide-

1174 1051 1259 1072 mum
1271 1061 1280 1075 ‚
1296 1041 1368 1072 cum
1378 1042 1502 1083 quidem
1513 1044 1594 1074 idem
1605 1046 1653 1075 hic
1664 1046 1740 1074 mihi
1751 1045 1934 1075 Maeandrius
1945 1064 1954 1078 ,
1973 1043 2052 1086 quasi
2062 1046 2123 1075 mi-

1171 1082 1318 1117 nistrator,
1329 1083 1436 1118 aderat.
1448 1084 1618 1124 subjiciens,
1630 1086 1702 1126 quid
1713 1088 1746 1116 in
1755 1086 1823 1116 suos
1831 1088 1922 1116 civeis
1934 1106 1942 1119 ‚
1952 1089 2123 1117 civitatem-

1169 1135 1226 1165 que
1244 1122 1265 1154 si
1279 1125 1412 1159 vellem,
1433 1125 1574 1156 dicerem,
1599 1128 1676 1156 nihil
1689 1130 1777 1157 enim
1797 1128 1852 1157 illo
1868 1129 1995 1158 homine
2013 1128 2123 1161 lenus,

1170 1166 1248 1196 nihil
1260 1168 1393 1207 egentius
1404 1186 1412 1200 ,
1424 1168 1501 1196 nihil
1512 1170 1708 1208 inquinatius.
1723 1171 1820 1209 Qare
1830 1167 1851 1198 fi
1860 1170 1941 1198 hunc
1953 1169 2062 1199 habent
2071 1179 2126 1199 au-

1170 1206 1285 1237 &orem
1305 1207 1452 1238 Tralliani
1464 1227 1472 1241 ‚
1492 1208 1605 1238 doloris
1624 1211 1667 1239 sui
1680 1231 1689 1242 ,
1710 1208 1730 1238 si
1742 1211 1821 1239 hunc
1840 1209 1994 1240 custodem
2014 1210 2127 1241 littera-

1169 1259 1237 1279 rum
1249 1269 1257 1282 ,
1277 1247 1298 1279 fi
1315 1250 1395 1279 hunc
1413 1248 1519 1280 testem
1537 1252 1656 1290 injuriae
1667 1271 1675 1284 ‚
1696 1250 1717 1280 fi
1731 1252 1811 1281 hunc
1824 1251 1979 1281 auetorem
1990 1251 2126 1292 querela-

1170 1301 1237 1320 rum
1246 1310 1255 1324 ,
1271 1293 1422 1321 remittant
1433 1291 1549 1331 spiritus
1560 1312 1569 1326 ,
1582 1295 1784 1333 comprimant
1793 1295 1912 1323 animos
1924 1293 1990 1323 suos
2001 1313 2009 1325 ‚
2023 1293 2126 1324 sedent

1169 1335 1365 1374 arrogantiam
1378 1353 1389 1366 ‚
1406 1332 1551 1363 fateantur
1568 1335 1602 1363 in
1612 1335 1769 1364 Maeandrii
1781 1335 1906 1375 persona
1916 1333 1973 1364 effe
1991 1338 2005 1354 ²
2017 1334 2125 1375 expres-

1165 1375 1230 1414 [ἔνη
1241 1374 1348 1413 faciem
1367 1376 1506 1404 civitatis.
1529 1373 1672 1405 sinistuni
1684 1376 1799 1416 semper
1808 1376 1851 1405 illi
1868 1375 1920 1416 ipsi
1930 1376 2014 1406 domi
2025 1385 2126 1416 prote-

1169 1417 1297 1446 rendum
1316 1414 1395 1449 effe,
1416 1416 1697 1448 &conculcandum
1709 1426 1905 1458 putaverunt:
1928 1417 2128 1458 desinantpu-

1169 1467 1227 1488 tare
1236 1457 1441 1488 auctoritatem
1451 1456 1509 1488 effe
1520 1460 1551 1488 in
1562 1469 1598 1488 eo
1608 1458 1796 1493 testimonio,
1807 1460 1891 1495 cuius
1901 1460 2004 1490 auctor
2014 1462 2126 1489 inveri‘

1171 1508 1217 1530 tus
1235 1498 1278 1529 est
1297 1509 1400 1529 nemo.
1423 1499 1479 1530 Sed
1493 1510 1664 1540 exponam,
1684 1500 1758 1541 quid
1775 1511 1808 1531 in
1825 1511 1855 1530 re
1873 1499 1925 1534 sit,
1945 1511 1996 1535 ut,
2015 1511 2124 1542 quam·v
2143 1511 2187 1545 23

1171 1541 1277 1572 obrem
1289 1540 1342 1571 ista
1350 1542 1453 1571 civitas
1465 1561 1475 1575 ‚
1489 1551 1587 1582 neque
1597 1542 1697 1573 severe
1709 1542 1847 1572 Flaccum
1858 1544 2035 1583 oppugnarit
2045 1562 2054 1576 ‚
2070 1553 2126 1573 ne—

1171 1593 1228 1624 que
1247 1581 1377 1624 benigne
1394 1582 1580 1616 defenderit,
1599 1584 1671 1614 scire
1680 1582 1806 1624 possitis.
1831 1586 1897 1614 Erat
1906 1586 1935 1613 ei
1945 1583 2126 1615 Castriciano

1173 1626 1300 1654 nomine
1319 1626 1417 1653 trata:
1436 1624 1473 1654 de
1488 1634 1549 1665 quo
1566 1633 1631 1655 toto
1647 1624 1800 1665 respondit
1810 1623 2002 1655 Hortensius:
2021 1627 2127 1657 invita

1173 1666 1299 1696 solverat
1319 1664 1459 1696 Castricio
1477 1668 1655 1706 pecuniam,
1670 1666 1788 1706 jamdiu
1804 1666 1949 1696 debitam.
1983 1670 2065 1697 Hinc
2079 1676 2126 1697 to-

1174 1716 1239 1737 tum
1253 1707 1359 1737 odium
1371 1726 1379 1740 ‚
1398 1708 1470 1737 hinc
1482 1709 1585 1737 omnis
1599 1706 1736 1738 offenfio.
1760 1706 1831 1749 Qb
1842 1706 1913 1738 cum
1925 1707 2050 1738 veniss'et
2059 1710 2129 1739 Lx«

1174 1749 1235 1778 lius
1248 1748 1283 1778 ad
1294 1750 1397 1781 iratos,
1424 1749 1457 1778 δε
1468 1748 1544 1779 illud
1555 1748 1768 1780 Castricianum
1779 1749 1889 1779 vulnus
1900 1749 2028 1780 dicendo
2039 1749 2127 1780 refri·
2140 1764 2143 1767 -

1173 1788 1276 1821 cuiflet
1287 1801 1296 1824 ·‚
1317 1793 1329 1817 3
1341 1789 1523 1820 exsiluerunt
1530 1792 1678 1831 principes
1689 1811 1697 1824 ‚
1711 1801 1807 1831 neque
1818 1793 1851 1820 in
1860 1792 1912 1821 illa
1919 1793 2067 1821 concione
2075 1791 2129 1822 ad-

1173 1831 1311 1865 fuerunt,
1331 1841 1427 1872 neque
1445 1830 1533 1872 ipsius
1548 1832 1657 1863 decreti
1670 1852 1678 1865 ‚
1699 1842 1732 1862 ac
1742 1831 1909 1862 testimonii
1921 1832 2055 1863 austeres
2068 1830 2128 1863 effie

1176 1873 1347 1903 voluerunt.
1358 1873 1449 1913 usque
1460 1872 1497 1903 eo
1507 1873 1579 1904 orba
1588 1873 1647 1904 fuit
1654 1875 1690 1904 ab
1700 1873 1895 1914 optimatibus
1908 1874 1959 1904 illa
1972 1876 2130 1908 conci0,ut

1175 1917 1311 1955 princeps
1323 1916 1496 1955 principum
1512 1913 1792 1946 essetMaeandrius:
1810 1917 1897 1956 cujus
1910 1916 2028 1958 lingua,
2048 1914 2128 1957 quasi

1172 1955 1283 1993 flabeuo
1289 1955 1431 1995 seditionis
1442 1976 1450 1990 ,
1470 1957 1521 1986 illa
1536 1966 1602 1987 tum
1621 1956 1664 1988 est
1680 1959 1833 1999 egentium
1852 1959 1961 1987 concio
1977 1960 2129 1988 ventilata.

1177 2001 1279 2039 Itaque
1296 1999 1424 2028 civitatis
1442 1998 1582 2037 pudentis
1591 2018 1600 2032 ,
1620 2007 1654 2029 ut
1672 2009 1727 2041 ego
1747 1999 1861 2038 semper
1882 1998 2072 2034 existimavi,
2095 1999 2131 2030 8c

1177 2041 1272 2081 gravis
1283 2059 1291 2073 ,
1303 2048 1336 2069 ut
1347 2037 1398 2079 ipsi
1410 2039 1576 2070 existimari
1585 2040 1693 2070 volunt
1704 2060 1713 2075 ,
1728 2039 1845 2080 justum
1855 2040 1992 2071 dolorem
2003 2061 2013 2074 ‚
2024 2051 2133 2082 quere-

1177 2082 1276 2121 lasque
1289 2081 1470 2122 cognoscite.
1493 2084 1567 2123 Qae
1583 2084 1709 2122 pecunia
1723 2081 1814 2112 fuerit
1821 2081 1898 2121 apud
1908 2082 1937 2113 se
1946 2101 1956 2116 ,
1975 2083 2070 2113 Flacci
2080 2092 2132 2123 pa-

1179 2124 1231 2153 tris
1242 2125 1369 2153 nomine
1381 2142 1389 2156 ‚
1408 2124 1539 2154 collataa
1552 2124 1721 2154 civitatibus
1733 2143 1742 2158 ‚
1762 2125 1838 2154 hanc
1854 2123 1870 2154 ὲ
1888 2124 1916 2154 se
1931 2122 1990 2154 effe
2003 2125 2132 2154 ablatam

1179 2173 1353 2206 queruntur.
1376 2165 1448 2195 Alio
1458 2165 1528 2195 leco
1538 2175 1666 2206 quaeram
1677 2185 1686 2199 ‚
1703 2165 1775 2206 quid
1785 2166 1903 2195 licuerit
1911 2165 2029 2196 Flacco:
2048 2174 2131 2196 nunc

1179 2205 1298 2236 tantum
1309 2205 1325 2236 a
1334 2206 1495 2236 Trallianis
1505 2208 1623 2246 requiro
1635 2227 1644 2240 ,
1685 2217 1753 2236 uam
1761 2208 1922 2246 pecuniam
1932 2206 1948 2236 ὲ
1960 2207 1990 2237 se
2003 2207 2131 2237 ablatam

1178 2256 1343 2288 queruntur
1354 2267 1366 2281 ‚
1386 2248 1507 2278 suamne
1524 2248 1644 2282 dicant,
1676 2248 1717 2278 ibi
1731 2247 1746 2277 ἒι
1759 2247 1929 2277 civitatibus
1941 2247 2081 2278 collatam
2096 2250 2132 2278 in

1181 2289 1268 2319 usum
1281 2289 1379 2319 suurn.
1402 2290 1493 2329 cupio
1509 2288 1621 2318 audire.
1644 2298 1729 2322 non,
1747 2289 1867 2328 inquit,
1884 2288 2024 2319 dicimus.
2047 2288 2131 2330 Qid

1178 2331 1289 2370 igitur?
1308 2329 1434 2359 delatam
1453 2330 1487 2359 ad
1507 2339 1563 2359 nos
1572 2349 1581 2362 ‚
1602 2330 1741 2360 creditam
1753 2330 1841 2359 nobis
1852 2349 1860 2362 ‚
1880 2331 1917 2360 L.
1929 2331 2023 2361 Flacci
2042 2332 2132 2370 patris

1179 2372 1316 2403 nomine,
1327 2370 1363 2400 ad
1373 2370 1462 2407 hujus
1473 2370 1627 2410 diessestos,
1636 2380 1721 2412 atque
1731 2371 1830 2401 ludos.
1853 2371 1934 2413 Qid
1944 2380 2008 2402 tum
2020 2375 2030 2401 ?
2045 2374 2133 2402 Hanc

1180 2421 1207 2443 te
1218 2431 1227 2446 ‚
1241 2413 1359 2453 inquit,
1371 2422 1472 2453 capere
1483 2421 1547 2442 non
1557 2413 1651 2444 licuit.
1674 2414 1742 2454 Jam
1753 2413 1784 2443 id
1793 2413 1897 2444 videro
1909 2424 1914 2442 ;
1934 2413 1983 2444 sed
1992 2412 2133 2454 primum.

1180 2454 1257 2484 illud
1277 2454 1395 2484 tenebo.
1418 2456 1552 2495 queritur
1568 2457 1664 2496 gravis
1683 2475 1691 2490 ,
1718 2455 1851 2494 locuples
1862 2476 1871 2488 ,
1891 2464 1994 2486 ornata
2012 2457 2128 2490 civitas,

1179 2495 1260 2537 quod
1271 2507 1322 2526 non
1332 2497 1432 2526 retinet
1441 2497 1565 2526 at'z'enum
1579 2508 1591 2524 -·
1613 2497 1769 2537 spoliatam
1781 2497 1807 2527 se
1819 2496 1892 2527 dicit
1901 2516 1910 2530 ,
1929 2495 2052 2538 quodid
2062 2506 2127 2527 non

1181 2538 1268 2568 habet
1277 2558 1285 2572 ‚
1296 2538 1376 2579 quod
1387 2539 1449 2578 ejus
1460 2537 1600 2569 nonfuit.
1624 2539 1697 2580 quid
1708 2540 1767 2569 hoc
1776 2538 1982 2579 impudentius
1993 2539 2052 2569 dici
2061 2558 2069 2573 ‚
2080 2545 2132 2569 aut

1181 2579 1253 2620 fingi
1271 2579 1390 2620 potest?
1407 2580 1558 2610 delectum
1577 2579 1619 2610 est
1636 2580 1781 2621 oppidum
1792 2600 1801 2614 2
1821 2590 1883 2621 quo
1897 2582 1930 2611 in
1943 2580 2055 2621 oppido
2068 2589 2133 2610 uno

1179 2624 1305 2662 pecunia
1322 2621 1338 2651 a
1358 2630 1418 2651 tota
1432 2620 1496 2652 Asia
1511 2621 1546 2652 ad
1566 2623 1696 2652 honores
1715 2624 1748 2652 L.
1760 2623 1856 2652 Flacci
1873 2631 2047 2662 poneretur.
2069 2622 2133 2652 haec

1180 2666 1305 2703 pecunia
1318 2672 1378 2693 tota
1388 2663 1423 2693 ab
1435 2663 1601 2694 honoribus
1616 2663 1749 2694 transsata
1759 2662 1800 2693 est
1810 2666 1841 2693 in
1851 2662 1999 2704 quaestum
2010 2684 2019 2698 ,
2037 2663 2070 2694 &
2079 2662 2133 2694 fae-

1184 2708 1371 2735 nerationcm
1384 2716 1389 2734 2
1402 2714 1568 2745 recuperata
1578 2704 1620 2735 est
1630 2706 1734 2735 multis
1744 2704 1810 2745 post
1817 2708 1914 2735 annis.
1937 2708 2011 2746 Qae
2022 2705 2134 2735 civitati
2152 2711 2198 2744 24

1178 2746 1253 2777 faeta
1261 2746 1303 2777 est
1312 2747 1420 2786 injuria
1430 2750 1441 2776 ?
1452 2750 1490 2777 At
1500 2746 1626 2777 moleste
1638 2747 1695 2778 fert
1704 2749 1818 2777 civitas.
1840 2752 1858 2773 4
1867 2746 1962 2777 Credo
1977 2746 2129 2777 :avulsum
2157 2747 2163 2751 '

1182 2788 1223 2818 est
1235 2791 1318 2819 enirn
1329 2798 1433 2828 praeter
1442 2789 1524 2829 spem
1536 2808 1544 2822 ‚
1563 2789 1643 2828 quod
1655 2798 1714 2819 erat
1722 2789 1765 2827 spe
1777 2788 1942 2818 devoratum
1951 2787 2070 2817 lucrum.
2096 2790 2136 2818 At

1181 2833 1324 2871 queritur.
1347 2830 1538 2872 impudenter
1546 2829 1629 2861 facit.
1653 2833 1729 2860 Nou
1745 2832 1829 2860 enim
1837 2831 1942 2860 omnia
1951 2849 1960 2865 ‚
1974 2839 2039 2870 quae
2050 2828 2137 2859 dole-

2053 2880 2137 2906 mus,

1188 2972 1228 2999 sed
1239 2980 1335 3008 ραι-εει-
1346 2972 1446 2999 nostros
1458 2980 1547 2998 omnes
1559 2970 1587 2996 ὅτ
1600 2977 1717 2996 veterem
1728 2969 1770 2996 ed.
1786 2970 1811 2996 in
1824 2969 2141 3005 quibusfilueruntprinci-

1181 3017 1236 3041 pes,
1246 3010 1269 3039 (ἶ)
1277 3019 1296 3034 s.
1308 3008 1379 3043 quod
1385 3011 1506 3041 principes
1518 3027 1525 3039 ,
1536 3006 1628 3033 exulat
1638 3005 1670 3032 ab
1680 3005 1777 3032 excufis
1789 3005 1984 3041 posterioribus.
1995 3005 2072 3032 male.
2087 3014 2139 3041 pu-

1188 3045 1264 3071 tarim
1277 3052 1363 3071 tau-ieri
1376 3044 1466 3080 reponi
1477 3044 1572 3070 iterum
1585 3041 1653 3078 posse
1664 3041 1860 3075 illiidfi'ieerimt.

1223 3088 1251 3112 4.
1271 3082 1341 3106 Credo
1360 3080 1485 3113 :avulsum
1494 3081 1529 3106 ef!
1537 3081 1596 3104 enim
1607 3097 1615 3109 ,
1631 3077 1697 3112 (⁷5⁴c.]
1718 3077 1805 3111 Vulgo
1826 3078 1940 3111 amiffitm.
1963 3076 2004 3103 sed
2021 3077 2138 3103 alterum

1189 3116 1259 3143 estin
1273 3116 1338 3142 Pali.
1350 3116 1515 3153 aliorumque
1525 3114 1638 3150 scriptis.
1656 3113 1691 3143 lic
1701 3113 1851 3142 Terentius·
1859 3113 2003 3142 Eunucho:
2017 3116 2104 3148 sperat
2112 3111 2141 3146 se

235 3163 263 3193 3.
283 3157 556 3191 Exfilucmmfrmcaepes
566 3174 576 3189 ‚
586 3155 653 3192 ῥα]
664 3156 707 3185 lta
715 3165 749 3184 ex
760 3154 808 3185 ms.
820 3164 872 3183 uno
882 3155 971 3184 Heur.
981 3153 1125 3192 Stephanus
1137 3171 1146 3188 ‚
1189 3151 1204 3179 ἃ
1215 3161 1249 3180 me
1260 3153 1367 3181 amum.

2025 3192 2048 3211 ι.
2058 3181 2138 3210 ἥλω
