2297 3389
725 145 859 192 L1n.
895 145 954 194 V.
1003 160 1072 193 1N
1117 145 1174 193 C.
1209 145 1496 198 VERREM.

127 226 212 260 iicet.
245 224 364 258 Deinde
374 234 427 258 cur
434 222 598 267 quidquam
607 231 710 256 eontra
728 225 805 267 leges
823 225 927 266 parasti
937 229 948 256 ,2
965 227 1082 257 Valeret

130 271 190 300 hoc
204 271 319 300 crimen
339 272 370 298 in
380 269 430 298 illa
445 270 538 298 veteri
554 268 723 302 severitate,
745 277 778 298 ac
795 268 937 308 dignitate
955 268 1082 307 reipubl.

132 312 226 342 Nunc
235 320 297 341 non
308 308 402 339 modo
413 318 438 339 te
449 310 507 339 hoc
515 310 642 339 crimine
650 319 713 338 non
723 319 751 339 ar
773 319 813 339 uo
825 320 830 337 ;
843 309 891 339 sed
903 319 939 338 ne
952 309 1004 338 illa
1014 311 1082 349 qui-

131 353 203 383 dem
213 352 370 383 communi
379 352 595 390 vituperatione
604 352 747 390 reprehen
771 360 798 380 o.
823 353 833 370 ¹
845 353 1022 381 POSTREMO
1040 359 1081 379 Tu

130 404 204 424 τῐΒι
221 394 279 422 hoc
291 402 458 432 numquam
469 401 554 432 turpe
564 412 572 426 ,
585 402 752 433 numquam
761 392 960 422 criminosum
971 411 979 424 ,
990 401 1083 420 num—

128 444 219 476 quam
230 433 417 463 invidiosum
426 433 490 463 fore
499 433 604 473 putasti
615 454 623 467 ‚
634 433 829 464 celeberrimo
840 433 908 463 loco
916 433 1013 472 palam
1026 432 1082 462 tibi

130 473 269 506 aedificari
278 477 443 505 onerariam
453 485 560 505 navem
574 477 606 505 in
621 485 654 506 ea
664 476 818 515 provincia
828 495 836 508 ,
855 484 945 515 quam
961 483 994 503 tu
1011 483 1081 503 cum

131 517 260 556 imperio
271 516 426 546 obtinebas
438 519 448 545 ?
461 517 542 586 Qiid
552 526 603 556 eos
611 517 699 558 loqui,
711 518 763 557 qui
772 516 914 547 videbant
925 527 930 544 2
945 515 1018 557 quid
1029 525 1080 544 ex-

128 557 262 588 istimare
271 567 321 587 eos
331 577 339 591 ,
352 559 404 598 qui
413 557 495 586 audie
514 566 566 587 ant
574 578 583 592 ,
595 558 769 589 arbitrabare
781 561 791 586 ?
801 559 922 588 inanem
934 565 960 587 te
972 566 1080 586 navem

123 596 187 629 esse
196 601 229 628 in
239 599 355 628 Italiam
366 598 566 629 deduEimi-um
576 600 585 625 ?
594 600 807 630 naviculariam
816 608 855 633 te,
865 609 935 628 curn
948 601 1080 629 Romam

127 638 256 671 venisses
265 660 273 674 ,
297 638 353 670 effe
362 639 532 671 sanarum?
553 644 602 671 Ne
612 642 686 671 illud
697 641 819 682 quidem
829 640 987 681 quisquam
997 649 1081 679 pote-

127 691 170 712 rat
180 682 315 722 suspicari
326 702 333 714 ,
347 691 374 712 te
384 682 491 712 habere
501 685 534 712 in
544 684 626 713 Italia
636 685 823 713 maritimum
833 682 964 711 fundum
978 702 985 714 ,
1004 681 1036 710 ὃς
1046 680 1081 710 ad

127 722 242 754 fruetus
260 722 459 763 deportandos
474 726 640 754 onerariam
660 733 768 754 navem
786 733 953 763 comparare
963 723 972 748 ?
996 722 1083 759 Ejus-

128 764 216 795 modi
226 764 262 794 dc
272 773 300 794 te
312 764 434 795 voluisti
445 765 614 796 sermonem
633 764 689 795 ess'e
703 767 846 795 omnium
856 785 864 798 ‚
884 765 981 804 palam
993 772 1025 793 ut
1035 763 1079 793 lo*

127 815 304 847 querentur,
328 814 354 835 re
370 807 449 835 illam
465 817 566 836 navem
580 814 695 847 parare,
715 817 779 847 quae
794 807 922 846 praedam
934 815 972 836 ex
981 805 1082 835 Sicilia

126 849 306 888 deportaret:
327 848 433 888 &quae
444 849 478 878 ad
490 858 522 878 ea
530 847 622 881 furta,
643 859 708 889 quae
727 847 891 888 reliquisses
901 867 909 881 ,
929 856 1082 878 commea-

126 894 191 920 ret?
209 888 324 919 Verum
334 890 395 919 hazc
405 892 509 919 omnia
519 911 528 923 ‚
547 888 567 919 fi
582 889 671 920 doces
681 909 690 923 ,
712 899 821 919 navem
840 889 876 919 de
893 898 942 919 tua
955 890 1081 929 pecunia

123 928 311 964 aedificatam,
323 932 454 964 remitto,
465 940 550 972 atque
560 931 702 962 concedo.
726 931 775 961 sed
788 932 856 964 hoc,
871 932 965 960 homo
976 939 1080 959 anien—

124 971 237 1002 tiffirne
246 992 254 1005 ,
273 982 336 1002 non
345 972 490 1014 intelligis
498 975 596 1013 priore
614 972 732 1002 afinone
746 973 781 1002 ab
791 971 858 1012 ipsis
870 971 933 1002 istis
944 973 1001 1002 tuis
1011 973 1079 1001 Ma-

127 1015 266 1043 mertinis
285 1013 485 1043 laudatoribus
499 1012 555 1044 esse
573 1015 742 1045 sublatum?
765 1017 846 1044 Nam
866 1013 945 1044 dixit
964 1013 1020 1052 Hej
1026 1022 1058 1042 us
1070 1033 1078 1046 ,

125 1057 261 1096 princeps
270 1057 398 1085 civitatis
410 1075 418 1089 ,
437 1057 573 1096 princeps
584 1055 669 1086 istius
682 1056 840 1097 legationis
850 1075 858 1089 ,
878 1065 941 1096 qua:
952 1054 987 1084 ad
996 1064 1078 1084 tuam

126 1096 331 1127 laudationem
341 1095 427 1127 mifl’a
442 1096 484 1127 est
495 1117 504 1131 ,
523 1107 645 1127 NAvEM
659 1108 732 1127 r1131
747 1107 863 1127 oannis
873 1097 1000 1137 publicis
1013 1098 1078 1125 Ma-

126 1139 329 1168 mertinorum
347 1137 404 1169 effe
425 1137 598 1169 aedificatam
618 1159 627 1173 ‚
646 1141 733 1180 eique
749 1138 893 1169 faciendae
913 1138 1078 1168 senatorem

125 1181 343 1210 Mamertinum
353 1180 473 1220 publice
482 1179 639 1220 prcefuiss'e.
658 1181 786 1221 Reliqua
796 1179 838 1210 est
847 1182 992 1210 materies.
1004 1181 1080 1209 hanc

125 1222 273 1263 Rheginis
282 1241 290 1255 ,
308 1231 340 1251 ut
354 1220 407 1262 ipsi
416 1221 519 1252 dicunt
533 1221 664 1261 (tametsi
675 1231 706 1254 tu
716 1232 820 1263 negare
829 1232 891 1252 non
901 1222 1003 1262 potes)
1023 1231 1079 1261 pu-

126 1263 221 1297 blice,
236 1263 316 1304 quod
326 1265 500 1293 Mamertini
509 1265 665 1294 materiem
676 1273 740 1294 non
750 1264 869 1297 habent,
885 1261 1077 1303 imperavisti.

71 1308 111 1342 19
125 1305 201 1335 Si&
211 1314 249 1334 ex
257 1314 318 1345 quo
330 1303 362 1334 fit
371 1307 455 1335 navis
464 1325 472 1338 ‚
485 1306 577 1346 &qui
587 1305 700 1336 faciunt
710 1325 718 1339 ,
736 1306 848 1347 imperio
859 1305 913 1335 tibi
925 1314 977 1335 tuo
986 1324 995 1338 ,
1013 1314 1077 1334 non

124 1347 212 1388 pretio
224 1367 232 1380 ,
250 1345 355 1386 praesto
368 1345 506 1381 fuerunt3
523 1347 574 1377 ubi
585 1347 705 1377 tandem
716 1346 791 1378 istuc
801 1348 869 1376 latet
879 1367 887 1379 ,
908 1346 989 1387 quod
999 1355 1031 1375 tu
1041 1345 1078 1375 de

127 1397 177 1418 tua
186 1390 311 1428 pecunia
318 1387 392 1417 dicis
402 1389 574 1428 impensum
586 1391 596 1417 ?
607 1391 646 1418 At
656 1390 831 1418 Mamertini
843 1390 874 1418 in
884 1389 990 1418 tabulis
1000 1387 1077 1417 nihil

125 1429 248 1459 habent.
271 1431 406 1460 Primum
416 1429 506 1459 video
515 1428 640 1469 potuiss'e
652 1428 730 1464 fieri,
743 1438 774 1460 ut
784 1439 821 1459 ex
831 1431 932 1460 aerario
946 1429 1018 1458 nihil
1027 1429 1078 1459 da-

126 1479 203 1501 rent.
228 1471 340 1500 etenim
350 1471 399 1501 vel
409 1472 612 1511 Capitolium,
631 1469 703 1501 sicut
718 1471 794 1512 apud
814 1472 941 1511 majores
959 1470 1077 1501 nostros

83 1509 86 1511 ’
125 1511 241 1542 §aetum
251 1511 293 1542 est
303 1533 311 1545 ,
322 1512 442 1552 publice
453 1532 460 1546 ‚
471 1516 569 1555 gratis,
581 1513 691 1543 coaffis
702 1513 803 1547 fabris,
814 1513 969 1553 operisque
979 1515 1078 1552 impe-

126 1555 213 1588 ratis,
236 1552 411 1584 exaedificari
421 1574 429 1588 ‚
447 1563 533 1595 atque
544 1553 622 1585 effici
630 1557 736 1595 potuit.
760 1554 869 1584 deinde
882 1554 912 1585 id
923 1554 1003 1595 quod
1013 1563 1079 1594 per-

123 1595 220 1636 spicio
240 1595 337 1636 (quod
348 1596 381 1626 &
389 1595 543 1626 ostendam
555 1617 563 1630 ‚
575 1595 648 1627 cum
658 1596 730 1626 istos
738 1596 927 1637 produxero)
944 1597 1078 1636 ipsorum

129 1647 171 1668 ex
179 1637 283 1667 litteris
293 1657 302 1670 ‚
323 1638 431 1667 multas
443 1640 583 1677 pecunias
596 1638 644 1668 isti
654 1647 781 1680 erogatas
793 1658 802 1671 ‚
821 1640 852 1667 in
863 1647 988 1678 operum
1000 1638 1079 1667 loca-

127 1680 228 1709 tiones
233 1678 325 1718 falsas
336 1699 344 1713 ,
363 1680 560 1720 aqueinaneis
568 1679 627 1710 effe
634 1681 815 1720 perscriptas.
839 1682 920 1710 Nam
931 1679 1006 1709 illud
1019 1680 1080 1708 mi-

125 1719 212 1751 nime
223 1722 336 1750 mirum
347 1720 398 1754 est,
412 1723 623 1755 Mamertinos,
634 1723 649 1751 a
659 1731 720 1762 quo
730 1722 887 1752 summurn
896 1719 1079 1751 beneficium

125 1770 296 1801 acceperant
305 1782 314 1796 ‚
324 1772 415 1803 quem
427 1761 479 1793 sibi
490 1765 678 1797 amiciorem,
691 1762 780 1804 quam
791 1763 904 1803 populo
914 1765 1009 1793 Rom.
1021 1761 1079 1792 esse

127 1811 348 1844 cognoverant,
359 1803 416 1842 ejus
426 1805 514 1846 capiti
523 1805 628 1835 litteris
643 1806 700 1835 suis
711 1804 881 1845 pepercifl'e.
905 1804 953 1835 sed
965 1802 986 1833 fi
995 1814 1079 1845 argu-

127 1854 234 1875 mento
249 1844 309 1879 est,
329 1847 527 1876 Mamertinos
545 1849 684 1886 pecunias
701 1847 756 1876 tibi
773 1856 838 1876 non
856 1844 968 1876 dediffe
979 1865 986 1879 ‚
1010 1847 1080 1886 quia

126 1886 274 1926 scriptum
290 1895 352 1916 non
362 1887 487 1917 habent:
506 1886 540 1917 sit
555 1897 749 1929 argumento,
769 1887 825 1918 tibi
841 1889 930 1928 gratis
946 1888 1079 1917 constare

128 1937 237 1958 navem
248 1947 256 1961 ,
277 1929 363 1968 quia,
382 1928 455 1969 quid
472 1931 598 1962 emeris,
615 1939 666 1959 aut
682 1929 756 1970 quid
773 1929 917 1959 locaveris
937 1929 1077 1968 scriptum

128 1968 258 2009 proferre
276 1979 339 1998 non
357 1978 452 2009 potes.
475 1972 515 1999 At
532 1973 616 2000 enim
633 1969 746 2001 idcirco
763 1980 872 2000 navem
891 1972 1079 2000 Mamertinis

128 2020 193 2041 non
202 2009 351 2050 imperasti
361 2030 369 2045 ,
389 2010 470 2051 quod
481 2011 549 2041 sunt
561 2011 706 2042 foederati.
729 2013 783 2041 Dii
793 2011 967 2051 approbent.
990 2011 1080 2041 habe-

128 2062 198 2083 mus
209 2053 368 2082 hominem
380 2054 409 2081 in
412 2052 565 2091 fetialium
575 2052 704 2082 manibus
712 2053 860 2082 educatum
869 2064 879 2080 .·
888 2062 995 2086 unum,
1006 2062 1080 2092 prae-

128 2102 172 2123 ter
180 2102 293 2123 ceteros
304 2113 312 2128 ‚
333 2096 365 2123 in
374 2095 501 2133 publicis
519 2095 715 2137 religionibus
731 2094 879 2125 fcederum
902 2093 1035 2124 san&um
1047 2095 1079 2124 &

126 2134 314 2176 diligentem.
338 2145 464 2168 omnes,
480 2138 532 2175 qui
546 2146 612 2166 ante
623 2146 650 2166 te
665 2145 802 2176 praetores
812 2135 949 2170 fuerunt,
967 2135 1079 2165 dedan-

127 2185 176 2206 tur
183 2178 373 2206 Mamertinis
386 2196 394 2209 ,
413 2176 495 2217 quod
504 2180 541 2207 iis
552 2188 659 2207 navem
670 2186 772 2208 contra
781 2177 949 2218 paffionem
959 2176 1080 2207 foederis

129 2219 315 2258 imperarint.
337 2217 393 2248 Sed
404 2228 502 2248 tamen
514 2239 522 2252 ,
535 2228 566 2248 tu
577 2218 673 2249 sanEie
684 2220 796 2252 homo,
812 2229 844 2249 ac
854 2219 990 2259 religiose
1001 2239 1009 2253 ‚
1027 2229 1079 2249 cur

128 2260 388 2290 Taurominitanis
408 2262 481 2289 item
498 2259 764 2290 foederatisnavem
778 2260 949 2300 imperasti?
967 2271 1003 2290 an
1021 2262 1078 2290 hoc

126 2301 281 2342 probabis,
302 2303 335 2331 in
352 2311 430 2342 aqua
438 2302 522 2341 caufiz
526 2302 691 2344 populorum
700 2300 759 2332 sine
790 2312 865 2332 retro
875 2304 992 2331 varium
1010 2302 1055 2338 ius
1067 2322 1075 2336 ‚

128 2343 162 2373 «Sc
171 2342 315 2382 disparem
325 2343 535 2373 conditionem
545 2342 652 2373 fuisse?
663 2343 753 2385 Qid,
768 2354 778 2373 1
792 2343 941 2383 ejusmodi
951 2342 1007 2373 ess'e
1016 2344 1077 2374 haec

126 2383 187 2414 duo
196 2383 307 2414 foedera
316 2383 446 2414 duorum
455 2386 638 2425 populorum
651 2405 659 2420 ‚
672 2385 787 2426 judices
800 2405 807 2418 ‚
818 2385 911 2416 doceo
922 2406 930 2419 ,
952 2392 983 2414 ut
994 2388 1078 2415 Tau-

125 2427 319 2456 rominitanis
331 2428 514 2456 nominatim
524 2436 642 2459 cautum
654 2447 663 2461 ‚
683 2428 715 2458 &
725 2436 884 2467 exceptum
896 2425 930 2456 fit
945 2426 1056 2457 foedere
1068 2447 1077 2461 ,

129 2477 174 2497 NE
187 2477 308 2498 NAVEM
322 2476 414 2497 DARE
426 2477 580 2498 DEBEANT
597 2479 603 2498 z
623 2471 813 2499 Mamertinis
832 2479 865 2499 in
885 2469 950 2509 ipso
965 2468 1077 2499 foedere

127 2508 263 2540 samiium
276 2530 284 2542 ‚
307 2518 392 2550 atque
409 2510 605 2550 perscriptum
623 2509 675 2544 sit,
700 2521 760 2541 uri
779 2520 900 2541 NAvEM
914 2520 1005 2540 DARE
1019 2519 1079 2540 NE-

127 2559 226 2580 cassa
243 2561 310 2580 srr:
334 2550 425 2581 istum
435 2560 534 2581 autern
553 2561 655 2582 contra
671 2551 769 2582 foedus
780 2553 1080 2582 &Taurominitanis

129 2591 283 2632 imperasse
292 2613 300 2627 ‚
312 2593 345 2622 &
355 2594 545 2624 Mamertinis
555 2593 695 2624 remisiffe
707 2597 717 2623 ?
735 2604 809 2624 num
821 2596 869 2624 cui
880 2593 1007 2624 dubium
1024 2604 1079 2634 po-

128 2637 198 2664 terit
207 2633 266 2664 ess'e
277 2654 285 2668 ‚
305 2636 380 2674 quin
391 2655 401 2668 ,
421 2638 511 2665 Verre
521 2645 642 2675 praetore
654 2655 662 2669 ‚
683 2635 751 2675 plus
761 2637 951 2665 Mamertinis
961 2635 1059 2675 Cybea
1068 2655 1076 2670 ‚

127 2684 218 2716 quam
238 2678 496 2707 Taurominitanis
513 2677 612 2707 foedus
629 2678 808 2717 opitulatum
825 2675 858 2707 fit
873 2682 882 2708 ?
904 2679 1080 2707 Recitentur

125 2717 244 2748 foedera.
283 2719 580 2749 MAMEn-rrnonurvt
597 2739 606 2753 ,
634 2729 674 2748 ET
697 2721 1078 2749 TAUROMINITANORUM

69 2770 114 2796 20
129 2768 202 2790 cuM
219 2769 346 2789 porum
362 2769 391 2788 a.
406 2769 568 2790 FOEDERA.
590 2760 659 2791 ‘Isto
678 2762 768 2802 igitur
785 2769 838 2790 tuo
849 2780 857 2793 ‚
878 2759 1077 2801 quemadmo-

128 2799 202 2831 dum
212 2800 273 2840 ipse
281 2800 435 2840 praedicas,
449 2800 615 2832 beneficio:
631 2811 716 2833 utres
731 2801 853 2836 indicat,
863 2804 959 2842 pretio
969 2822 977 2836 ‚
992 2811 1077 2842 atque

128 2841 281 2875 mercede,
301 2842 438 2873 minuisti
458 2842 644 2881 majestatem
663 2843 790 2883 reipubl.
810 2843 949 2873 minuisti
966 2845 1079 2874 auxilia

124 2883 230 2923 populi
239 2885 391 2917 Romani,
411 2884 676 2925 minuisticopias,
697 2886 848 2923 majorum
858 2888 966 2915 virtute
983 2895 1014 2915 ac
1035 2885 1077 2915 sa-

126 2926 239 2965 pientia
255 2934 454 2965 comparatas:
472 2925 614 2956 sustulisti
631 2929 680 2967 jus
696 2928 816 2967 imperii
831 2947 839 2960 ,
864 2926 1075 2957 conditionem

126 2966 278 2997 sociorum
288 2987 296 3001 ‚
308 2969 489 2998 memoriam
499 2966 631 2999 foederis.
654 2970 716 3011 Qi
724 2978 763 2999 ex
770 2967 884 2999 foedere
893 2969 957 3009 ipso
967 2978 1076 2999 navem

1130 227 1178 257 vel
1190 228 1280 269 usque
1289 229 1325 260 ad
1337 233 1490 261 Oceanum
1499 250 1508 264 ‚
1519 228 1540 261 fi
1551 229 1776 272 impemss‘emus
1785 251 1793 266 ,
1808 231 1907 264 sumtu
1919 253 1926 267 ‚
1938 234 2089 273 periculo-

1130 278 1188 308 que
1197 269 1215 298 s
1212 280 1251 299 uo
1261 280 1413 306 armatam,
1426 281 1513 313 atque
1523 283 1656 304 ornatam
1669 276 1786 304 mittere
1797 274 1979 305 debuerunt:
1996 277 2038 309 hi,
2049 286 2087 306 ne

1130 311 1164 339 in
1172 309 1247 340 freto
1257 321 1324 342 ante
1334 313 1383 343 sua
1397 313 1482 347 πᾶα,
1495 314 1527 344 &
1536 315 1645 345 domos
1656 318 1842 357 navigarent:
1853 327 1890 347 ne
1902 317 1951 347 sua
1959 319 2084 351 moenia,

1129 353 1290 392 portusque
1300 354 1512 389 defenderent,
1520 357 1609 398 pretio
1620 357 1670 387 abs
1685 366 1711 387 re
1721 360 1768 397 jus
1778 357 1908 392 foederis,
1921 359 2084 399 &imperii

1129 391 1338 439 conditionem
1349 405 1495 426 emerunt.
1514 398 1594 439 Qid
1605 399 1727 429 censetis
1738 401 1770 429 in
1781 401 1839 429 hoc
1847 399 1958 430 foedere
1966 399 2083 430 faciun-

1128 431 1168 479 do
1181 434 1310 464 voluisse
1318 438 1516 468 Mamertinos
1526 440 1700 479 impendere
1711 441 1819 471 laboris
1831 462 1838 474 ‚
1857 451 1952 481 operae
1966 462 1973 474 ‚
1992 452 2082 481 pecu-

1129 483 1187 503 niae
1196 493 1204 507 ‚
1216 485 1253 504 ne
1262 476 1324 506 haec
1332 477 1454 508 biremis
1465 479 1675 511 adscriberetur
1686 502 1693 514 ‚
1716 481 1735 511 si
1746 482 1776 512 id
1787 483 1850 512 ullo
1862 482 1956 513 modo
1965 482 2081 523 possent

1128 514 1144 544 21
1155 514 1263 545 nostris
1273 518 1437 556 majoribus
1447 521 1626 560 impetrare?
1645 533 1714 552 nam
1724 544 1731 556 ,
1748 523 1819 554 cum
1831 525 1888 555 hoc
1898 535 2010 554 munus
2020 527 2081 555 im—

1127 566 1274 600 peraretur
1283 567 1344 588 tam
1352 570 1438 599 grave
1447 564 1558 591 civitati
1570 582 1577 595 ‚
1594 565 1688 593 inerat
1696 565 1796 594 nescio
1808 576 1868 606 quo
1880 566 1974 596 modo
1985 569 2016 596 in
2028 567 2082 596 illo

1127 597 1238 627 foedere
1248 600 1393 630 societatis
1403 601 1480 641 quasi
1490 604 1624 643 quaedam
1645 613 1711 633 nora
1724 606 1881 645 servitutis.
1914 608 2002 650 Qod
2014 616 2080 638 turn

1127 640 1294 670 recentibus
1314 642 1372 671 suis
1392 641 1499 672 officiis
1510 664 1518 677 ‚
1540 647 1650 684 integra
1660 657 1689 675 re
1701 667 1709 680 ‚
1730 648 1822 677 nullis
1832 650 2081 688 populiRomani

1128 679 1357 712 difficultatibus
1368 703 1375 716 ‚
1391 683 1406 713 a
1417 685 1579 721 majoribus
1589 686 1698 716 nostris
1707 689 1818 719 foedere
1830 689 1939 731 assequi
1950 701 2013 720 non
2024 701 2080 730 po-

1127 730 1266 757 ruerunt,
1286 723 1318 754 id
1337 734 1418 754 nunc
1435 726 1521 755 nullo
1536 736 1618 756 novo
1630 727 1733 758 officio
1750 731 1800 759 suo
1812 751 1820 764 ,
1836 740 1880 761 tot
1890 735 1975 762 annis
1989 731 2058 773 post
2070 751 2080 765 0

1123 764 1189 802 jure
1199 766 1320 804 imperii
1331 765 1423 795 nostri
1434 770 1594 807 quotannis
1605 769 1771 811 usiza-parum
1784 792 1790 804 ‚
1810 782 1841 802 ac
1852 773 1966 813 semper
1980 782 2082 803 reten-

1126 813 1192 834 tum
1203 826 1211 838 ‚
1225 807 1343 836 summa
1351 809 1383 837 in
1392 807 1565 838 difficultate
1576 819 1698 839 navium
1710 831 1717 844 ‚
1737 812 1751 841 a
1761 815 1792 842 C⁴
1804 815 1892 843 Verre
1900 818 1997 854 pretio
2007 813 2080 845 affe-

1126 849 1188 876 cuti
1201 848 1279 878 sunt.
1309 851 1349 878 At
1364 851 1423 879 hoc
1440 850 1540 880 solum
1552 851 1618 880 sunt
1629 850 1746 882 alii-cuti
1758 873 1765 886 ,
1783 864 1819 883 ne
1839 865 1947 885 navem
1966 855 2078 886 darent.

1128 891 1260 929 Ecquem
1272 899 1392 920 nautam
1404 911 1412 925 ‚
1432 901 1556 932 ecquem
1569 893 1699 923 militem
1711 914 1718 927 ‚
1739 897 1791 934 qui
1802 905 1851 925 aut
1862 898 1892 925 in
1905 895 1989 926 class'e
1998 917 2006 930 ‚
2030 907 2080 928 aut

1125 931 1158 959 in
1166 929 1303 970 praesidio
1314 930 1400 966 efi'et,
1414 942 1441 962 te
1453 943 1573 972 praetore
1583 954 1590 967 ‚
1602 944 1654 974 per
1665 937 1828 965 triennium
1842 939 2015 967 Mamertini
2027 939 2079 968 de-

1125 971 1253 1002 derunt?
1272 975 1413 1014 Denique
1422 974 1493 1004 curn
1504 985 1541 1004 ex
1552 976 1814 1011 senatusconsulto,
1825 980 1958 1019 itemque
1969 980 2078 1020 exlege
2099 991 2131 1014 21

1125 1015 1266 1045 Terentia
1275 1034 1283 1048 ‚
1299 1015 1332 1044 &
1342 1014 1432 1046 Caffii
1441 1015 1628 1047 frumentum
1643 1017 1815 1058 aequabilirer
1824 1020 1877 1047 emi
1888 1021 1923 1049 ab
1934 1021 2078 1050 omnibus

1123 1055 1231 1085 Siciliae
1241 1057 1411 1086 civitatibus
1422 1067 1572 1096 oporteret
1584 1069 1588 1087 :
1604 1059 1635 1088 id
1645 1069 1764 1100 quoque
1775 1070 1885 1090 munus
1895 1061 1961 1091 leve
1972 1083 1979 1094 ,
1993 1071 2078 1102 atque

1124 1106 1289 1127 commune
1299 1100 1491 1128 Mamertinis
1505 1098 1651 1130 remisisti.
1683 1104 1773 1131 Dices
1785 1121 1793 1135 ‚
1814 1101 2002 1133 frumentum
2014 1106 2073 1133 Ma-

1124 1140 1270 1169 mertinos
1278 1149 1343 1169 non
1353 1139 1469 1170 debere.
1501 1142 1667 1183 Qomodo
1686 1153 1750 1173 non
1766 1143 1891 1173 debere?
1909 1154 1947 1174 an
1956 1165 1964 1177 ,
1989 1154 2022 1174 ut
2040 1155 2079 1175 ne

1123 1179 1308 1210 venderent?
1327 1191 1391 1211 non
1400 1184 1486 1211 enim
1497 1192 1555 1212 erat
1567 1184 1624 1213 hoc
1632 1194 1725 1224 genus
1735 1184 1881 1215 frumenti
1894 1195 1931 1216 ex
1941 1196 1977 1216 eo
1988 1196 2079 1227 gene-

1123 1231 1153 1251 re
1162 1241 1170 1254 ,
1181 1221 1263 1262 quod
1276 1224 1459 1263 exigeretur,
1482 1223 1530 1254 sed
1542 1234 1580 1254 ex
1591 1235 1626 1254 eo
1638 1245 1646 1258 ,
1665 1226 1744 1266 quod
1756 1235 1913 1256 emeretur.
1936 1231 1982 1258 Te
1991 1228 2083 1268 igitur

1123 1262 1244 1293 auum-e
1261 1283 1269 1297 ,
1296 1264 1329 1294 &
1345 1267 1504 1305 interprete
1517 1286 1525 1298 ,
1550 1276 1587 1296 ne
1609 1265 1676 1296 foro
1692 1267 1815 1308 quidem
1829 1288 1837 1302 ‚
1858 1268 1891 1298 &
1905 1278 2078 1300 commeatu

1123 1307 1297 1335 Mamertini
1315 1306 1464 1346 populum
1483 1309 1578 1337 Rom.
1595 1309 1696 1347 juvat-e
1714 1309 1889 1339 debuerunt.
1921 1313 1994 1350 Qae
2014 1319 2079 1340 tan-

1123 1346 1192 1376 dem
1212 1348 1316 1377 civitas
1333 1347 1390 1377 fuit
1400 1368 1408 1381 ‚
1429 1358 1494 1389 quae
1503 1349 1624 1379 deberet
1635 1352 1645 1378 ?
1667 1352 1727 1392 Qi
1737 1351 1874 1390 publicos
1885 1361 1967 1393 agros
1978 1361 2074 1385 arant,

1120 1397 1235 1417 certum
1246 1387 1288 1418 est
1298 1389 1369 1430 quid
1380 1399 1419 1419 ex
1430 1390 1491 1430 lege
1500 1391 1635 1420 censoria
1643 1391 1710 1421 dare
1721 1392 1857 1422 debeant.
1880 1395 1978 1422 curiis
1989 1394 2078 1434 quid-

1121 1439 1210 1470 quam
1221 1439 1357 1469 praeterea
1367 1441 1400 1459 ex
1413 1431 1569 1471 altogenere
1580 1432 1785 1472 imperavisti?
1802 1433 1883 1475 Qid
1896 1437 1906 1463 ?
1919 1434 2078 1465 decumani

1122 1471 1272 1511 numquid
1291 1481 1396 1512 praeter
1414 1471 1540 1513 singulas
1559 1473 1698 1505 decumas
1717 1484 1756 1504 ex
1770 1475 1832 1516 lege
1844 1477 2008 1506 Hieronica
2025 1476 2076 1506 de-

1121 1512 1212 1542 bent?
1228 1523 1280 1543 cur
1290 1516 1327 1543 iis
1336 1524 1455 1555 quoque
1467 1514 1589 1545 statuisti
1602 1536 1609 1548 ,
1623 1526 1769 1556 quantum
1780 1527 1817 1546 ex
1828 1519 1884 1547 hoc
1892 1527 2000 1558 genere
2013 1517 2078 1547 fru-

1122 1555 1219 1584 menti
1229 1557 1302 1585 emti
1313 1554 1415 1585 darent
1424 1562 1431 1588 ξ
1441 1558 1502 1597 Qi
1513 1557 1579 1586 sunt
1589 1558 1733 1591 immunes,
1746 1560 1768 1587 ii
1777 1560 1854 1588 certe
1868 1559 1947 1588 nihil
1957 1559 2071 1589 debent

1122 1604 1149 1626 at
1164 1597 1211 1625 his
1220 1606 1283 1626 non
1295 1596 1390 1626 modo
1401 1597 1551 1637 imperasti
1563 1608 1567 1627 z
1579 1609 1683 1629 verum
1695 1601 1785 1630 etiam
1796 1619 1805 1633 ,
1818 1609 1879 1640 quo
1886 1600 1955 1639 plus
1963 1600 2075 1634 darent,

1121 1636 1212 1678 quam
1221 1646 1366 1677 poterant,
1378 1640 1440 1669 haec
1450 1640 1591 1681 sexagena
1600 1641 1697 1670 millia
1708 1640 1860 1675 modium,
1871 1651 1935 1682 quae
1946 1644 2079 1672 Mamer-

1121 1681 1194 1709 tinis
1204 1680 1369 1713 remiseras,
1380 1679 1531 1711 addidisti.
1556 1684 1663 1722 Neque
1673 1683 1732 1712 hoc
1741 1682 1810 1712 dico
1822 1693 1827 1711 z
1841 1685 1945 1713 ceteris
1956 1693 2019 1718 non
2029 1694 2075 1714 re·

1124 1719 1172 1750 ἃὲ
1181 1722 1362 1761 imperatum
1372 1720 1441 1751 effe.
1464 1724 1665 1757 Mamertinis,
1677 1725 1726 1764 qui
1738 1733 1819 1754 erant
1828 1726 1861 1754 in
1870 1724 1973 1755 eadem
1983 1726 2076 1759 causi,

1121 1762 1231 1803 quibus
1241 1763 1404 1803 superiores
1416 1784 1424 1796 ,
1443 1773 1551 1794 omnes
1560 1773 1696 1805 praetores
1708 1767 1780 1795 item
1792 1774 1824 1795 ut
1833 1768 1937 1796 ceteris
1948 1769 2078 1808 impera—

1120 1813 1185 1834 rant
1196 1823 1204 1838 ‚
1217 1806 1374 1843 pecuniam
1397 1815 1433 1835 ue
1442 1815 1480 1836 ex
1488 1808 1517 1836 S.
1530 1809 1562 1836 C.
1574 1806 1606 1836 ὃς
1614 1807 1723 1849 exlege
1739 1805 1941 1841 dissolverant,
1953 1809 1998 1839 his
2009 1809 2079 1839 dico

1122 1855 1186 1875 non
1196 1845 1275 1876 redte
1289 1816 1456 1877 remissum.
1480 1850 1535 1881 Et,
1551 1857 1582 1878 ut
1593 1849 1650 1878 hoc
1661 1847 1842 1878 beneficium
1855 1868 1864 1882 ‚
1876 1849 2078 1889 quemadmo-

1121 1887 1196 1916 dum
1218 1887 1328 1917 dicitur
1338 1908 1346 1921 ,
1365 1886 1471 1917 trabali
1488 1888 1568 1918 clavo
1589 1888 1705 1930 figeret,
1726 1899 1798 1920 cum
1817 1890 1942 1920 consilio
1958 1892 2075 1922 causam

1122 1927 1375 1959 Mamertinorum
1388 1930 1541 1971 cognosCit
1549 1950 1557 1963 ‚
1573 1930 1605 1960 &
1615 1930 1651 1960 de
1661 1929 1777 1960 consilii
1788 1931 1934 1962 sententia
1942 1933 2075 1962 Mamer-

1123 1971 1195 1999 tinis
1211 1970 1240 1999 se
1258 1969 1448 2001 frumentum
1458 1973 1676 2011 nonimperare
1685 1974 1867 2011 pronuntiat.
1896 1973 2006 2003 Audite
2023 1974 2074 2003 de-

1120 2020 1236 2041 cretum
1251 2013 1426 2042 mercenarii
1434 2014 1567 2052 praetoris
1576 2022 1614 2042 ex
1625 2011 1713 2053 ipsius
1724 2016 1943 2044 commentario
1956 2025 1961 2043 :
1981 2015 2014 2044 &
2022 2025 2073 2044 co-

1120 2053 1252 2094 gnoscite
1262 2072 1270 2086 ,
1290 2062 1396 2093 quanta
1407 2055 1440 2083 in
1451 2053 1606 2084 scribendo
1622 2055 1745 2095 gravitas
1756 2075 1765 2087 ,
1785 2064 1891 2096 quanta
1909 2058 1941 2085 in
1959 2055 2074 2086 consti-

1123 2093 1309 2133 tuendojure
1320 2093 1353 2124 sit
1362 2094 1530 2125 auctoritas.
1543 2097 1648 2126 Recita
1657 2098 1921 2126 commentarium.
1940 2100 2075 2127 DECRE-

1123 2146 1198 2166 TUM
1212 2145 1255 2165 Ex
1270 2145 1534 2167 conministri-mro.
1554 2136 1685 2166 Libenter
1694 2140 1734 2167 ait
1745 2138 1771 2167 se
1780 2137 1889 2168 facere:
1902 2140 1999 2180 itaque
2009 2149 2075 2179 per-

1122 2177 1229 2207 scribit.
1253 2177 1334 2218 Qid
1346 2197 1354 2211 ,
1367 2176 1388 2207 sl
1397 2179 1454 2208 hoc
1465 2178 1557 2208 verbo
1568 2188 1630 2208 non
1642 2178 1714 2209 ess'es
1730 2180 1796 2210 usus
1807 2200 1815 2213 ,
1831 2179 1992 2210 Libenter?
2011 2191 2077 2211 non

1121 2218 1262 2248 videlicet
1270 2221 1403 2249 invitum
1414 2229 1441 2249 te
1451 2219 1596 2261 quaestum
1607 2219 1700 2251 facere
1711 2230 1882 2261 putaremus
1892 2224 1902 2250 ?
1920 2232 1954 2251 ac
1966 2222 1998 2251 de
2011 2233 2076 2252 con-

1115 2260 1176 2301 fit'ii
1185 2261 1334 2299 sementia.
1357 2261 1531 2300 praeclarum
1550 2263 1662 2292 recitari
1680 2261 1840 2292 consilium
1852 2283 1860 2296 ‚
1875 2263 2008 2303 judices,
2023 2273 2075 2294 au-

1120 2301 1213 2332 distis.
1237 2302 1339 2332 utrum
1348 2302 1436 2332 vobis
1446 2301 1605 2332 confilium
1619 2305 1732 2334 recitari
1746 2303 1866 2335 tandem
1880 2308 2014 2345 praetoris
2028 2308 2076 2335 vi-

1120 2343 1243 2373 debatur
1253 2363 1261 2377 ,
1272 2342 1344 2373 curn
1355 2344 1518 2374 audiebatis
1528 2347 1655 2375 nomina
1665 2365 1673 2379 ,
1685 2355 1721 2376 an
1733 2346 1881 2386 praedonis
1891 2345 2076 2387 improbiffi-

1122 2386 1167 2414 mi
1178 2385 1299 2415 societas
1309 2405 1317 2419 ,
1328 2394 1415 2427 atque
1423 2387 1603 2417 comitatus?
1614 2390 1661 2417 En
1671 2386 1819 2417 foederum
1832 2390 2014 2428 interpretes,
2026 2388 2075 2418 so-

1122 2428 1236 2456 cietatis
1251 2426 1404 2467 pa&ores,
1426 2428 1581 2468 religionis
1591 2428 1734 2458 auditores.
1757 2439 1922 2470 numquam
1933 2432 1965 2459 in
1975 2430 2075 2461 Sicilia

1121 2467 1309 2499 frumentum
1322 2469 1441 2509 publice
1455 2470 1497 2500 est
1506 2477 1623 2500 emtum
1633 2490 1641 2504 ‚
1661 2472 1736 2511 quin
1747 2473 1938 2501 Mamertinis
1954 2479 2074 2513 propor-

1121 2511 1194 2539 tione
1205 2512 1407 2550 imperaretur,
1418 2511 1585 2552 antequam
1600 2513 1658 2542 hoc
1668 2511 1830 2545 deutrum,
1841 2513 2074 2554 praeclarumque

1122 2551 1282 2582 consilium
1294 2551 1346 2582 iste
1359 2552 1441 2582 dedit
1449 2573 1458 2586 ‚
1472 2561 1503 2582 ut
1512 2552 1548 2582 ab
1556 2554 1604 2583 his
1614 2563 1759 2583 nummos
1768 2556 1926 2594 acciperet,
1942 2565 1972 2585 ac
1982 2556 2025 2585 sui
2036 2553 2082 2584 fi-·

1123 2595 1206 2623 milis
1217 2592 1296 2623 esset.
1320 2597 1419 2633 Itaque
1431 2603 1546 2624 tantum
1564 2595 1656 2624 valuit
1674 2594 1757 2626 istius
1773 2595 1882 2626 decreti
1898 2595 2074 2630 aufimritas,

1123 2644 1270 2676 quantum
1280 2635 1381 2665 debuit
1397 2637 1459 2675 ejus
1478 2637 1610 2666 hominis
1622 2657 1629 2667 .
1649 2639 1700 2676 qui
1710 2656 1718 2670 ,
1741 2637 1874 2677 aquibus
1884 2637 2073 2668 frumentum

1124 2687 1222 2707 emere
1241 2676 1387 2707 debuiffet
1400 2697 1409 2709 ‚
1429 2679 1466 2706 iis
1483 2677 1635 2707 decretum
1653 2677 1839 2708 vendidisset.
1874 2681 1956 2710 Nam
1974 2679 2075 2710 statim

1122 2720 1158 2748 L.
1170 2718 1312 2748 Metellus
1322 2738 1330 2752 ,
1343 2727 1375 2747 ut
1385 2718 1433 2748 isti
1443 2716 1588 2752 successit,
1606 2729 1644 2748 ex
1655 2722 1686 2749 C.
1699 2720 1862 2750 Sicci-dotis
1872 2741 1880 2755 ,
1900 2721 1931 2751 &
1942 2725 2009 2751 Sex.
2019 2724 2073 2752 Pe-

1121 2760 1214 2790 ducaei
1226 2759 1360 2789 instituto
1370 2779 1379 2793 ,
1395 2770 1426 2790 ac
1436 2760 1541 2789 litteris
1552 2779 1560 2793 ,
1579 2760 1767 2791 frumemuni
1778 2764 1966 2793 Mamertinis
1977 2765 2073 2803 impe—

1121 2803 1207 2832 ravit.
1232 2804 1315 2831 Tum
1327 2801 1371 2830 illi
1384 2802 1596 2832 intellexerunt
1606 2822 1614 2836 ,
1636 2804 1663 2832 se
1673 2803 1703 2832 id
1714 2824 1721 2836 ,
1743 2802 1824 2843 quiid
1834 2804 1849 2833 a
1860 2806 1941 2835 milo
1951 2804 2074 2835 autstore

1122 2842 1259 2873 emissent
1269 2863 1276 2876 ,
1295 2843 1408 2873 diutius
1417 2843 1552 2873 obtinere
1563 2854 1625 2873 non
1636 2843 1726 2884 poss'e.

1121 2894 1148 2915 te
1166 2894 1227 2915 tam
1244 2884 1417 2926 religiosum
1437 2884 1600 2915 existimni
1618 2886 1743 2916 voluisti
1763 2889 1955 2928 interpretem
1977 2890 2082 2918 roede·›

1123 2937 1191 2956 rum
1201 2946 1210 2959 >
1230 2936 1282 2956 cur
1290 2928 1550 2956 Taurominitanis
1560 2926 1744 2958 frumentum
1757 2948 1765 2962 ‚
1781 2939 1832 2958 cur
1843 2932 1964 2960 Netinis
1974 2933 2073 2970 impe-

1122 2967 1210 2999 rasti?
1228 2977 1353 3009 quarum
1366 2969 1523 2998 civitatum
1540 2978 1661 3010 utraque
1673 2970 1813 3008 ,restit-ram
1825 2970 1877 3004 est.
1909 2975 1952 3002 Ac
1964 2974 2074 3002 Netini

1951 3014 2084 3055 quidem,

170 3099 192 3117 ι.
209 3093 320 3123 ‘Postremo
328 3099 354 3117 ru
363 3092 454 3117 tibihoc
462 3101 590 3126 numquam
599 3093 692 3127 napa]
712 3093 779 3120 Pall.
793 3092 897 3120 duobus
916 3102 967 3119 non
988 3091 1058 3119 adest
1070 3112 1080 3124 ‚
1098 3096 1101 3127 l
1121 3094 1221 3120 cianus.
1241 3094 1268 3119 &
1281 3093 1339 3120 sane
1350 3100 1395 3120 aut
1405 3094 1462 3128 ejici
1474 3092 1552 3122 debet
1564 3114 1572 3126 ‚
1591 3104 1636 3123 aut
1655 3097 1742 3132 potius
1761 3097 1822 3125 adtii
1835 3097 1969 3126 sententiae
1979 3099 2075 3135 prioris

130 3135 257 3158 numquam
275 3133 342 3159 turpe
353 3146 361 3158 ,
379 3127 522 3163 rejecitque
540 3129 620 3155 etiarn
631 3129 714 3155 editio
723 3128 848 3155 Vie’torii.
868 3137 944 3155 extat
955 3136 1041 3155 tamen
1054 3129 1080 3155 iu

129 3160 260 3197 prioribus
271 3161 333 3189 cusis
345 3181 353 3194 ,
362 3161 406 3189 scd
416 3163 435 3189 ii
446 3173 498 3190 non
507 3163 662 3199 agnoscunt,
675 3167 786 3199 Pistremo
797 3184 805 3198 ,
816 3173 901 3200 neque
912 3163 989 3193 lubet
999 3165 1081 3200 CuJa-

1121 3129 1167 3157 fini
1179 3141 1184 3157 ;
1198 3129 1447 3163 reprehendo'postrcmo
1454 3142 1463 3164 ,-
1474 3134 1506 3156 Ἱιι
1516 3133 1559 3156 τὶίιί
1570 3150 1577 3163 ,
1589 3132 1640 3163 (ζ’-γι.

1520 3202 1605 3229 er
2010 3207 2077 3231 ιεκ

1749 2848 1812 2886 Age
1825 2846 1931 2885 porro,
1950 2855 2001 2891 tuf
2019 2849 2072 2888 qui
2091 2859 2135 2883 22
