2297 3389
707 151 1017 199 ORATro
1072 168 1209 202 PRO
1264 155 1624 205 RSULLA.
2037 174 2140 222 με,

169 238 208 274 ]ae
218 241 297 272 mihi
306 239 425 272 videtur
434 234 551 267 silentio
561 232 764 274 praetereunda
775 231 833 263 effe
843 232 1123 275 virtus‚qubd‚cum

166 283 205 314 ab
216 285 275 314 hoc
284 283 336 313 illa
350 281 468 312 colonia
477 276 602 308 deduda
612 274 646 305 sit
658 293 666 308 ‚
690 274 723 305 &
739 273 811 305 cum
821 278 986 306 commoda
994 276 1123 306 colono—

167 335 239 356 rum
258 325 273 355 Ξι
288 323 418 354 fortunis
437 320 692 359 Pompeianorum
715 317 886 357 reipublicae
907 316 1059 358 ¹lfortuna
1076 317 1124 346 di-

166 368 303 406 iunxerit
313 385 323 398 ,
332 367 461 394 itacarus
471 361 603 402 utrisque
613 357 656 389 est
665 379 673 392 ‚
686 357 931 399 atquejucundus
940 378 950 392 ,
961 367 995 389 ut
1003 368 1069 388 non
1078 359 1122 388 al-

99 414 148 441 22
169 416 249 438 teros
270 402 434 437 demovisse
446 422 458 437 2
477 402 526 433 sed
545 401 685 441 utrosque
704 399 890 431 constituiffe
906 400 1050 431 videatur.
1081 402 1122 429 At

167 451 254 480 enim
265 448 298 478 &
308 446 482 489 gladiatores
493 464 502 479 ‚
523 444 555 474 &
566 444 670 473 omnis
679 441 732 472 ista
740 444 786 472 vis
796 463 805 476 ‚
822 443 985 484 rogationis
995 442 1122 472 Caeciliae

164 490 249 522 caula
256 487 512 528 comparabantur.
527 495 612 527 atque
623 486 655 515 in
665 485 723 515 hoc
733 484 800 514 loco
811 486 844 514 in
853 486 889 514 L.
900 484 1057 515 Caecilium
1066 493 1122 523 pu-

165 528 370 566 dentiffimum
381 549 391 563 ,
405 538 492 569 atque
503 525 722 558 ornatiffimum
733 528 834 556 virum
844 546 853 560 ,
869 527 1063 556 vehementer
1071 526 1122 555 in-

165 571 271 603 ve&us
283 570 326 602 est
338 582 344 601 :
358 571 404 611 cuj
409 580 442 600 us
453 580 507 613 ego
517 570 554 600 de
564 571 684 602 virtute,
696 568 730 598 &
738 567 902 598 constantia
911 587 920 601 ‚
927 568 1043 608 judices
1054 576 1120 598 tan—

162 622 231 644 tum
240 613 309 644 dico
322 624 327 643 :
343 613 436 644 talem
446 614 526 643 hunc
536 613 569 642 in
578 610 631 641 ista
641 612 808 652 rogatione,
817 619 907 650 quam
919 609 1121 654 promulgavit

159 665 230 686 non
240 655 276 685 de
285 654 427 688 tollenda,
441 654 489 685 sed
499 653 535 684 de
544 653 665 682 levanda
675 652 842 682 calamitate
844 650 942 689 fratris
944 651 1004 690 sui,
1018 649 1117 683 fuffle,

163 700 179 718 ²
190 705 221 727 ut
229 697 403 727 consultum
421 695 479 726 effe
496 696 627 726 voluerit
639 693 737 725 fratri:
757 702 857 723 tamen
867 702 937 722 cum
949 692 1051 731 repub.
1061 701 1119 732 pu·

183 739 410 769 narenoluerit:
425 738 625 779 promulgarit
637 735 785 775 impulsus
794 743 895 780 amore
904 732 1034 763 fraterno
1044 753 1053 767 ,
1065 733 1119 763 de-

158 749 268 812 fiiterit
283 780 380 811 fratris
398 780 571 811 auctoritate
589 777 745 807 dedutrus.
769 777 866 815 Atque
877 784 910 804 in
920 784 953 805 ea
970 785 1001 805 re
1018 785 1071 815 per
1080 777 1116 805 L.

159 823 318 853 Caecilium
327 823 407 853 Sulla
423 821 585 852 accusatur,
608 820 640 848 in
650 827 707 858 qua
716 827 746 847 re
756 815 800 846 est
810 825 934 857 uterque
944 816 1116 847 laudandus.

159 867 173 892 3
183 864 321 904 primum
331 864 467 895 Caecilius
478 882 486 896 ‚
506 860 523 875 *
533 859 626 902 quiid
638 858 836 900 promulgarit
846 878 855 892 ‚
867 861 900 887 in
909 868 971 899 quo
981 868 1026 888 res
1035 858 1118 898 judi—

156 914 234 937 catas
243 905 400 936 videbatur
407 901 536 935 voluisse
546 901 722 934 rescindere,
735 910 767 930 ut
780 899 968 930 statueretur:
982 901 1064 930 Sulla
1072 911 1118 930 re-

159 945 209 978 &e
219 946 420 988 reprehendit.
439 948 463 976 S
473 955 492 975 τ
504 953 527 974 A
537 955 556 974 τ
568 953 591 974 U
601 953 614 973 ³
633 945 716 973 enim
736 941 910 982 reipublicae
924 943 1058 972 maxime
1066 943 1116 982 ju-

159 989 265 1020 dicatis
270 988 362 1019 rebus
371 988 555 1018 continetur.
578 995 676 1026 neque
686 994 740 1026 ego
752 993 868 1015 tantum
878 983 1010 1015 fraterno
1019 986 1114 1015 amori

158 1030 293 1063 dandum
302 1029 429 1060 arbitror
437 1047 445 1063 ,
465 1037 499 1059 ut
507 1027 664 1069 quisquam
678 1026 713 1056 de
732 1025 822 1056 salute
833 1026 954 1057 suorum
963 1027 1112 1060 consulat,

156 1081 357 1103 communem
365 1071 520 1112 relinquat.
544 1069 634 1101 Nihil
642 1068 680 1099 de
687 1068 697 1108 j
702 1067 804 1098 udicio
814 1067 936 1098 ferebat.
958 1071 975 1095 4
985 1068 1040 1098 Sed
1048 1078 1113 1108 poe-

153 1123 228 1145 nam
241 1113 373 1144 ambitus
388 1122 455 1143 eam
472 1111 604 1144 ferebat,
623 1120 688 1151 quae
697 1109 792 1140 fuerat
801 1120 898 1150 nuper
913 1110 1115 1150 superioribus

152 1154 270 1197 legibus
282 1154 452 1185 constituta.
474 1156 572 1194 itaque
583 1154 636 1183 hac
648 1154 813 1194 rogatione,
827 1162 891 1182 non
896 1153 908 1192 j
914 1152 1035 1182 udicum
1046 1153 1113 1183 sen-

152 1198 291 1231 tentiam,
297 1197 345 1228 sed
354 1197 427 1238 legis
437 1198 547 1226 vitium
557 1195 731 1236 corrigebat.
753 1196 845 1223 Nemo
855 1194 1004 1234 judicium
1014 1204 1113 1234 repre-

152 1239 263 1269 hendit
272 1258 281 1273 ‚
296 1237 368 1269 cum
378 1239 415 1269 de
424 1247 513 1278 poena
522 1238 655 1278 queritur
666 1256 674 1270 ‚
684 1235 734 1266 sed
744 1236 852 1276 legem.
864 1235 1017 1266 damnatio
1026 1238 1110 1266 enim

152 1279 197 1311 est
208 1280 348 1321 judicum
359 1300 366 1314 ‚
385 1290 452 1321 quae
462 1279 600 1310 manebat
613 1288 618 1307 :
637 1287 743 1318 poena,
757 1278 831 1319 legis
842 1298 850 1312 ‚
870 1287 937 1318 quae
948 1278 1109 1308 levabatur.

152 1323 233 1354 Noli
243 1324 334 1364 igitur
342 1324 462 1357 animos
480 1331 586 1351 eorum
602 1320 747 1350 ordinum
760 1340 769 1353 ,
790 1322 842 1360 qui
851 1320 981 1359 praesunt
988 1320 1112 1359 judiciis

150 1364 273 1396 summa
281 1374 352 1395 cum
362 1366 512 1404 gravitate,
526 1363 559 1392 &
569 1362 710 1404 dignitate
721 1381 729 1395 ,
739 1357 886 1390 aliea-zared
898 1362 990 1400 causti.
1013 1371 1108 1392 nemo

149 1404 327 1436 labefactare
339 1405 492 1445 judicium
510 1403 552 1435 est
569 1412 704 1434 conatus.
729 1403 808 1433 nihil
818 1402 862 1433 est
871 1403 1023 1442 ejusmodi
1041 1414 1111 1443 pro-

150 1448 330 1490 mulgatum.
352 1450 475 1487 Semper
485 1446 626 1477 Caecilius
636 1447 668 1476 in
677 1445 844 1476 calamitate
852 1443 949 1475 fratris
961 1445 1003 1475 sui
1014 1465 1023 1480 ,
1037 1449 1050 1473 5
1060 1447 1109 1485 ju-

151 1489 256 1520 dicum
274 1488 449 1530 potestatem
468 1487 698 1528 perpetuandam
710 1507 718 1520 ,
740 1488 813 1528 legis
823 1487 1014 1517 acerbitatem
1025 1489 1110 1518 miti-

88 1542 130 1575 23
149 1530 278 1572 gandam
287 1532 410 1571 putavit.
434 1530 489 1562 Sed
500 1529 573 1572 quid
583 1540 639 1571 ego
650 1529 686 1559 de
696 1530 755 1559 hoc
766 1530 851 1569 plura
859 1528 1008 1569 disputem
1020 1532 1030 1559 ?
1050 1531 1109 1559 Di-

149 1583 250 1604 cerem
257 1570 389 1606 fortaffe,
405 1572 438 1604 &
447 1571 548 1606 facile,
565 1572 737 1602 &libenter
745 1571 887 1601 dicerem.
910 1574 940 1601 Si
953 1570 1056 1611 paullo
1065 1580 1109 1602 et-

150 1617 211 1646 iam
222 1613 344 1657 longius
357 1614 466 1656 ‚quam
478 1612 547 1644 finis
559 1613 729 1654 quotidiani
741 1611 835 1643 officii
844 1612 973 1653 postulat
983 1634 992 1647 ‚
1002 1615 1107 1654 pietas,

148 1657 185 1687 δε
193 1653 209 1677 ⁶
218 1656 366 1687 fraternus
375 1667 461 1687 amor
469 1658 638 1686 L.Caelium
648 1653 825 1695 protulisset:
835 1656 1030 1695 implorarem
1041 1656 1110 1686 sen-

147 1698 197 1731 sus
213 1697 326 1730 vestros
342 1710 348 1728 :
368 1698 599 1738 uniuscujusque
617 1696 824 1738 indulgentiam
846 1698 875 1726 in
888 1697 955 1737 suos
972 1697 1106 1728 testarer:

146 1749 281 1781 peterem
292 1749 385 1771 errato
393 1735 515 1771 v‘eniam
534 1741 571 1770 L.
583 1740 697 1769 Caecilii
715 1749 753 1769 ex
767 1740 886 1769 intimis
905 1738 1009 1770 vestris
1026 1742 1108 1782 cogi-

150 1783 316 1813 tationibus
326 1803 336 1817 ,
355 1791 440 1824 atque
450 1792 487 1812 ex
503 1783 690 1812 humanitate
708 1784 879 1811 communi.
900 1782 951 1811 lex
970 1781 1033 1812 dies
1049 1782 1109 1812 fuit

150 1822 300 1865 propofita
307 1834 420 1865 paucos
431 1823 518 1854 :ferri
533 1833 629 1864 coepta
641 1833 809 1864 numquam
821 1834 826 1852 ;
846 1827 861 1851 7
869 1822 961 1863 posita
968 1823 1010 1853 est
1019 1825 1053 1854 in
1063 1824 1108 1854 se-

150 1874 222 1896 natu
233 1885 243 1899 ‚
260 1866 412 1906 populum
421 1869 601 1897 Romanum
612 1866 706 1896 latuit.
728 1865 799 1895 cuin
812 1875 843 1894 in
856 1866 1039 1904 Capitolium
1050 1876 1106 1897 nos

147 1907 286 1939 senatum
295 1907 556 1940 convocaffemus,
567 1908 646 1937 nihil
656 1906 698 1937 est
707 1906 808 1936 aetum
819 1906 901 1946 prius
915 1918 918 1935 :
932 1907 965 1937 &
978 1908 1008 1938 id
1019 1919 1106 1938 man-

148 1948 221 1980 dato
229 1949 318 1980 Sullae
331 1952 370 1987 Q.
381 1949 525 1979 Metellus
531 1957 642 1988 praetor
650 1949 677 1978 se
686 1950 770 1988 loqui
780 1948 858 1978 dixit
870 1969 879 1982 ,
896 1950 1011 1979 Sullam
1021 1950 1106 1980 illam

146 1993 337 2031 rogationem
348 1990 383 2021 de
395 1991 424 2020 se
432 1990 515 2020 nolle
525 1990 606 2020 ferri.
629 1993 676 2020 Ex
692 1991 746 2018 illo
765 1998 900 2029 tempore
918 1993 955 2020 L.
967 1992 1105 2021 Caecilius

148 2032 247 2062 multa
254 2032 291 2062 de
301 2032 450 2072 republica
460 2033 535 2073 egit:
548 2033 674 2071 Agraria:
686 2031 743 2072 legi
755 2050 763 2064 ,
775 2041 840 2071 qua:
851 2039 910 2061 tota
920 2032 936 2061 a
947 2042 998 2062 me
1007 2042 1105 2072 repre-

145 2074 237 2104 hensa
247 2074 280 2104 &
289 2072 403 2114 abjeffli
412 2072 455 2103 est
465 2093 474 2107 ‚
494 2070 714 2103 intercessorem
725 2071 789 2102 fore
800 2071 947 2112 profefi‘us
959 2072 1002 2104 est
1018 2084 1024 2103 ε
1042 2077 1104 2104 im-

145 2116 249 2156 probis
267 2114 476 2157 largitionibus
493 2114 600 2149 restitit
619 2124 625 2144 :
648 2115 766 2145 senatus
781 2113 990 2145 austoritatem
1010 2126 1103 2145 num-

114 2193 117 2195 .
143 2167 236 2199 quam
245 2156 408 2198 impedivit
418 2166 425 2186 2
439 2159 480 2187 ita
489 2156 516 2187 se
525 2155 608 2197 geffit
617 2158 650 2187 in
659 2156 813 2186 tribunatu
821 2176 832 2190 ‚
845 2165 877 2187 ut
885 2176 894 2190 ‚
907 2166 998 2187 onere
1009 2157 1101 2198 depo—

1173 235 1227 266 sito
1236 236 1394 268 domestici
1405 236 1499 269 officii
1508 259 1518 272 ,
1541 240 1619 270 nihil
1629 238 1730 280 postea
1748 239 1803 271 nisi
1821 239 1859 271 de
1868 239 2038 280 reipublice.
2046 250 2133 271 com-

1174 279 1275 309 modis
1284 281 1426 321 cogitarit.
1451 283 1548 322 Atque
1559 284 1592 311 in
1610 283 1672 323 ipsa
1680 284 1852 325 rogatione,
1873 292 1912 312 ne
1922 293 1974 323 per
1984 285 2047 313 vim
2059 283 2131 323 quid

1170 329 1305 359 ageretur
1318 341 1326 353 ,
1339 317 1353 340 8
1362 324 1428 362 quis
1440 330 1539 353 tamen
1553 323 1690 355 nostrum
1699 325 1813 355 Sullam
1826 344 1834 358 ,
1852 333 1902 356 aut
1912 325 2069 355 Caecilium
2079 335 2131 354 ve«

1168 362 1305 392 rebatur?
1318 367 1332 388 9
1344 373 1448 393 nonne
1460 367 1562 394 omnis
1573 366 1624 395 ille
1637 369 1848 401 terronomnis
1858 366 2015 397 seditionis
2026 368 2128 400 timor,

1169 410 1255 441 atque
1264 406 1370 448 opinio
1382 425 1390 437 ‚
1406 415 1443 435 ex
1454 408 1595 437 Autronii
1606 408 1799 448 improbitate
1811 408 1980 448 pendebat?
1999 409 2064 447 ejus
2073 418 2130 438 vo-

1171 452 1232 475 ces,
1242 454 1266 482 ej
1274 454 1306 473 us
1317 447 1408 475 minae
1417 445 1587 478 ferebantur
1599 459 1604 477 :
1615 450 1678 488 ejus
1692 449 1858 490 admetus,
1868 451 2064 483 concursatio,
2075 449 2130 481 sti-

1170 486 1250 524 patio
1261 505 1270 518 ,
1288 496 1389 527 greges
1399 489 1561 518 hominum
1572 491 1759 529 perditorum
1771 512 1779 526 ,
1795 501 1911 522 metum
1921 492 2011 522 nobis
2022 511 2030 526 ‚
2050 491 2130 522 sedi·-

1170 527 1325 567 tionesque
1335 525 1502 558 afferebant.
1526 533 1627 571 Itaque
1638 536 1668 562 P.
1679 534 1759 563 Sulla
1770 554 1779 567 ,
1802 535 1860 564 hoc
1871 532 2127 575 importuniffimo

1169 577 1234 597 tum
1244 568 1349 612 honoris
1359 588 1367 602 ‚
1386 577 1452 599 tum
1463 572 1554 600 ctiam
1566 572 1815 614 calamitarusbri‘o
1827 595 1836 610 ‚
1852 585 1938 617 atque
1947 577 2076 608 comite,
2093 576 2127 606 δε

1170 610 1311 640 secundas
1323 612 1460 640 fortunas
1479 614 1614 643 amittere
1632 616 1750 646 coz-nitus
1762 616 1805 647 est
1815 637 1824 651 ‚
1843 617 1917 647 &in
1927 615 2054 648 adversis
2065 615 2125 647 sine

1167 651 1231 680 ullo
1240 651 1377 682 remedio
1388 671 1398 685 ,
1419 661 1505 692 atque
1524 654 1724 686 allevamento
1734 668 1918 697 permanere.
1952 658 2011 690 Hic
2021 668 2052 690 tu
2061 669 2129 700 epi-

1166 690 1273 723 stolam
1283 703 1381 723 meam
1394 694 1466 733 saept·
1476 696 1579 725 recitas
1589 716 1597 729 ,
1615 707 1704 736 quam
1716 709 1771 739 ego
1781 700 1815 730 ad
1830 704 1886 731 Cri.
1898 702 2077 741 Pompe-jum
2089 700 2126 731 de

1165 736 1242 764 meis
1250 735 1338 765 rebus
1346 734 1446 776 gestis,
1454 735 1486 765 &
1497 735 1533 766 de
1544 737 1661 768 summa
1671 741 1839 778 reipublicae
1850 742 1925 772 misi:
1938 743 1970 773 δε
1981 753 2019 773 ex
2027 753 2059 773 ea
2066 744 2127 773 cri·

1164 786 1238 806 men
1245 777 1366 818 aliquod
1377 777 1411 806 in
1420 780 1451 808 Ρ.
1461 778 1574 808 Sullam
1584 782 1692 819 quaeris
1705 791 1710 809 :
1727 784 1757 800 ¹0
1768 782 1834 815 &AE
1849 783 1980 814 furorem
1995 784 2124 815 incredi-

1164 817 1258 848 bilem
1269 818 1395 848 biennio
1404 818 1471 849 ante
1483 830 1663 860 conceptum
1676 841 1685 854 ,
1705 822 1828 862 ei’upiffe
1840 827 1871 854 in
1884 835 1952 855 meo
1967 826 2122 856 consulatu

1162 858 1259 900 scripsi
1271 880 1279 894 ,
1291 870 1341 890 me
1351 862 1409 891 hoc
1418 860 1632 892 demonstrasse
1643 864 1716 893 dicis
1727 884 1735 897 ‚
1747 866 1858 895 Sullam
1870 868 1903 895 in
1914 868 1962 897 illa
1973 866 2059 897 fuiffe
2072 868 2124 898 su-

1160 905 1275 941 periore
1286 903 1506 938 coniuratione.
1529 905 1647 934 Scilicet
1659 906 1682 934 is
1696 905 1763 936 sum
1774 926 1781 939 ‚
1797 909 1850 947 qui
1860 907 2032 938 existimem
2044 929 2053 942 ,
2063 912 2120 940 Cn.

1161 943 1302 974 Pisonem
1313 965 1322 979 ‚
1347 945 1380 974 ὃς
1390 945 1549 974 Catilinam
1562 966 1570 979 ,
1590 946 1622 975 δε
1634 949 1849 988 Vargunteium
1864 969 1872 981 .
1892 949 1925 979 ὃς
1936 952 2119 981 Autronium

1161 986 1241 1015 nihil
1252 986 1390 1017 scelerate
1404 1007 1412 1020 ,
1424 987 1503 1019 nihil
1512 987 1649 1018 audaner
1658 990 1736 1028 ipsos
1752 997 1799 1030 per
1808 990 1864 1030 fise
1874 989 1932 1020 sine
1946 994 1975 1021 Pv
1988 992 2067 1022 Sulla
2075 991 2120 1021 fa-

1158 1037 1224 1057 cere
1235 1025 1372 1068 potuiss‘e.
1393 1028 1430 1058 de
1439 1038 1500 1069 quo
1511 1031 1602 1059 etiam
1612 1028 1701 1071 siquis
1710 1031 1867 1062 dubitafl‘et
1874 1042 1958 1063 antea
1968 1054 1975 1067 ,
1989 1043 2075 1066 num,
2088 1032 2120 1063 id

1158 1070 1241 1109 quod
1252 1079 1283 1100 tu
1293 1072 1410 1111 arguis,
1433 1069 1602 1111 cogitasset,
1624 1073 1785 1104 intersteto
1798 1083 1877 1114 patre
1891 1084 1944 1105 tuo
1956 1094 1964 1107 ‚
1984 1076 2119 1108 consule,

1158 1111 1335 1142 descendere
1355 1112 1500 1142 Kalendis
1517 1114 1666 1154 Januariis
1685 1125 1756 1146 cum
1775 1115 1932 1146 lictoribus
1949 1127 1954 1145 :
1978 1115 2120 1146 sustulisti

1158 1153 1235 1183 hanc
1244 1154 1459 1194 suspicionem,
1469 1153 1542 1184 cum
1557 1155 1678 1190 dixisti,
1691 1158 1784 1191 hunc,
1796 1166 1828 1188 ut
1839 1159 2001 1188 Catilinam
2010 1158 2120 1188 consu-

1159 1194 1219 1225 lem
1230 1194 1372 1229 efficeret,
1384 1204 1486 1226 contra
1495 1205 1607 1237 patrem
1617 1206 1703 1237 tuum
1716 1209 1817 1239 operas
1830 1219 1838 1233 ‚
1850 1200 1883 1230 δε
1895 1210 2021 1230 manum
2030 1210 2120 1230 com-

1156 1236 1273 1276 parasse.
1296 1237 1388 1279 Qod
1405 1237 1425 1268 fi
1444 1238 1500 1269 tibi
1511 1249 1565 1280 ego
1583 1238 1749 1274 confiteor,
1769 1250 1801 1271 tu
1813 1243 1890 1271 mihi
1899 1241 2046 1272 concedas
2062 1252 2118 1271 nc-

1157 1277 1232 1309 cess'e
1241 1279 1283 1310 est
1292 1299 1301 1313 ‚
1321 1282 1402 1310 hunc
1413 1300 1421 1313 ‚
1438 1277 1512 1310 cum
1527 1282 1662 1312 Catilinae
1673 1281 1878 1324 suffragaretur
1890 1305 1898 1317 ,
1922 1284 2001 1313 nihil
2010 1283 2046 1314 de
2059 1284 2115 1314 suo

1155 1321 1322 1355 consulatu,
1332 1332 1424 1362 quem
1429 1322 1539 1361 judicio
1551 1324 1695 1363 amiserat,
1711 1335 1762 1364 per
1772 1327 1838 1355 vitri
1851 1325 2054 1366 recuperando
2061 1336 2117 1355 εος

1155 1361 1298 1404 giraviss'e.
1320 1374 1420 1405 neque
1436 1366 1520 1394 enim
1531 1364 1658 1395 istorum
1676 1366 1847 1397 facinorum
1857 1376 2009 1397 tantorum
2023 1388 2032 1401 ‚
2053 1377 2115 1398 tam

1156 1407 1303 1435 atrocium
1313 1407 1431 1436 crimen
1440 1426 1449 1440 ,
1458 1407 1575 1446 judices
1586 1427 1594 1441 ‚
1612 1410 1644 1438 P.
1655 1409 1744 1439 Sullae
1754 1409 1881 1449 persona
1888 1409 2017 1449 suscipit.
2046 1410 2116 1449 Jam

1156 1449 1239 1476 enim
1249 1446 1354 1478 faciam
1366 1467 1375 1481 ‚
1395 1448 1574 1478 criminibus
1584 1450 1730 1480 omnibus
1744 1451 1806 1481 lere
1817 1449 1966 1481 dissolutis
1977 1471 1984 1484 ,
2001 1461 2114 1483 contri,

1155 1497 1241 1530 atque
1261 1491 1295 1519 in
1310 1491 1416 1519 ceteris
1429 1489 1518 1520 caufis
1539 1489 1602 1520 fieri
1621 1492 1692 1531 silc:
1702 1513 1711 1526 ,
1734 1502 1854 1523 utnunc
1863 1492 1993 1533 denique
2008 1493 2044 1522 de
2055 1502 2114 1522 vita

1155 1531 1294 1560 hominis
1303 1541 1335 1561 ac
1343 1531 1380 1561 de
1389 1532 1526 1562 moribus
1536 1532 1643 1563 dicam.
1658 1537 1783 1564 Etenim
1795 1535 1831 1564 de
1840 1536 1990 1574 principio
2001 1533 2114 1564 studuit

1156 1574 1275 1603 animus
1285 1582 1437 1603 occurrere
1450 1574 1654 1615 magnitudini
1667 1578 1807 1606 criminis
1817 1596 1824 1609 ‚
1837 1575 2000 1606 satisfacere
2009 1576 2116 1615 exspe-

1156 1614 1282 1645 &arioni
1300 1616 1466 1645 hominum
1477 1636 1485 1649 ,
1509 1619 1533 1634 ¹¹
1549 1615 1586 1645 de
1599 1627 1649 1646 me
1660 1618 1773 1658 aliquid
1784 1619 1848 1655 ipso
1861 1638 1870 1651 ‚
1891 1619 1943 1659 qui
1962 1618 2115 1648 accusatus

1155 1666 1235 1686 eram
1247 1677 1256 1689 ,
1276 1656 1386 1687 dicere.
1412 1667 1495 1687 nunc
1511 1659 1571 1693 iam
1587 1660 1749 1689 revocandi
1760 1659 1830 1690 estis
1841 1658 1877 1689 eo
1889 1680 1897 1693 ,
1916 1659 1979 1701 quo
1988 1660 2115 1700 vosipsa

1154 1699 1344 1732 causa,etiam
1353 1708 1467 1739 tacente
1474 1702 1568 1732 me‚¹2
1581 1703 1794 1741 cogit‚animos
1804 1702 1977 1743 mentesque
1986 1711 2114 1732 conver—

1154 1749 1225 1770 tere.
1259 1741 1410 1771 Omnibus
1420 1743 1454 1771 in
1463 1741 1549 1772 rebus
1560 1762 1569 1776 ,
1576 1743 1588 1782 j
1593 1743 1704 1777 udices,
1716 1754 1781 1784 quae
1791 1754 1939 1785 graviores
1950 1764 1958 1777 ,
1971 1744 2030 1783 maj
2034 1743 2113 1773 ores-

1153 1793 1211 1823 que
1220 1783 1288 1813 sunt
1298 1803 1306 1817 ‚
1326 1792 1379 1823 QJ
1393 1793 1404 1812 1
1414 1794 1436 1813 D
1458 1793 1512 1823 Q
1525 1794 1536 1813 1
1549 1795 1561 1814 s
1573 1793 1625 1825 Q]
1636 1794 1655 1814 n
1674 1786 1804 1816 voluerit
1815 1806 1824 1820 ,
1840 1787 1993 1828 cogitarit,
2013 1785 2113 1816 admi·

1152 1825 1235 1858 serit,
1245 1835 1309 1855 non
1318 1835 1357 1855 ex
1366 1827 1506 1860 crimine,
1520 1826 1568 1856 sed
1579 1836 1617 1856 ex
1626 1828 1765 1857 moribus
1777 1829 1852 1868 ejus,
1863 1830 1915 1869 qui
1925 1826 2113 1869 arguitur‚est

1152 1866 1393 1906 ponderandum.
1416 1870 1527 1908 Neque
1540 1870 1624 1898 enim
1635 1869 1733 1908 potest
1741 1869 1898 1910 quisquam
1912 1868 2048 1900 nostrum
2057 1871 2110 1909 su-

1153 1906 1300 1949 bitbfingi‚
1312 1918 1410 1950 neque
1419 1910 1594 1951 cujusquam
1603 1912 1724 1950 repente
1736 1920 1797 1941 vita
1807 1913 1918 1941 mutari
1929 1931 1937 1944 ,
1952 1920 2001 1941 aut
2009 1918 2112 1942 natura

1153 1953 1300 1980 converti.
1325 1952 1719 1992 Circumspicitepaullispei·
1728 1953 1881 1983 mentibus
1891 1952 2042 1986 vestris,ut
2053 1953 2111 1984 alia

1152 1993 1330 2022 omittamus
1340 2012 1349 2025 ,
1370 1993 1460 2023 hosce
1473 1993 1554 2032 ipsos
1566 1994 1708 2023 homines
1718 2013 1727 2028 ,
1745 1996 1798 2034 qui
1808 1994 1880 2024 huic
1895 1993 1999 2024 affines
2008 1995 2113 2025 sceleri

1151 2032 1284 2063 fuerunt.
1307 2033 1434 2063 Catilina
1443 2043 1547 2065 contra
1564 2035 1711 2074 rempubl.
1722 2037 1900 2075 conjuravit.
1924 2037 2017 2077 Cujus
2028 2046 2111 2064 aures

1152 2084 1297 2114 umquam
1307 2075 1367 2104 hoc
1376 2075 1548 2115 respuerunt
1559 2095 1568 2109 ‚
1578 2085 1720 2106 conatum
1731 2075 1788 2107 ess'e
1799 2098 1808 2110 ,
1820 2078 1982 2108 hominem
1993 2078 2084 2119 usque
2093 2078 2110 2109 a

1148 2118 1274 2155 pueritia
1291 2126 1356 2146 non
1374 2116 1475 2146 solum
1494 2119 1725 2157 intemperantia
1734 2138 1742 2152 ,
1765 2118 1798 2149 δε
1816 2119 1923 2149 scelere
1932 2139 1940 2152 ‚
1957 2119 2007 2149 sed
2017 2122 2109 2150 etiam

1145 2158 1362 2188 consuetudine
1371 2178 1380 2193 ‚
1393 2158 1426 2189 &
1435 2157 1534 2189 studio
1544 2161 1578 2189 in
1588 2159 1676 2191 omni
1695 2158 1810 2201 flagitio
1821 2180 1830 2195 ‚
1852 2164 1878 2189 ¹3
1890 2160 1992 2201 stupro
2003 2181 2012 2195 ‚
2026 2163 2109 2191 caede

1945 2203 2111 2233 versatum?

140 2268 214 2289 tatur
229 2264 363 2294 poi-ticumg
383 2268 413 2286 ut
432 2261 458 2286 in
477 2260 532 2296 iplb
550 2261 682 2288 Cicerone
702 2261 766 2298 saepe
785 2263 861 2288 alias.
881 2263 909 2287 Sc
929 2262 1055 2289 Catullo:
1078 2266 1107 2288 In

140 2298 305 2331 Magnifimul
317 2297 485 2322 ambulatione-
506 2297 660 2332 Deporticu
680 2306 746 2333 ergo
763 2297 903 2325 dissensere
922 2307 981 2324 cuni
1002 2298 1104 2325 colonis

140 2333 307 2369 Pompejani.
326 2341 377 2369 qua
394 2331 427 2357 de
437 2331 509 2358 caula
525 2333 617 2368 paullo
635 2333 692 2368 post
704 2335 850 2370 'l'uringicu
856 2343 879 2360 m
900 2333 1015 2360 libenter
1025 2333 1105 2361 secuti

141 2369 229 2396 firmus
242 2388 250 2401 ,
270 2367 409 2396 Palatinos
423 2378 454 2394 ue
464 2377 555 2395 omnes
569 2389 577 2401 ,
596 2369 623 2395 in
635 2369 730 2405 quibus
740 2373 805 2404 Reip.
818 2372 921 2402 fimana
933 2389 940 2401 ,
960 2379 1012 2396 non
1027 2373 1109 2403 scipuli*

141 2409 207 2432 Rom.
226 2404 297 2442 quod
317 2414 348 2431 ne
379 2378 468 2431 uidem
480 2405 507 2432 in
526 2406 581 2432 anti
604 2406 675 2432 uitus
687 2405 763 2432 cusis.
781 2404 985 2443 accipiendaque
1004 2406 1106 2442 respub.

142 2442 344 2478 Pompeiorum,
355 2414 479 2468 disti-aeta
488 2440 575 2474 disjun
607 2442 667 2468 ioue
678 2449 798 2468 veterum
810 2451 993 2478 novorumque
1004 2442 1106 2469 incola-

141 2486 214 2505 rum.
226 2477 301 2504 fuiffe
311 2484 400 2503 autem
411 2477 548 2504 hominum
559 2477 626 2505 istud
635 2487 719 2513 genus
729 2480 826 2506 natura
836 2477 986 2511 turbidum,
999 2479 1104 2506 hauria-

142 2523 202 2542 mus
214 2513 294 2540 etiam
306 2522 341 2539 ex
352 2514 449 2540 Tacito
460 2513 507 2540 lib.
519 2523 582 2540 xiv.
593 2513 694 2541 Annal.
706 2523 765 2550 cap.
778 2523 821 2551 ις.

183 2559 207 2576 x.
228 2553 335 2575 libi-tuna
343 2549 498 2584 dijunxerit]
511 2552 552 2576 Ita
562 2549 642 2576 libuit
653 2549 776 2582 scribere,
790 2560 851 2577 cum
860 2550 1102 2578 animadvertissem

141 2586 242 2612 haerere
252 2585 279 2612 in
290 2587 314 2611 T
317 2585 405 2621 uring.
416 2586 558 2620 disjunxerit
569 2606 577 2618 ‚
596 2586 777 2622 haberentque
787 2587 893 2622 quidam
904 2587 1022 2614 nostruin
1033 2588 1103 2613 dimi-

134 2622 199 2658 serit
210 2641 218 2654 ,
230 2620 337 2658 quidam
348 2622 468 2656 dss'ufferit.
488 2622 598 2658 vulgati
608 2623 725 2656 eli-riserit.
745 2622 817 2659 quod
828 2629 920 2650 natum
930 2631 962 2649 ex
975 2623 1102 2657 divixerit,

143 2659 172 2685 in
184 2667 263 2695 quam
275 2666 365 2684 vocem
376 2657 549 2693 degenerant
559 2658 698 2694 dffimxerit.

180 2703 208 2721 2.
229 2697 259 2719 Ut
267 2695 392 2727 confidtum
409 2695 450 2727 ‘ffi
466 2696 584 2720 voluerit:
602 2704 654 2720 cum
663 2702 713 2728 rep.
728 2701 835 2728 pugnare
843 2694 969 2729 noluerit]
990 2695 1101 2722 Secutus

141 2729 201 2757 mff.
212 2729 312 2757 nostros
325 2729 389 2764 ejeci
402 2729 521 2756 voculam
532 2738 623 2763 tamen,
638 2739 696 2766 quae
706 2731 732 2757 in
744 2731 820 2756 nullo
830 2730 1009 2767 comparebat.
1018 2731 1100 2758 iidem

139 2774 269 2802 praeterea
278 2766 423 2802 agnoscunt
439 2767 581 2800 confideffit5
600 2765 670 2803 quod
688 2766 787 2794 mutari
804 2774 911 2803 poterat
928 2766 956 2794 in
976 2768 1102 2802 confidere,

140 2802 182 2829 uti
194 2810 301 2829 venerat
310 2802 338 2829 in
349 2809 465 2829 mentem
477 2803 635 2830 Gulielniio.

179 2847 193 2874 3
201 2859 207 2866 .
225 2839 333 2865 ‘Primam
340 2840 445 2864 Caecilim
457 2857 465 2870 ,
473 2839 541 2874 elya]
561 2839 647 2866 Malui
658 2839 745 2866 locum
757 2845 849 2865 notare
859 2838 980 2866 asterisco
991 2859 1000 2872 ,
1018 2840 1099 2877 qutim

141 2874 283 2902 admittere
293 2875 450 2901 Memmiani
461 2873 558 2901 codicis
569 2874 723 2916 scripturam
735 2874 857 2902 Lambini
870 2875 1025 2909 conjet‘tura
1045 2875 1101 2902 fer-

141 2912 314 2938 ruminatam.
337 2912 401 2938 Erat
410 2911 461 2937 viri
471 2911 547 2947 probi
558 2911 662 2938 seorlim
682 2912 807 2938 exhibere
828 2911 926 2938 codicis
937 2911 985 2937 ms.
1004 2911 1101 2938 legno-

142 2954 204 2973 nem
215 2966 224 2979 ,
241 2948 270 2973 δε
281 2947 314 2974 fic
322 2946 419 2974 'deinde
429 2946 556 2981 subjicere
574 2947 766 2975 divinationem
778 2947 859 2974 snam.
878 2947 972 2976 Nostri
985 2948 1100 2975 Palatini

141 2980 206 3009 octo
215 2982 281 3009 nihil
292 2984 393 3010 variant
405 3002 413 3015 ,
432 2983 479 3010 nisi
490 2983 562 3020 quod
572 2983 637 3020 sept.
647 2986 774 3011 Caecilium.
786 2984 874 3011 Henr.
885 2983 1031 3020 Stephanus
1042 2983 1099 3010 lau-

142 3016 190 3043 dat
200 3020 215 3043 t‘:
225 3017 273 3045 ms.
290 3022 393 3052 prirnum
402 3022 508 3046 Caecilim
517 3023 560 3054 qui
568 3021 702 3053 idprimum
707 3022 867 3053 promullgmit
879 3039 887 3051 ‚
906 3030 950 3054 quo
959 3021 1049 3055 fratris
1058 3030 1100 3046 ca-

137 3053 194 3088 sum
206 3054 288 3079 levare
300 3056 370 3088 ptffer
379 3067 386 3081 :
403 3064 471 3089 quem
487 3058 545 3090 quia
555 3065 594 3082 res
604 3057 731 3090 judicatas
742 3076 749 3088 ‚
759 3057 810 3087 ὀνο.
831 3055 902 3092 quod
913 3055 970 3082 sane
982 3055 1100 3083 admisis-

142 3089 197 3115 sem
210 3108 217 3120 ‚
237 3089 255 3115 fi
264 3089 316 3115 tale
326 3090 389 3126 quid
399 3090 563 3118 offendiffem
574 3093 600 3119 in
616 3092 710 3118 nostris
723 3111 732 3124 ,
749 3099 796 3119 aut
807 3092 862 3119 ulla
873 3093 957 3119 veteri
967 3092 1098 3119 editione.

142 3124 252 3152 interim
262 3134 315 3151 uno
324 3126 389 3154 stare
399 3126 468 3153 libro
480 3146 489 3159 ‚
507 3128 535 3153 Sc
546 3127 594 3155 tali
606 3127 713 3164 quidem
726 3147 735 3160 ,
749 3128 794 3164 qui
814 3134 946 3164 nunquam
961 3128 1033 3155 forte
1045 3128 1100 3155 fnit

141 3160 169 3188 in
183 3169 270 3187 rei-um
290 3168 382 3192 natura
392 3171 446 3191 non
455 3163 492 3193 est
501 3163 631 3193 nostrum.
652 3164 698 3194 vix
708 3165 792 3194 oculis
804 3164 869 3193 meis
881 3164 960 3193 credo
973 3184 982 3200 ,
1000 3164 1097 3193 nedum

139 3203 172 3226 tit
182 3196 281 3234 linguae
293 3195 394 3225 alienae.

1180 2271 1208 2296 4.
1228 2264 1273 2289 Sed
1286 2271 1379 2297 poenam
1398 2265 1502 2289 ambitur
1520 2273 1571 2289 eam
1581 2265 1714 2299 firman]
1734 2264 1881 2291 Lambinus
1899 2265 1965 2291 cit-it
1984 2264 2062 2291 codd.
2082 2265 2113 2292 in

1146 2299 1240 2335 quibus
1258 2301 1362 2325 ambitur
1371 2301 1505 2333 auferebat.
1527 2300 1566 2327 ita
1583 2300 1651 2327 uuili
1671 2304 1685 2328 'e
1698 2301 1803 2328 nostris.
1824 2302 1916 2338 itaque
1934 2300 2046 2328 sustineo
2065 2310 2110 2328 me

1146 2344 1205 2362 cum
1221 2336 1251 2361 P.
1263 2335 1399 2362 Mamurio.

1185 2380 1212 2405 5.
1231 2372 1495 2406 Judiczmpotcstatem,
1504 2374 1702 2406 perpetuandam,
1712 2374 1765 2406 legis
1775 2375 1928 2400 acerbitatem
1939 2394 1947 2407 ‚
1958 2373 2026 2408 dm]
2047 2373 2107 2400 1³21.

1146 2406 1197 2434 sec.
1217 2414 1352 2441 perpetuam
1361 2409 1483 2442 quandam
1492 2409 1544 2441 legis
1555 2411 1718 2441 acerbitatem,
1728 2410 1779 2440 &a

1181 2445 1209 2470 6.
1226 2447 1361 2470 maternus
1377 2453 1443 2470 amor
1460 2447 1491 2470 L.
1502 2447 1618 2470 Catilium
1631 2445 1796 2479 protulissem]
1826 2445 1988 2472 Gulielmius
2008 2444 2106 2471 mutari

1145 2479 1232 2506 voluit
1243 2480 1366 2507 ultimam
1382 2480 1408 2506 in
1417 2481 1551 2513 propuliffir
1561 2501 1570 2513 ‚
1580 2490 1614 2507 ex
1626 2482 1742 2518 Tiiring.
1753 2481 1924 2509 transsatione
1935 2484 1950 2508 n
1960 2481 2106 2517 pastoribus

1145 2515 1235 2542 dueta.
1257 2517 1337 2543 nostri
1348 2516 1415 2543 nihil
1429 2516 1571 2543 variabant.

1179 2560 1207 2587 7.
1227 2554 1330 2587 Depcfita
1348 2555 1416 2578 effin
1424 2553 1540 2586 senam]
1560 2554 1602 2580 Ita
1619 2561 1653 2580 ex
1664 2552 1774 2580 Suffrid'i
1794 2552 1909 2590 Turing.
1929 2551 2104 2581 Gulielmius.

1144 2589 1224 2615 nostri
1236 2596 1325 2616 tauien
1339 2588 1472 2615 adhaerent
1485 2589 1686 2624 vulgataepofita.

2146 672 2159 684 1

2135 1751 2153 1775 Ι)

1181 2624 1209 2651 8.
1231 2626 1290 2658 Qis
1301 2632 1380 2651 tamen
1390 2625 1516 2658 rufinum]
1538 2625 1714 2652 Recentiores
1725 2626 1840 2657 vestrum.
1860 2623 1904 2651 std
1914 2625 2029 2652 alterum
2039 2625 2076 2653 est
2085 2626 2103 2655 ἑ.
2137 2619 2142 2624 ’

1143 2660 1201 2688 mff.
1212 2661 1240 2688 Sc
1253 2669 1319 2687 vett.
1331 2660 1392 2686 edd.
1404 2660 1549 2686 Lambinus
1561 2661 1659 2692 voluit,
1669 2662 1721 2695 qui5
1729 2662 1824 2686 tandem
1832 2664 1947 2695 vestrum.

1177 2705 1208 2732 9.
1234 2701 1316 2723 Nonne
1324 2695 1395 2722 omnir
1412 2697 1448 2721 ille
1465 2703 1541 2722 tei-ror
1558 2697 1629 2722 omnis
1643 2716 1650 2728 ‚
1669 2696 1737 2731 dra]
1765 2697 1955 2724 posterioribus
1976 2696 2106 2725 editioni-

1142 2732 1189 2760 bus
1201 2732 1355 2760 exciderant
1365 2752 1373 2764 ‚
1384 2733 1455 2759 omnis
1464 2734 1502 2758 ille
1511 2740 1603 2766 terror5
1614 2732 1716 2768 reposui
1726 2742 1761 2759 ex
1772 2732 1830 2760 mss.
1839 2734 1867 2759 δε
1879 2734 1980 2762 vetuste
1990 2734 2025 2760 im
2029 2733 2103 2771 pres-

1142 2768 1184 2796 fis.

1181 2813 1222 2831 10.
1246 2808 1278 2831 Et
1288 2804 1439 2839 [isarnum]
1461 2804 1543 2831 Liber
1553 2803 1710 2839 Busbequii,
1721 2806 1850 2839 ubififur.
1862 2805 1919 2832 Pal.
1931 2815 1971 2842 pr.
1982 2807 2011 2837 ὠν·
2019 2806 2107 2841 quiesi

1132 2841 1188 2873 sur.
1200 2840 1425 2877 emendatumque
1434 2841 1461 2868 iii
1473 2841 1758 2877 quiiita,q1.ias:ai·0rm‚
1768 2841 1865 2869 omiffis
1877 2842 1941 2877 <ly-fi,
1953 2842 2023 2879 quod
2035 2842 2102 2870 ferri

1141 2875 1213 2904 forte
1224 2877 1313 2914 poffit.

1179 2922 1188 2940 x
1198 2922 1219 2939 i.
1239 2917 1272 2940 Da
1282 2922 1316 2939 me
1326 2913 1420 2947 aliquid
1434 2916 1457 2946 ip
1467 2923 1480 2938 ο
1492 2933 1499 2943 ,
1518 2915 1559 2947 qui
1569 2913 1693 2948 antistius
1701 2913 1794 2948 eram]
1816 2914 1911 2941 Gratia
1921 2913 2101 2949 Zinzei'lingo

1160 2949 1186 2975 ui
1206 2951 1312 2986 propius
1331 2949 1447 2984 inspexit
1464 2948 1582 2976 codicem
1593 2950 1770 2986 Turingicum
1783 2969 1791 2982 ,
1810 2950 1928 2986 hancque
1947 2950 2008 2977 {nde
2028 2952 2100 2977 eruit

1151 2987 1294 3021 cripturam
1308 2986 1419 3011 mininie
1438 2985 1612 3012 tenebrolLim.
1633 2986 1706 3022 prius
1716 2986 1788 3012 enirn
1799 2986 1955 3013 habebamus
1968 3006 1976 3017 ‚
1995 2987 2101 3020 aliquid,

1139 3022 1170 3052 ὠ·
1178 3023 1206 3047 de
1214 3022 1260 3056 ilfi
1270 3024 1312 3056 qui
1321 3021 1444 3054 accusatur
1455 3024 1506 3053 eff,-
1527 3023 1587 3048 cum
1598 3022 1706 3049 interim
1727 3022 1810 3048 nihilo
1822 3023 1916 3050 melius
1935 3021 1993 3048 mss.
2004 3024 2099 3056 nosti-i,

1139 3059 1234 3092 aliqm'd
1244 3077 1251 3089 ,
1263 3058 1289 3083 de
1297 3058 1342 3090 ipfii
1352 3060 1392 3091 qul
1402 3058 1528 3091 accusatus
1537 3065 1599 3084 erat.
1618 3058 1645 3085 iri
1656 3068 1709 3094 quo
1720 3059 1787 3085 inire
1799 3058 1822 3086 se
1835 3059 1909 3086 torsst
1921 3058 2097 3090 Gulielmius,

1139 3092 1202 3120 dum
1213 3092 1336 3128 indulget
1348 3091 1520 3126 coiihieCYuris.

1179 3137 1223 3156 η.
1243 3132 1306 3162 Cogit
1316 3131 1406 3154 animos
1418 3131 1545 3165 mentesque
1555 3131 1713 3166 converrere]
1726 3130 1852 3158 Claiisula
1864 3130 1948 3157 iiihaec
1958 3129 1992 3157 est
2002 3129 2034 3156 αἱ,
2046 3130 2097 3156 Ei·-

1118 3179 1120 3185 1
1139 3164 1212 3191 fiird.
1222 3165 1295 3201 prius
1306 3164 1377 3191 enim
1389 3164 1503 3204 vulgati,
1514 3171 1580 3200 cogit,
1593 3168 1690 3199 muniis,
1702 3168 1797 3194 ceteris
1809 3166 1932 3193 exclusis.

1175 3208 1206 3237 13
1214 3220 1220 3227 .
1238 3204 1322 3236 stupro
1331 3201 1385 3230 eade
1393 3202 1542 3238 versatum]
1563 3203 1726 3267 {ikriggicus
1739 3203 1930 3236 vehementius,
1937 3202 2102 3268 gr4,{satiz2'

2003 3246 2012 3264 ι
2020 3257 2026 3263 .

2146 673 2191 703 ι-’ἒ
