2295 3400
203 142 300 195 242
635 126 1132 179 M.Ttr1.r..1‘1

203 221 244 250 ita
253 216 350 250 dixiff
347 227 361 249 e
372 237 380 252 ,
401 216 434 248 ὃς
443 218 500 247 hoc
511 235 519 250 ‚
539 223 624 246 vetus
633 213 769 246 edietum
781 235 790 249 ,
814 213 1081 254 translatitiumque
1091 209 1159 242 effe.

144 260 188 294 45
207 261 381 303 Cognoscite
392 258 471 289 aliud
482 259 616 287 hominis
634 258 665 286 in
677 266 706 287 re
717 265 814 286 vetere
824 254 958 285 edietum
970 263 1103 284 novum:
1129 254 1162 284 δε

204 301 290 333 simul
304 323 312 336 ‚
332 301 404 331 dum
417 299 458 330 est
469 299 602 337 undejus
612 298 702 328 civile
712 297 838 327 discatur
849 316 857 330 ,
869 295 1082 327 adolescente'is
1093 296 1120 325 ei
1133 295 1162 324 in

203 344 271 384 dtfii
291 344 380 372 (iiiam
399 341 512 371 tradite.
536 341 648 369 mirum
668 338 710 369 cst
728 340 864 369 hominis
883 339 1060 379 ingenium:
1084 338 1162 366 mira

202 353 367 426 prudentia.
414 382 568 412 Minucius
589 380 710 422 quidam
730 400 738 414 ,
763 388 900 410 mortuus
920 378 963 409 est
982 387 1049 409 ante
1070 377 1160 408 istum

203 435 371 467 praetorem.
401 425 463 463 ejus
482 422 693 452 testamentum
711 430 771 452 enit
781 421 900 451 nullum
934 421 997 461 lege
1014 419 1160 450 hereditas

1212 126 1742 176 Cr-ci‘zno‘urs

1207 209 1288 242 ceffit
1297 231 1305 246 ‚
1316 210 1399 253 quod
1409 210 1464 242 iste
1474 212 1558 244 aliter
1569 228 1579 246 1
1588 221 1674 254 atque
1686 221 1718 243 ut
1728 211 1877 247 edixerat,
1889 207 2072 244 decrevisset.
2081 206 2172 257 quod*

1207 263 1260 282 vos
1272 253 1383 283 oblitos
1393 252 1450 283 esse
1459 264 1523 284 non
1533 255 1659 284 arbitror
1667 274 1675 288 ,
1697 264 1762 295 quae
1775 255 1939 284 multitudo
1949 274 1958 288 ,
1978 257 2030 296 qui
2042 256 2116 286 ordo
2125 257 2162 290 ad

1181 299 1183 312 ¹
1205 295 1321 325 Pisonis
1332 295 1433 325 sellam
1444 294 1501 325 isto
1512 304 1634 335 praetore
1654 296 1756 326 solitus
1767 294 1800 325 sit
1809 298 1980 326 convenire.
2006 306 2098 337 quem
2108 297 2162 330 iste

1204 337 1351 377 collegam
1370 335 1425 366 nisi
1437 336 1581 366 habuisset
1591 356 1599 370 ,
1620 337 1769 377 lapidibus
1780 346 1938 376 coopertus
1956 335 2025 367 esset
2043 340 2073 367 in
2083 337 2163 370 foro⁴

1178 409 1179 415 χ
1204 377 1251 408 scd
1262 387 1298 407 eo
1310 378 1437 408 leviores
1447 377 1532 407 istius
1542 380 1658 416 injuriae
1668 378 1854 412 videbantur,
1868 377 1949 418 quod
1961 380 2062 409 eratin
2073 389 2095 409 ae
2119 381 2167 409 ui-

1178 420 1179 450 l
1207 419 1492 459 tate,prudentiaque
1504 420 1620 449 Pisonis
1626 419 1833 460 paratiffimum
1840 420 2003 461 perfugium
2012 431 2022 447 .·
2034 430 2094 461 quo
2125 431 2167 452 ne

205 468 239 498 ad
259 475 378 508 gentem
392 466 559 494 Minuciam
570 463 716 494 veniebat.
738 465 767 493 Si
784 460 932 492 habuiss'et
941 462 995 492 iste
1013 461 1159 494 edffilum,
1178 468 1179 491 1
1204 461 1304 490 labore
1314 480 1321 493 ‚
1335 458 1396 489 sine
1405 459 1543 490 molestia
1553 481 1561 494 ,
1573 460 1633 491 fine
1643 461 1786 501 impensa,
1798 471 1889 491 etiam
1901 460 1960 491 sine
1970 472 2095 501 patrono
2107 463 2166 492 ho-

204 509 285 550 quod
297 517 362 538 ante
371 506 462 536 istum
475 526 481 539 ‚
496 506 528 535 &
539 504 638 545 postea
650 514 757 534 omnes
766 505 942 537 habuerunt,
953 502 1088 543 poss'effio
1099 505 1160 532 Mi-
1178 495 1180 523 l
1204 503 1306 531 mines
1317 510 1480 531 uterentur.
1505 505 1585 532 Nam
1598 522 1607 535 ,
1627 503 1726 548 quaeso
1737 502 1829 532 redite
1840 504 1873 532 in
1892 505 2074 533 memoriam
2086 523 2094 537 ‚
2115 504 2166 544 ju-

203 552 299 580 nuciae
318 550 400 590 genti
411 546 482 578 ess'et
501 546 576 577 data.
601 549 707 588 Siquis
727 545 904 577 testamento
915 546 943 575 se
952 545 1093 575 heredem
1103 542 1162 573 ess‘e

204 642 294 663 tatem
306 653 314 665 ,
336 640 384 662 aut
395 652 403 664 ‚
424 641 477 670 pro
488 630 584 670 praede
595 631 655 659 litis
666 629 865 660 vindiciarum
875 638 947 658 cuin
959 629 1024 658 satis
1034 627 1161 665 accepis—

204 675 263 707 set,
284 671 473 713 sponsionem
494 670 608 702 faceret.
634 674 672 701 ita
689 671 725 701 de
745 671 906 700 hereditate
924 678 1052 699 certaret.
1081 671 1159 700 Hoc,

204 718 314 755 opinor
325 734 333 748 ‚
350 714 414 754 jure
426 734 434 747 ‚
447 714 479 744 &
490 714 618 753 majores
630 712 720 743 nostri
735 732 742 745 ‚
756 713 788 742 <Sc
800 722 855 742 nos
868 712 982 750 semper
993 709 1035 739 usi
1051 710 1159 740 sumus.

204 757 329 789 Videte,
348 765 380 786 ut
390 754 510 785 hociste
527 757 695 784 correxerit.
721 755 886 793 Componit
895 752 1029 782 edistum
1041 753 1076 780 iis
1096 760 1162 780 vcr-
1182 752 1183 760 ¹

203 798 250 829 bis
261 818 269 832 ,
281 807 312 828 ut
322 799 420 838 quivis
431 796 596 837 intelligere
608 794 694 836 poffit
705 815 712 828 ‚
726 796 808 824 nnius
819 795 932 824 hominis
941 794 1023 831 ιαμβι
1032 793 1162 822 conscri-

203 849 290 881 prum
301 839 369 868 ess'e.
394 847 511 868 tautum
523 836 606 879 quod
619 839 778 867 hominem
792 847 854 866 non
866 838 1003 865 nominat
1017 845 1022 862 :
1045 834 1161 863 causam

204 881 328 922 quidem
339 889 433 911 totam
453 879 605 920 perscribit
619 890 624 908 ς
638 881 688 918 jus
699 900 706 911 ‚
726 877 946 917 confitemdinem
958 897 965 909 ‚
987 876 1157 916 equitarem,

204 921 296 952 edic‘ia
314 923 456 952 omniurn
476 922 608 962 negligit.
641 922 706 949 EX
723 922 748 948 E
760 920 907 948 DICTO
929 921 958 946 U
971 921 994 946 R
1007 919 1114 946 ΒΑΝ
1125 920 1159 945 O.

204 965 252 994 SI
283 966 346 993 DE
372 961 713 992 'HEREDITATE
743 961 1046 989 AMBIGITUR
1070 979 1078 991 ‚
1104 959 1164 988 ET

205 1006 471 1036 POSSESSOR
494 1003 827 1033 SPONSIONEM
845 1003 948 1031 NON
966 1002 1160 1029 F-ACIET.

200 1049 270 1090 Jam
281 1046 352 1088 quid
363 1047 393 1076 id
404 1046 437 1076 ad
447 1054 614 1085 praetorem‚
627 1053 690 1074 uter
700 1042 841 1083 poss'essbr
850 1041 884 1073 sit
893 1045 904 1072 ?
914 1052 1018 1072 nonne
1029 1041 1059 1071 id
1070 1042 1162 1082 quaeri

204 1098 321 1129 oportet
337 1108 344 1121 ,
367 1097 465 1117 utrum
476 1084 665 1126 possessorem
680 1084 737 1115 effe
754 1088 906 1125 oporteat?
929 1087 1007 1125 Ergo
1017 1085 1085 1124 quia
1094 1083 1162 1122 pos-

204 1129 294 1161 sessor
303 1129 345 1159 est
355 1149 362 1163 ‚
387 1139 451 1158 non
470 1138 576 1157 moves
598 1125 773 1167 poss'essione
785 1137 790 1155 ε
816 1125 836 1156 si
854 1125 932 1165 posse
938 1124 994 1154 {sor
1004 1135 1068 1154 non
1078 1123 1159 1157 effer,

204 1182 268 1202 non
280 1171 370 1202 dares.
384 1170 528 1210 nusquam
540 1171 624 1198 enim
636 1168 747 1201 scribis,
760 1178 855 1209 neque
866 1177 896 1197 tu
906 1166 986 1197 aliud
998 1168 1159 1207 quicquam

203 1212 305 1243 εάὶξὶο
324 1210 511 1251 amplesteiis
522 1231 530 1244 ,
552 1209 606 1240 nisi
623 1220 688 1240 eam
700 1210 816 1240 causam
829 1230 836 1243 ‚
857 1219 910 1248 pro
929 1218 984 1249 qua
1002 1210 1161 1247 pecuniam

203 1263 363 1294 acceperas.
383 1255 451 1296 Jam
470 1254 528 1282 lioc
545 1251 707 1281 ridiculum
719 1251 769 1281 est.
794 1252 814 1280 S
823 1253 841 1280 I
863 1252 892 1278 D
904 1253 927 1279 E
950 1251 980 1278 H
989 1252 1011 1278 E
1022 1253 1047 1278 R
1057 1252 1081 1279 E
1092 1251 1121 1277 D
1131 1251 1163 1277 I-

203 1297 338 1324 TtATE
369 1295 683 1324 AMBIGETvR
704 1313 712 1326 ,
746 1293 807 1322 ET
825 1293 1058 1321 TABULAE
1090 1291 1162 1319 TE-

203 1337 484 1368 STAMENTI
513 1335 835 1364 OBSIGNATeAE
866 1335 969 1361 NON
991 1331 1161 1362 MINUS

206 1378 408 1408 „MULTIS
431 1377 620 1409 SIGNIS,
639 1376 803 1416 QtAM
824 1377 848 1404 Ε
871 1376 1000 1404 LEGE
1023 1376 1163 1402 OPOR-

207 1421 362 1453 TEAT,
381 1421 460 1447 AD
483 1420 553 1447 ME
577 1417 965 1446 PROFERENTUR:
988 1416 1162 1445 SEch-

206 1462 328 1490 DUM
356 1459 603 1489 TABULAS
635 1458 978 1488 TESTAMENTI
1008 1456 1163 1485 POTIS-

204 1503 226 1533 S
239 1504 384 1532 [MvM
404 1501 790 1532 HEREDITATEM
811 1501 961 1528 D-ABO.
992 1500 1165 1527 Hoctrans-

207 1545 338 1575 latitium
349 1543 407 1573 est:
428 1544 511 1584 sequi
530 1542 605 1572 illud
617 1550 735 1582 oportet
744 1562 752 1575 ‚
776 1542 797 1571 S
806 1544 824 1570 I
844 1542 912 1569 ΤΛ
923 1542 980 1569 Bv
990 1542 1015 1569 L
1024 1541 1077 1568 2AE
1094 1540 1166 1568 TE-

205 1586 485 1616 «YTAMENTI
526 1586 630 1613 NON
669 1583 1044 1613 PROFERENTvR.
1083 1579 1164 1621 Qd

205 1629 265 1658 ait?
287 1628 314 1657 se
336 1629 363 1657 ei
383 1626 520 1657 daturum
533 1646 540 1659 ‚
561 1625 741 1666 quisedicat
759 1624 899 1654 heredem
911 1621 978 1653 effe.
1004 1621 1085 1661 Qud
1096 1631 1164 1663 ergo

205 1668 330 1699 interest
338 1689 346 1702 ‚
356 1667 544 1708 proferantur
554 1687 562 1701 ,
579 1677 673 1697 necne
685 1669 695 1696 ?
712 1665 731 1695 si
741 1665 898 1706 protulerit
909 1676 914 1694 :
927 1674 989 1694 uno
1001 1663 1081 1705 siguo
1092 1672 1124 1693 ut
1134 1662 1167 1693 fit

206 1712 330 1743 minus,
351 1709 441 1750 quam
460 1719 498 1738 ex
517 1710 579 1749 lege
590 1716 725 1748 oportet,
749 1717 813 1737 non
830 1706 881 1736 des
890 1704 1112 1746 posseffionem.
1135 1707 1166 1735 Si

208 1753 340 1782 omnino
359 1751 471 1781 tabulas
490 1761 553 1780 non
571 1749 701 1789 proferet
713 1769 721 1782 ‚
746 1749 838 1779 dabis.
862 1748 943 1789 Qid
955 1757 1036 1777 nunc
1055 1747 1166 1776 dicam?

210 1795 368 1823 neminem
387 1802 531 1833 umquam
549 1790 650 1831 postea
663 1791 756 1820 alium
777 1788 922 1820 edixiss'e?
946 1793 955 1808 ¹
968 1789 1052 1819 valde
1063 1787 1096 1818 sit
1106 1790 1165 1817 mi-

208 1844 287 1868 rum,
299 1836 456 1864 neminem
467 1832 565 1866 fuisse,
576 1835 627 1874 qui
638 1832 723 1862 istius
735 1832 762 1862 se
773 1830 902 1861 similem
913 1831 971 1861 dici
982 1830 1083 1860 vellet.
1099 1830 1166 1869 Ipse

206 1878 240 1906 in
251 1873 396 1906 Siciliensi
406 1874 505 1905 edisio
516 1876 574 1904 hoc
586 1884 649 1904 non
662 1873 750 1903 habet
763 1881 912 1913 :exegerat
921 1873 1073 1912 enimjam
1086 1881 1165 1901 mer-

206 1917 323 1947 cedem.
346 1920 424 1947 Item
437 1917 533 1946 utillo
544 1915 644 1946 edisio
656 1935 664 1949 ,
679 1915 715 1945 de
726 1925 788 1955 quo
799 1924 866 1944 ante
875 1914 939 1944 dixi
952 1933 961 1947 ‚
974 1915 1005 1943 in
1016 1914 1116 1943 Sicilia
1128 1912 1163 1942 de

209 1958 408 1989 hereditatum
419 1956 644 1999 poss'effionibus
656 1956 771 1989 dandis,
785 1956 881 1995 edixit
891 1955 971 1985 idem
984 1976 992 1988 ‚
1005 1954 1087 1995 quod
1097 1963 1164 1983 om*

208 2010 261 2030 nes
272 1999 612 2040 Romae2praeteristum.
628 2001 697 2028 EX
713 2000 737 2027 Ε
749 2000 803 2026 DI
814 1996 895 2026 δῖ’-0
917 1998 1047 2026 SICIL
1058 1999 1075 2024 I
1085 1998 1109 2025 E
1119 1998 1165 2024 N-

211 2043 268 2073 δῖ.
307 2042 352 2072 SI
382 2044 448 2071 DE
481 2041 822 2070 HEREDITATE
851 2039 1185 2078 AMBIGITUR...

147 2095 163 2126 Δ,
172 2084 191 2116 6
211 2086 248 2114 At
259 2104 267 2118 ‚
280 2093 331 2123 per
341 2083 415 2113 deos
426 2083 614 2113 immortales
624 2102 634 2115 ,
644 2081 718 2122 quid
728 2080 769 2111 est
777 2101 785 2114 ‚
797 2081 878 2121 quod
889 2081 924 2110 de
935 2082 992 2111 hoc
1000 2078 1166 2119 dicipoffit?

210 2128 323 2156 Iterum
334 2126 418 2155 enim
426 2135 488 2164 jam
499 2134 599 2165 quaero
610 2124 660 2153 abs
671 2121 784 2157 te‚s1cut
793 2122 888 2152 modo
900 2123 931 2151 in
944 2122 997 2151 illo
1005 2123 1164 2161 capiteAn-

208 2169 300 2197 niano
319 2166 354 2196 de
367 2167 530 2196 mulierum
543 2164 753 2196 hereditatibus
766 2175 775 2198 3
796 2165 920 2193 nuncin
930 2164 988 2192 hoc
999 2163 1035 2192 de
1046 2162 1166 2192 heredi-

208 2217 302 2238 tatum
313 2205 540 2247 posi'cffionibus
558 2218 563 2235 z
588 2216 640 2236 cur
649 2216 681 2236 ea
690 2207 783 2245 capita
792 2207 824 2234 in
835 2204 971 2234 edi-stum
983 2203 1165 2243 provinciale

208 2249 365 2279 transferre
384 2249 526 2278 nolueris.
550 2251 661 2278 Utrum
680 2247 832 2287 digniores
850 2247 992 2275 homines
1011 2244 1165 2274 existima-

210 2290 245 2321 sti
255 2300 306 2320 eos
318 2311 325 2324 ‚
346 2292 398 2331 qui
409 2290 578 2320 habitabant
588 2291 618 2319 in
631 2290 786 2328 provincia
796 2307 803 2321 ,
814 2286 905 2328 quam
916 2296 972 2316 nos
983 2305 991 2318 ,
1015 2288 1065 2326 qui
1077 2296 1164 2326 :equo

206 2333 272 2372 jure
284 2335 453 2362 uteremur?
475 2334 532 2360 -Aai
541 2330 624 2359 aliud
633 2333 722 2359 Roma
732 2339 838 2370 aeqrmm
848 2327 892 2357 εἶτ’
901 2348 909 2361 ,
921 2327 1001 2356 aliud
1010 2338 1037 2356 m
1048 2327 1164 2357 Sicilia?

211 2377 286 2404 Non
296 2375 379 2403 enim
392 2374 448 2403 hoc
457 2372 554 2413 potest
564 2374 596 2401 in
608 2372 676 2401 loco
687 2371 745 2401 dici
760 2391 767 2404 ‚
789 2371 882 2400 multa
891 2368 991 2399 ess'ein
1002 2370 1164 2408 provinciis

209 2416 294 2445 aliter
303 2415 454 2445 edicenda:
466 2424 530 2444 non
539 2414 575 2443 de
585 2413 780 2443 hereditatum
791 2411 914 2452 quidem
926 2409 1161 2451 poss'cssionibus,

211 2466 275 2487 non
295 2456 331 2486 de
350 2456 512 2486 mulierum
527 2454 746 2485 hereditatibus.
772 2456 852 2483 Nam
868 2462 991 2493 utroque
1001 2461 1107 2493 genere
1118 2453 1164 2481 vi-

212 2498 270 2528 deo
282 2508 344 2528 non
354 2497 448 2527 modo
459 2507 571 2527 ceteros
583 2517 590 2531 ,
604 2496 651 2526 fied
661 2505 688 2526 te
700 2496 797 2535 ipsum
809 2495 935 2525 totidem
947 2495 1044 2524 verbis
1055 2493 1166 2523 edixis-

212 2540 240 2570 se
251 2559 258 2573 ‚
271 2549 344 2579 quot
354 2540 451 2569 verbis
461 2539 537 2569 edici
548 2541 656 2569 Rornae
667 2538 749 2568 solet.
773 2539 847 2578 Qu:
857 2539 966 2566 Romae
979 2545 1084 2576 magna
1093 2544 1163 2564 cum

211 2580 338 2612 infamia
348 2600 355 2613 ,
371 2582 459 2622 pretio
477 2592 506 2609 αι
513 2588 584 2622 cepto
597 2601 605 2612 ,
628 2580 760 2610 edixeras
771 2599 779 2612 ‚
798 2589 831 2608 ea
842 2578 938 2608 solute
951 2597 959 2612 ,
981 2587 1018 2606 ne
1028 2578 1122 2617 gravis
1134 2578 1165 2605 in

211 2624 366 2662 provincia
377 2622 453 2652 male
465 2622 591 2655 audires,
602 2631 639 2651 ex
648 2620 747 2651 edisio
757 2618 901 2650 Siciliensi
913 2618 1056 2649 sustulisse
1066 2618 1162 2648 video.

216 2666 253 2694 Et
263 2684 270 2696 ‚
282 2663 353 2694 cum
363 2663 496 2693 edietum
509 2672 606 2693 totum
616 2673 721 2693 eorum
733 2662 879 2695 arbitratu,
892 2659 1036 2701 quamdiu
1048 2658 1105 2689 fuit
1115 2659 1165 2689 de-

215 2704 340 2746 signatus
352 2725 360 2738 ‚
380 2713 594 2745 componeret,
615 2706 665 2755 qui
676 2705 712 2734 ab
730 2703 785 2733 isto
805 2704 848 2740 jus
859 2702 893 2733 ad
905 2703 1064 2732 utilitatem
1083 2701 1166 2730 suam

213 2746 451 2776 nuiidinarcntur
470 2758 475 2775 :
499 2755 563 2776 tum
574 2757 646 2776 vero
666 2748 697 2775 in
708 2744 877 2787 magistratu
897 2752 999 2773 contra
1019 2741 1093 2772 illud
1104 2742 1167 2771 edi-

217 2786 300 2817 &um
319 2788 405 2817 suum
420 2788 476 2827 sirie
497 2790 554 2817 ulla
573 2788 701 2828 religione
719 2786 902 2816 decernebat.
934 2787 1035 2825 Itaque
1054 2786 1088 2813 L.
1100 2784 1166 2814 Piso

217 2829 329 2860 multos
339 2829 456 2860 codices
466 2830 606 2870 implevit
615 2838 716 2860 earum
727 2837 826 2858 rerum
836 2847 845 2862 ‚
866 2829 898 2857 in
907 2826 1017 2868 quibus
1028 2827 1066 2856 ita
1075 2827 1167 2855 inter-

256 3008 278 3026 i.
299 3000 366 3025 balde
378 3001 411 3033 stt
429 3000 538 3033 mirum]
554 2999 596 3024 Sic
606 2999 671 3025 Pau.
684 3001 710 3025 8<
722 2999 786 3025 olim
799 2998 922 3034 impressi.
942 2998 1101 3024 Gulielmius
1113 3008 1165 3025 non

219 3034 305 3070 int-pte
316 3035 517 3060 contro-'erliam
529 3035 606 3061 status
617 3035 736 3061 movebat
747 3034 900 3070 l'yllubaefit,
911 3042 1031 3069 tunquam
1044 3035 1144 3070 spurioe.

255 3080 282 3095 2.
303 3073 329 3095 In
338 3071 373 3096 his
382 3073 442 3104 ficit
453 3071 524 3103 finum
533 3072 665 3105 libertum]
677 3071 838 3097 Gulielmius
849 3070 955 3106 putabat
964 3070 1046 3096 deleri
1057 3070 1125 3106 posse
1136 3070 1170 3096 'il-

222 3105 265 3133 lud
273 3108 329 3139 jecit
341 3125 348 3136 .
359 3115 405 3131 ccu
415 3105 565 3141 glossulam.

1179 537 1181 587 ξ
1203 543 1282 572 dices
1293 562 1301 575 ,
1329 553 1394 583 quae
1404 542 1489 572 libido
1500 543 1583 574 istius
1593 546 1626 573 in
1648 554 1709 581 jure
1720 543 1852 574 dicundo
1862 543 1952 574 fuerit
1964 565 1972 577 ,
1992 555 2058 585 quae
2068 555 2167 574 varie-

202 591 389 622 arbitraretur
399 610 407 623 ‚
419 589 501 630 quod
512 597 576 618 tum
589 598 654 618 non
663 586 788 618 exstaret
799 608 807 621 ‚
818 588 881 629 lege
893 596 988 635 ageret
1002 589 1033 616 in
1044 585 1161 616 heredi·
1180 596 1182 630 ξ

1206 592 1249 612 tas
1259 584 1447 614 decretorum
1460 604 1468 618 ‚
1491 595 1556 625 quae
1569 584 1735 614 nundinatio
1744 605 1752 619 ‚
1772 584 1864 626 quam
1878 587 1982 616 inanes
1993 587 2102 616 domus
2111 596 2165 616 eo-

1205 635 1273 655 rum
1284 628 1427 656 omnium
1439 646 1447 659 ‚
1466 629 1518 666 qui
1529 626 1566 656 de
1575 628 1640 665 jure
1650 627 1733 657 civili
1743 627 1861 656 consuli
1872 627 1970 657 solent
1981 638 1986 656 z
1999 627 2091 668 quarn
2100 628 2164 668 ple-

1181 685 1183 709 ἱ
1204 677 1241 696 na
1252 686 1260 699 ‚
1272 675 1358 707 atque
1369 667 1472 697 referta
1484 668 1633 697 Chelidonis
1642 679 1652 695 :
1663 667 1678 698 a
1687 678 1744 708 qua
1755 669 1881 698 muliere
1891 667 1963 698 curn
1980 678 2038 699 erat
2047 669 2081 699 ad
2091 678 2166 699 eum

1203 716 1330 738 ventum
1341 729 1349 742 ‚
1374 709 1407 739 ὅ(
1425 711 1458 739 in
1467 719 1569 739 aurem
1588 710 1652 749 ejus
1664 710 1879 740 insusurratum
1890 729 1899 743 ‚
1922 710 1995 739 alias
2013 710 2167 741 revocabat

1205 751 1350 782 eos,inter
1359 760 1435 790 quos
1443 752 1454 790 j
1458 761 1506 781 am
1518 751 1696 784 decreverat,
1708 751 1921 792 decretumque
1932 752 2079 782 mutabat:
2091 746 2166 781 alias

1204 792 1282 820 inter
1298 791 1373 821 alios
1393 801 1576 822 contrarium
1596 791 1655 822 sine
1675 793 1735 822 ulla
1753 793 1900 833 religione
1919 793 2094 823 decernebat
2105 813 2114 826 ,
2134 802 2168 824 ac

1203 834 1354 872 proximis
1372 834 1472 873 paullo
1491 833 1558 863 ante
1570 834 1747 864 decreverat.
1772 836 1854 864 Hinc
1864 835 1910 864 illi
1921 835 2062 864 homines
2073 843 2170 869 erant,

1204 875 1255 914 qui
1268 876 1356 904 etiarn
1375 875 1487 904 ridiculi
1498 876 1726 905 inveniebantur
1737 886 1771 904 ex
1781 873 1877 904 dolore'.
1900 885 2031 917 quorum
2040 876 2092 906 alii
2104 898 2112 910 ,
2132 885 2167 906 ut:

1204 914 1326 945 audistis
1345 935 1353 949 ,
1378 917 1524 958 negabant
1554 919 1746 946 MIRAN
1757 918 1875 947 DvM
1903 918 2018 947 ESSE
2036 938 2045 951 ,
2074 917 2169 956 va

1207 958 1325 987 TAM
1346 958 1583 998 NEQAM
1603 959 1716 989 ESSE
1739 960 2033 988 VERRINUM:
2055 960 2106 989 alii
2122 967 2166 988 et·-

1207 1000 1267 1028 iam
1279 998 1450 1040 frigidiores
1460 1009 1541 1030 erant
1554 1011 1559 1029 :
1580 1000 1628 1030 sed
1639 1020 1647 1034 ,
1671 1002 1739 1041 quia
1751 999 2007 1030 stomachabantur
2017 1020 2025 1033 ‚
2046 1000 2168 1030 ridiculi

1206 1040 1385 1070 videbantur
1402 1040 1459 1070 ess'e
1469 1061 1477 1074 ‚
1497 1040 1568 1071 cum
1590 1043 1778 1071 Sacerdotem
1798 1042 2024 1072 exsecrabantur
2034 1062 2042 1074 ‚
2068 1042 2136 1082 Q)
2147 1043 2168 1070 l

1209 1083 1420 1112 VERREM
1437 1084 1539 1112 TAM
1556 1083 1794 1123 »τεῳ-ΑΜ
1809 1083 2162 1122 RELJQJSSET.

1207 1125 1281 1162 Qae
1300 1133 1354 1164 ego
1372 1133 1436 1153 non
1445 1134 1718 1154 commemorarem
1737 1126 1845 1164 (neque
1863 1127 1946 1154 enim
1964 1123 2109 1164 perfacete
2118 1123 2169 1154 di-

1208 1164 1252 1193 &a
1265 1184 1272 1197 ‚
1296 1174 1391 1204 neque
1410 1164 1500 1204 porro
1519 1166 1571 1195 hac
1582 1166 1746 1195 serveritatc
1757 1165 1846 1206 digna
1857 1167 1934 1206 sunt)
1955 1165 2010 1195 nisi
2024 1176 2077 1196 vos
2088 1164 2164 1196 illud

1205 1205 1316 1235 vellem
1334 1206 1479 1236 recordari
1492 1227 1500 1239 ‚
1520 1206 1603 1236 istiu‘s
1616 1209 1780 1246 nequitiam
1792 1209 2025 1247 &iniquitatem
2046 1214 2110 1237 tum
2129 1207 2162 1236 in

1206 1257 1256 1276 ore
1267 1247 1349 1288 vulgi
1363 1267 1370 1281 ‚
1390 1256 1476 1288 atque
1486 1249 1519 1277 in
1530 1248 1746 1278 communibus
1756 1249 1921 1287 proverbiis
1940 1247 1998 1278 esse
2009 1249 2159 1278 versatam.

1207 1291 1243 1318 Iri
1260 1289 1379 1327 plebem
1390 1299 1462 1318 vero
1472 1291 1645 1319 Romanam
1663 1298 1763 1319 utrum
1776 1289 1937 1330 snperbiam
1945 1289 2027 1329 prius
2039 1299 2160 1319 merno-
2179 1293 2224 1327 47

1207 1339 1269 1359 rem
1281 1350 1289 1362 ,
1301 1340 1338 1359 an
1351 1330 1545 1359 crudelitatem
1557 1335 1567 1360 ἓ
1585 1329 1644 1360 fine
1655 1331 1748 1361 dubio
1757 1332 1913 1361 crudelitas
1923 1333 2038 1370 gravior.
2048 1331 2090 1360 est
2098 1351 2107 1364 ‚
2118 1340 2164 1361 at-

1206 1382 1264 1412 que
1274 1374 1408 1401 atrocior.
1433 1372 1589 1402 Oblitosne
1606 1374 1695 1414 igitur
1706 1374 1760 1402 bos
1770 1382 1878 1412 putatis
1897 1371 1954 1402 esse
1963 1372 2164 1413 quemadmo-

1206 1415 1279 1442 dum
1299 1411 1333 1442 sit
1351 1412 1404 1443 iste
1425 1414 1529 1443 solitus
1550 1416 1638 1455 virgis
1660 1414 1781 1453 plebem
1801 1417 1972 1444 Romanam
1993 1414 2165 1444 concidere?

1205 1464 1295 1495 quam
1314 1465 1378 1484 rem
1395 1457 1485 1485 etiam
1506 1455 1642 1486 tribunus
1660 1455 1754 1495 plebis
1774 1457 1807 1485 in
1825 1457 1972 1485 concione
1990 1465 2067 1497 egit,
2093 1454 2167 1485 cum
2204 1461 2208 1463 “

1207 1506 1276 1525 eum
1297 1516 1305 1530 ‚
1329 1506 1420 1537 quem
1440 1499 1531 1537 virgis
1550 1497 1602 1527 iste
1613 1496 1758 1527 ceciderat
1776 1517 1784 1529 ‚
1811 1499 1843 1526 in
1854 1496 2042 1536 pi⁴ospe6ium
2061 1497 2167 1536 populi

1207 1540 1300 1568 Rom.
1320 1538 1472 1577 produxit.
1504 1540 1588 1577 cujus
1600 1541 1641 1567 rei
1652 1538 1865 1579 cognoscenda:
1885 1537 1992 1568 faciam
2005 1538 2093 1568 vobis
2112 1539 2167 1568 suo

1208 1588 1343 1618 tempore
1362 1579 1547 1619 potestatem.
1570 1578 1707 1620 Superbia
1724 1578 1797 1609 vero
1807 1590 1862 1620 qua
1872 1579 1977 1613 fuerit,
2003 1581 2068 1620 quis
2079 1581 2168 1620 igno-

1209 1624 1262 1650 rat?
1273 1620 1532 1661 quemadmodum
1544 1623 1568 1650 is
1583 1620 1788 1651 tenuiffimum
1799 1630 1949 1662 quemque
1959 1622 2165 1655 contemserit,

1208 1662 1375 1702 despexerit
1383 1682 1392 1696 ,
1405 1663 1534 1692 liberum
1545 1661 1602 1692 effe
1612 1673 1780 1703 numquam
1791 1663 1928 1692 duxerit?
1947 1666 1976 1693 P.
1989 1661 2165 1693 Trebonius

1209 1706 1290 1733 viros
1300 1704 1412 1737 bonos,
1426 1704 1459 1734 δε
1469 1703 1610 1734 honestos
1620 1706 1801 1744 complureis
1811 1704 1881 1734 fecit
1890 1704 2010 1734 heredes
2023 1714 2028 1732 :
2047 1707 2062 1723 ²
2073 1706 2105 1733 in
2115 1704 2166 1733 his

1209 1745 1280 1775 fecit
1292 1746 1381 1775 suum'
1390 1745 1608 1775 libertum.isA.
1616 1746 1805 1776 Trebonium
1817 1745 1937 1775 fratrem
1949 1745 2087 1775 habuerat
2096 1749 2167 1784 pr0-'

1210 1787 1361 1827 scriptum.
1385 1789 1412 1816 ei
1427 1786 1497 1817 curn
1508 1796 1627 1817 cautum
1639 1786 1861 1827 vellet‚scrips1t,
1873 1794 1907 1815 ut
1917 1786 2019 1815 heredes
2021 1788 2166 1825 jurarem,

1183 1849 1186 1877 ἶ
1210 1829 1238 1859 se
1248 1837 1400 1858 curaturos
1412 1848 1420 1862 ‚
1441 1837 1474 1858 ut
1484 1838 1522 1858 ex
1532 1829 1580 1858 sua
1588 1829 1730 1869 cujusque
1747 1838 1826 1868 parte
1835 1839 1873 1858 ne
1885 1830 1986 1858 minus
1997 1828 2168 1858 dimidium-

1209 1870 1244 1900 ad
1262 1873 1299 1900 A.
1312 1870 1503 1900 Trebonium
1521 1869 1643 1900 fratrem
1662 1871 1750 1899 illum
1768 1871 1967 1909 proscriptum
1983 1871 2164 1909 perveniret.·

1210 1912 1348 1941 Libertus
1354 1912 1432 1951 jurat
1451 1922 1456 1940 ε
1479 1913 1568 1942 ceteri
1578 1911 1697 1941 heredes
1707 1911 1817 1941 adeunt
1826 1911 1861 1941 ad
1874 1914 1999 1940 Verrem
2012 1931 2020 1944 ‚
2042 1911 2167 1944 docent,-

1211 1958 1275 1994 noir
1285 1960 1421 1993 oportere
1432 1954 1460 1983 se
1476 1955 1487 1992 j
1492 1963 1573 1983 urare
1582 1973 1590 1986 ,
1610 1952 1740 1983 fa8turos
1751 1952 1808 1983 effe
1818 1973 1827 1987 ,
1847 1952 1928 1993 quod
1939 1961 2040 1982 contra
2049 1954 2163 1993 Legem

1212 1996 1383 2025 Corneliam
1395 1994 1465 2024 efl'et
1476 2015 1485 2029 ‚
1503 2005 1568 2036 quae
1582 1995 1765 2037 profi-mptum
1774 1995 1879 2033 juvari
1888 2001 1978 2023 verat.
1992 1995 2165 2033 impet-rant,

1210 2037 1407 2076 ut'nejurent.
1427 2037 1475 2066 dat
1484 2037 1530 2066 his
1541 2035 1763 2076 poss‘effione'm
1786 2036 1819 2066 Id
1830 2046 1884 2077 ego
1893 2045 1958 2065 non
1967 2034 2167 2075 reprehendo>

1211 2081 1323 2119 etenim
1335 2087 1394 2108 erat
1404 2081 1563 2118 iniquum,
1582 2079 1704 2107 homini
1712 2077 1895 2116 proscripto,
1915 2079 2032 2116 egenti,
2057 2076 2094 2106 de
2103 2075 2162 2106 fra-
2208 2095 2211 2098 -

1211 2122 1301 2149 ternis
1311 2120 1401 2149 bonis
1412 2119 1577 2160 quidquam
1586 2119 1649 2149 dari
1663 2139 1671 2152 ‚
1685 2122 1697 2145 3
1710 2119 1742 2147 &
1752 2119 1803 2147 ille
1813 2118 1947 2151 libertus,
1961 2116 2016 2147 nisi
2026 2127 2064 2147 ex
2075 2116 2163 2148 testa-

1211 2170 1316 2191 mento
1325 2162 1441 2200 patroni
1450 2159 1569 2199 jurasset
1579 2180 1587 2193 ‚
1600 2158 1874 2199 scelussefarssurum
1883 2160 2080 2190 arbitrabatur.
2104 2162 2163 2189 Ita-

1209 2212 1267 2242 que
1276 2204 1303 2231 ei
1313 2205 1418 2231 Verres
1428 2199 1636 2240 posseffionem
1648 2201 1817 2230 hereditatis
1830 2209 1915 2242 negat
1924 2201 1952 2231 se
1962 2200 2110 2234 daturum,
2122 2209 2164 2230 ne

1207 2242 1302 2283 pofl'et
1312 2252 1470 2283 patronum
1491 2243 1577 2272 suurn
1588 2243 1785 2281 proscriptum
1793 2243 1894 2281 juvare
1915 2252 1921 2270 z
1944 2239 2031 2271 simul
2049 2250 2082 2272 ut
2091 2241 2162 2272 esset

1190 2298 1199 2309 ·
1207 2294 1306 2324 poena,
1318 2283 1402 2325 quod
1411 2284 1530 2314 alterius
1540 2286 1656 2323 patroni
1666 2283 1843 2313 testamento
1853 2282 2090 2323 obtemperasset.
2102 2286 2164 2313 Das

1209 2324 1418 2366 posseffionem
1430 2327 1470 2358 ei,
1480 2327 1531 2365 qui
1543 2335 1606 2355 non
1616 2326 1733 2364 juravit.
1756 2325 1891 2355 concedo
1904 2335 1909 2352 :
1922 2326 2095 2364 praetorium
2105 2323 2159 2355 est.

1210 2367 1317 2397 adimis
1329 2376 1360 2396 tu
1369 2369 1397 2396 ei
1409 2386 1417 2400 ‚
1437 2367 1627 2407 quijuravit?
1647 2377 1708 2407 quo
1718 2367 1883 2406 exemplo?
1905 2366 2102 2406 Proscriptum
2115 2366 2163 2403 ju-v

1208 2417 1264 2439 vat.
1295 2410 1359 2438 Lex
1370 2408 1411 2437 est
1423 2418 1427 2436 z
1439 2418 1526 2447 poena
1536 2407 1589 2438 est.
1612 2408 1683 2448 quid
1695 2407 1729 2438 ad
1740 2418 1810 2437 eum
1820 2410 1871 2449 qui
1881 2409 1926 2445 jus
1935 2407 2027 2440 dicit?
2051 2406 2164 2438 Utrum

1209 2450 1398 2490 reprehendis
1407 2470 1415 2483 ,
1427 2449 1509 2490 quod
1526 2458 1674 2491 patronum
1686 2449 1814 2488 juvabat
1823 2459 1893 2479 eum
1905 2469 1912 2482 ‚
1924 2451 1974 2490 qui
1984 2458 2049 2488 tum
2059 2450 2092 2478 in
2102 2450 2163 2478 mi-

1210 2493 1293 2522 seriis
1318 2501 1378 2522 erat
1401 2502 1406 2520 :
1437 2501 1475 2521 an
1502 2490 1584 2532 quod
1605 2493 1724 2521 alterius
1745 2493 1860 2531 patroni
1888 2493 2000 2520 mortui
2021 2491 2161 2520 volunta-

1213 2542 1273 2564 tem
1292 2534 1498 2566 conseryabat,
1521 2534 1606 2573 aquo
1625 2534 1780 2563 summum
1800 2531 1984 2562 beneficium
2002 2533 2160 2572 acceperat?

1210 2584 1311 2605 utrum
1330 2576 1439 2604 horum
1458 2574 1668 2614 reprehendis?
1690 2577 1726 2605 Et
1745 2575 1802 2604 hoc
1820 2583 1884 2604 tum
1895 2573 1931 2603 de
1941 2574 2010 2604 sella
2019 2575 2064 2603 vir
2082 2575 2162 2613 opti-

1211 2626 1278 2646 mus
1297 2616 1392 2650 dixit,
1417 2617 1519 2657 Equiti
1537 2618 1680 2646 Romano
1699 2636 1708 2650 2
1731 2624 1792 2646 tam
1810 2616 1950 2655 locupleti
1971 2635 1980 2648 ‚
2003 2615 2164 2644 libertinus

1211 2657 1250 2687 sit·
1261 2660 1357 2688 homo
1376 2659 1480 2688 heres?
1502 2660 1529 2687 O
1547 2657 1719 2687 modestum
1738 2657 1878 2687 ordinem
1890 2676 1898 2690 ,
1921 2655 2004 2697 quod
2014 2656 2098 2686 illinc
2116 2657 2164 2686 vi-

1211 2710 1264 2729 vus
1276 2700 1397 2730 surrexit
1419 2701 1424 2728 1
1448 2703 1465 2725 4
1475 2698 1596 2729 Possum
1606 2699 1742 2729 sexcenta
1752 2698 1865 2728 decreta
1881 2697 2010 2737 proferre
2022 2718 2031 2730 ,
2052 2699 2084 2727 in
2094 2699 2162 2737 qui-

1216 2742 1290 2775 bus,
1315 2750 1347 2771 ut
1364 2751 1418 2782 ego
1434 2742 1581 2782 pecuniam
1597 2750 1661 2770 non
1670 2740 1768 2770 dicam
1779 2738 1963 2778 interceffiffiz,
1984 2739 2044 2778 ipsa
2063 2738 2163 2768 decre-

1214 2793 1313 2812 torum
1323 2785 1449 2814 novitas,
1461 2782 1657 2822 iniquitasque
1667 2781 1801 2811 declarat.
1826 2780 1951 2813 Verum,
1965 2789 1997 2810 ut
2006 2789 2043 2810 ex
2054 2789 2115 2809 uno
2126 2779 2165 2809 de

1211 2826 1315 2855 ceteris
1332 2823 1535 2865 conjefilmram
1551 2822 1645 2854 facere
1661 2821 1789 2863 poffitis:
1808 2822 1839 2852 id
1848 2821 1929 2863 quod
1937 2820 2163 2862 prioreaffione

2049 2871 2163 2903 cogno-

1190 3000 1192 3005 ’
1210 2999 1308 3024 tomani
1321 3009 1326 3025 :
1340 2998 1381 3025 sed
1392 3006 1485 3035 proeter
1496 2999 1611 3034 reliquos
1622 2997 1704 3029 cusos,
1715 2998 1742 3023 δε
1754 2997 1821 3023 Pali.
1833 2996 1943 3027 nosti-os,
1954 2995 2021 3022 haud
2032 3002 2119 3021 tamen
2129 2993 2163 3020 ab

1209 3043 1240 3059 eo
1250 3033 1403 3060 abhorrebat
1414 3034 1574 3061 Gulielmius
1586 3044 1594 3064 ;
1615 3034 1658 3069 qui
1669 3034 1732 3059 item
1753 3042 1814 3059 mox
1833 3032 1977 3059 inclinabat
1996 3032 2083 3067 legere
2101 3038 2160 3057 cum

1212 3069 1303 3096 codem
1317 3070 1446 3096 Lambiuo
1458 3089 1465 3101 ,
1477 3071 1567 3096 adimas
1579 3078 1604 3095 m
1613 3072 1634 3095 ei
1646 3089 1653 3101 ,
1664 3069 1706 3096 ubi
1719 3068 1819 3102 vulgati
1833 3088 1840 3100 ,
1852 3069 1944 3094 ai'imis.

1248 3113 1275 3138 4.
1294 3107 1384 3138 'Pqffimi
1389 3107 1498 3139 sexcenta
1507 3106 1597 3131 decreta
1602 3106 1730 3143 profert-m]
1751 3101 1792 3134 It'u
1802 3104 1892 3133 laudat
1901 3106 2030 3132 Donatus.
2049 3101 2110 3128 edd.
2120 3108 2162 3128 ta-

257 3150 282 3177 3.
302 3145 333 3167 Ei
342 3144 376 3168 ila·
385 3144 493 3174 libertus,
503 3142 569 3176 cisa]
581 3141 704 3170 Lambini
715 3141 806 3170 editio.
829 3145 862 3170 At
871 3144 918 3176 illc,
929 3142 956 3169 G<
967 3150 1000 3170 ex
1013 3148 1100 3170 vetere
1112 3142 1172 3170 110-
1214 3150 1274 3170 meu
1287 3149 1351 3171 vett.
1363 3143 1390 3170 8<
1400 3142 1608 3177 l‘all.sexaginta.

2042 3171 2169 3202 Lam·
