2379 3400
245 147 371 194 1124
641 120 1152 172 M.·rv1.1,11

237 217 381 249 bilitat'is.
399 208 513 251 augurii
529 206 686 247 disciplina
703 203 828 238 omissa.
847 205 955 235 veritas
974 202 1177 243 auspiciorum

239 259 328 290 sarem
349 253 409 285 est,
426 251 523 290 Jp'vecies
544 247 659 278 tantam
676 254 789 276 retenta.
822 249 923 286 ltaque
942 247 1084 275 maximae
1105 245 1181 284 reip.

234 281 346 340 §si-tes.
370 297 399 323 in
412 295 457 322 his
468 291 543 321 bella
553 310 562 323 ,
585 289 694 330 quibus
704 290 778 328 reip.
788 287 865 318 salus
873 288 1049 318 continetur
1061 305 1071 320 ,
1089 285 1184 317 nullis

234 338 371 377 auspiciis
380 331 623 363 administrantur
634 350 642 362 ,
664 330 745 360 nulla
753 331 907 369 peremnia
917 329 1069 359 servantur
1079 348 1088 362 ‚
1100 327 1185 358 nulla

236 389 275 409 ex
293 375 499 407 acuminibus,
521 372 597 402 nulli
619 372 677 401 viri
697 380 857 401 vocantur:
875 379 914 400 ex
930 379 992 411 quo
1004 366 1184 410 inprccinstu

235 418 395 455 testamenta
412 417 570 456 perierunt.
594 415 678 443 Tum
701 413 786 442 enim
797 412 980 454 bellagerere
993 410 1085 441 nostri
1095 411 1186 441 duces

236 461 402 499 incipiunt,
422 456 492 487 cum
513 455 639 494 auspicia
661 454 831 494 posuerunt.
855 457 895 484 At
915 451 988 484 verb
998 452 1075 492 apud
1087 453 1185 491 majo-

235 511 281 532 res
301 509 378 530 tanta
398 498 551 539 religionis
561 497 606 526 vis
620 494 697 529 fuit,
715 495 878 536 utquidam
889 496 1082 536 imperatores
1092 495 1184 524 etiam

234 542 344 583 seipsos
361 540 419 571 diis
443 537 663 569 immortalibus
684 538 780 576 capite
797 537 896 567 velato
910 540 920 556 ¹
932 536 1029 566 verbis
1043 537 1128 566 certis
1137 542 1187 577 pro

233 593 287 627 rep.
298 583 329 612 de
335 589 470 611 voven-nr.
494 580 590 609 Multa
599 589 636 609 ex
646 578 804 618 Sibyllinis
814 577 1091 610 vaticinationibus,
1106 577 1187 608 mul-

235 635 263 656 ta
290 635 327 655 ex
359 623 566 661 liaui-uspicum
595 618 740 660 responsis
758 629 1000 650 commemorare
1019 617 1186 660 possumus,

234 666 345 707 quibus
363 675 394 695 ea
413 662 650 695 confirmentur,
675 670 741 702 quae
759 661 849 692 dubia
867 662 987 692 nemini
997 659 1189 692 debentesse·

202 710 221 740 4
238 709 327 749 Atqui
339 704 549 736 &nostrorum
558 713 703 744 augurum
714 724 723 737 ‚
744 703 777 734 &
790 705 981 734 Etruscorum
992 724 1001 738 ‚
1014 703 1047 733 δε
1056 702 1187 741 haruspi-

236 760 305 780 cum
319 746 503 786 disciplinam
516 748 545 776 Ρ.
557 747 700 784 Scipione
710 765 718 778 ,
735 747 767 775 C.
779 745 884 787 Figulo
893 744 1070 775 consulibus
1079 755 1119 774 res
1129 744 1187 785 ipsit

235 791 379 832 probavit,
402 797 478 828 quos
495 786 568 817 cum
588 786 1186 818 T.Gracchusconsuliterumrecrearet,

238 833 351 873 primus
373 838 544 869 rogatorum
565 849 574 863 ,
595 837 627 859 ut
649 838 701 859 eos
717 829 819 859 retulit
838 849 847 862 ‚
867 828 983 859 ibidem
1004 827 1047 858 est
1064 827 1187 868 repente

237 881 383 904 mortuus.
404 871 555 901 Gracchus
569 869 642 902 cum
664 872 788 901 comitia
805 866 1011 901 nihilominus
1021 866 1186 911 peregisset,

233 923 360 954 remque
379 913 463 944 illam
484 914 516 942 in
535 912 714 952 religionem
732 912 847 953 populo
868 910 980 942 veniss'e
989 912 1130 944 sentiret,
1151 909 1187 940 ad

239 958 369 986 (enatum
388 953 500 985 retulit.
531 954 646 984 senatus
667 975 675 987 ,
695 964 772 994 quos
792 953 938 984 adsolerct
958 972 967 987 ‚
995 952 1188 983 referendum

231 998 360 1028 censuit.
393 996 556 1036 haruspices
575 995 739 1025 introducti
760 1014 767 1028 ,
788 995 1022 1036 responderunt,
1042 1005 1092 1024 non
1104 992 1191 1033 fuiffe

233 1039 337 1076 justum
355 1038 531 1067 comitiorum
548 1043 710 1077 rigatorem.
746 1039 830 1067 Tum
849 1038 1019 1069 Gracchus,
1044 1036 1191 1075 utepatre

233 1079 392 1111 audiebam
405 1099 413 1112 ‚
438 1078 577 1109 incensus
596 1080 654 1112 ira,
676 1081 783 1108 ITANE.
797 1078 906 1109 vano?
927 1088 990 1108 noo
1002 1075 1188 1117 nonjustus,

233 1123 287 1163 qui
309 1121 342 1152 &
360 1120 465 1151 consul
487 1121 587 1162 rogavi
610 1139 620 1154 ‚
645 1120 678 1150 &
696 1130 807 1162 augur,
830 1121 864 1151 &
884 1118 1058 1160 auspicato?
1078 1128 1115 1148 an
1134 1127 1189 1148 vos

235 1164 348 1197 Tusci,
368 1172 400 1193 ac
418 1162 553 1195 barbari,
569 1162 771 1201 auspiciorum
781 1162 934 1202 populiR.
947 1162 994 1201 jus
1007 1162 1114 1191 tenetis
1126 1179 1135 1193 ‚
1155 1159 1188 1188 δε

234 1214 410 1245 interpretes
429 1202 486 1233 esse
504 1205 703 1234 comitiorum
731 1203 854 1244 potestis
875 1207 886 1232 ?
918 1205 1015 1243 itaque
1035 1210 1100 1231 tum
1120 1200 1204 1231 illos·

233 1249 316 1278 exire
333 1244 423 1286 juffit.
448 1245 517 1276 Post
534 1254 632 1275 autem
644 1254 682 1276 ex
694 1247 848 1285 provincia
859 1245 967 1275 litteras
976 1243 1012 1274 ad
1026 1243 1189 1282 collegium

235 1287 335 1322 misit,
347 1287 383 1320 sc,
395 1286 464 1317 cum
477 1287 585 1329 legeret
594 1287 687 1317 libros
701 1307 710 1320 ,
730 1286 917 1317 recordatum
928 1283 985 1315 csse
997 1286 1073 1315 vitio
1086 1282 1137 1313 sibi
1148 1292 1191 1313 ta-

233 1329 428 1361 bernaculum
449 1332 463 1348 2
483 1337 603 1369 captum
623 1326 710 1358 fuiss'e
731 1330 763 1358 in
783 1329 888 1358 boi-tos
903 1327 1073 1367 Scipionis,
1093 1323 1190 1366 quod,

230 1373 306 1403 cum
324 1371 510 1411 pomoerium
529 1369 630 1410 postea
651 1368 800 1403 intrasset.
826 1368 955 1400 habendi
970 1369 1086 1399 senatus
1094 1366 1190 1400 causa,

232 1415 267 1444 in
284 1412 436 1443 redeundo
448 1433 456 1446 ‚
475 1411 547 1442 cum
568 1412 649 1441 idem
667 1412 857 1451 pomoerium
869 1409 1004 1442 transiret
1015 1430 1025 1444 ,
1044 1409 1187 1449 auspicari

231 1454 305 1486 esset
318 1454 432 1484 oblitus
443 1464 449 1483 2
461 1454 559 1494 itaque
570 1455 645 1484 vitio
657 1463 772 1484 creatos
782 1452 920 1483 consules
929 1450 997 1482 effe.
1026 1455 1039 1479 3
1055 1454 1190 1491 Augures

231 1506 297 1527 rem
308 1495 342 1526 ad
356 1496 490 1526 senatum
502 1505 509 1524 ·.
522 1495 638 1525 senatus
649 1514 658 1528 ,
682 1504 714 1525 ut
725 1494 895 1525 abdicarent
907 1504 913 1523 :
923 1493 1061 1524 consules
1074 1491 1192 1522 abdica·

233 1546 353 1567 verunt.
377 1539 451 1578 Qae
470 1537 632 1577 quaerimus
649 1537 789 1573 exempla
804 1537 940 1575 majora?
960 1536 1007 1564 vir
1015 1531 1192 1575 sapientiffi-

237 1588 308 1609 mus
319 1598 328 1611 ,
346 1586 433 1618 atque
445 1577 521 1606 haud
532 1577 591 1608 scio
601 1587 638 1607 an
648 1580 791 1607 omnium
801 1575 1051 1617 praestantiffimus
1063 1596 1072 1608 ‚
1092 1583 1190 1616 pecca-

233 1628 301 1650 tum
322 1619 408 1659 fisum
420 1639 428 1652 ,
450 1618 525 1660 quod
541 1618 709 1658 cei'an'poffir
721 1639 729 1650 ,
752 1618 876 1656 confiteri
885 1617 1007 1651 maluit,
1025 1616 1116 1658 quam
1129 1616 1190 1646 hae-

233 1671 297 1692 rere
315 1664 347 1690 in
369 1670 430 1700 rep.
441 1661 620 1700 religionem
633 1660 784 1690 :consules
794 1661 949 1690 summum
961 1659 1124 1698 imperium
1135 1656 1191 1687 sta-

234 1706 291 1734 tim
308 1702 458 1741 deponere
472 1721 481 1734 ,
503 1702 593 1741 quam
615 1700 645 1731 id
664 1710 764 1731 tenere
774 1700 923 1740 punQum
934 1702 1078 1740 temporis
1087 1707 1190 1730 contra

233 1745 425 1784 religionem.
449 1744 558 1781 Magna
568 1752 713 1783 augurum
723 1742 893 1773 audioritas.
906 1741 987 1783 Qid
1000 1741 1190 1780 haruspicum

233 1796 297 1819 ars,
318 1794 421 1814 nonne
440 1783 566 1814 divina?
584 1785 647 1814 haec
666 1784 899 1814 innumerabilia
917 1793 956 1813 ex
966 1783 1073 1812 eodem
1083 1790 1190 1823 genere

233 1829 287 1868 qui
306 1826 422 1858 videat,
445 1834 549 1855 nonne
567 1834 688 1865 cogatur
705 1824 845 1855 confiteri
865 1825 936 1854 deos
955 1822 1035 1854 effe?
1056 1831 1188 1863 quorum

232 1870 318 1899 enirn
340 1870 514 1907 interpretes
532 1867 600 1896 sunt
619 1886 627 1899 ‚
650 1876 702 1896 eos
720 1867 798 1906 ipsos
821 1864 879 1895 esse
899 1865 977 1895 certe
1000 1862 1114 1895 necess'e
1135 1861 1188 1893 est.

239 1913 380 1941 Deorum
392 1918 491 1939 autem
505 1909 678 1948 interpretes
688 1908 756 1938 sunt
767 1919 772 1936 z
783 1907 855 1937 deos
868 1909 957 1948 igitur
965 1905 1023 1937 esse
1033 1906 1188 1936 fateamur.

235 1949 401 1983 Atfortafle
412 1960 474 1981 non
485 1951 591 1980 omnia
599 1952 744 1980 eveniunt
755 1970 763 1982 ‚
784 1959 850 1990 quae
862 1947 1002 1989 praediffii
1012 1948 1090 1978 sunt.
1115 1952 1132 1974 4
1142 1948 1191 1976 Ne

233 1996 303 2035 agri
321 1992 444 2034 quidem
458 2011 466 2026 ‚
487 1993 558 2032 quia
577 2001 640 2021 non
651 2001 758 2021 omnes
768 1991 982 2022 convalescunt
993 2012 1002 2025 ,
1024 1989 1137 2020 idcirco
1147 1997 1191 2018 ars

234 2035 318 2066 nulla
327 2034 477 2064 medicina
487 2032 538 2064 est.
560 2035 648 2075 Signa
658 2032 857 2064 ostenduntur
869 2032 884 2062 a
893 2032 952 2062 diis
964 2041 1063 2062 rerum
1074 2030 1191 2061 futura-

232 2086 315 2107 rum.
339 2079 374 2106 In
393 2077 438 2105 his
460 2073 479 2105 fi
497 2077 548 2116 qui
572 2084 761 2109 erraverunt,
783 2074 981 2105 nondeorum
994 2083 1112 2107 natura,
1143 2071 1191 2102 sed

231 2119 398 2149 hominum
418 2116 590 2155 conjectura
599 2119 738 2157 peccavit.
764 2119 869 2158 ltaque
880 2119 893 2144 5
903 2118 981 2146 inter
992 2116 1112 2146 omneis
1122 2123 1193 2144 om-

234 2161 325 2190 nium
341 2160 478 2198 gentium
495 2158 643 2188 ‘sententia
665 2158 790 2189 constat.
820 2157 947 2187 omnibus
966 2159 1040 2187 enim
1060 2157 1194 2186 innatum
1211 2177 1213 2183 ,

197 2212 218 2244 5
236 2199 298 2234 aff,
319 2201 352 2233 ά·
373 2202 401 2229 in
423 2201 516 2229 animo
535 2200 617 2240 quasi
634 2200 825 2241 insculptum,
845 2199 894 2238 effe
910 2199 978 2229 daos.
1005 2199 1114 2240 Qales
1125 2196 1191 2231 smr,

236 2244 351 2274 varium
374 2241 434 2272 est:
453 2240 512 2272 effe
536 2252 630 2272 nemo
650 2251 744 2282 negat.
767 2242 928 2272 Cleanthes
945 2240 1072 2283 quidem
1094 2237 1195 2270 noster

257 2293 372 2315 uatruor
391 2284 428 2313 de
446 2282 538 2314 causis
558 2283 637 2314 dixit
656 2285 688 2314 in
708 2286 818 2314 animis
840 2285 1005 2314 hominurn
1020 2281 1197 2312 informatas

259 2336 365 2356 eorum
384 2323 442 2356 effe
452 2327 604 2356 n0tiones.
628 2328 758 2356 Primam
770 2326 869 2365 posuit
881 2335 945 2356 eam
958 2345 967 2359 ,
988 2324 1025 2355 de
1037 2333 1092 2364 qua
1103 2321 1197 2354 modo

236 2366 304 2398 dixi
322 2387 331 2401 ‚
359 2377 424 2409 quae
444 2376 506 2397 orta
524 2365 593 2397 esset
612 2377 656 2399 ex
670 2366 865 2407 praesenfione
891 2377 993 2398 rerum
1016 2365 1198 2396 futurarum:

236 2410 358 2440 alteram
382 2428 390 2442 ,
417 2418 507 2449 quam
525 2411 692 2448 ceperimus
713 2419 747 2440 ex
767 2409 963 2449 magnitudine
984 2407 1198 2440 commodorum,

237 2460 305 2491 quae
312 2452 514 2490 percipiuntur
523 2451 592 2480 coeli
603 2452 829 2491 temperatione,
839 2450 1034 2481 foecunditate
1045 2458 1199 2482 terrarum,

240 2492 424 2531 aliarumque
442 2492 698 2522 commoditatum
715 2493 921 2533 complurium
945 2494 1050 2532 copia:
1071 2493 1199 2523 tertiam,

240 2543 300 2574 qua
320 2541 430 2563 terreret
447 2535 557 2563 animos
577 2532 760 2564 fulminibus
775 2554 783 2569 ‚
807 2533 1052 2575 tempestatibus,
1073 2532 1200 2566 nimbis,

281 2659 306 2677 1.
317 2653 401 2692 'Verbis
409 2655 478 2681 cernis
488 2655 653 2690 domenum]
676 2654 820 2682 Lambinus
832 2655 940 2683 intrusit
953 2675 961 2688 ‚
981 2656 1062 2683 verbis
1080 2655 1202 2689 conceptis.

245 2685 287 2712 fed
299 2689 427 2715 violenter
441 2699 448 2720 ς
470 2691 520 2716 hoc
533 2690 580 2722 cst,
594 2699 689 2727 praeter
702 2691 758 2718 mss.
771 2692 869 2718 nostros
880 2701 972 2718 omues
986 2711 994 2724 ,
1013 2700 1108 2728 praeter
1120 2692 1202 2718 ratio-

245 2730 324 2752 ἰθ-ΠΗ
345 2731 373 2749 ut
391 2725 490 2752 dudum
509 2726 637 2754 indicavit
656 2728 779 2754 columen
797 2728 912 2764 antiqua:
927 2727 1146 2764 jurisprudentia:
1165 2728 1201 2754 li-

245 2755 293 2795 bro
307 2766 328 2782 i.
349 2758 380 2784 de
393 2762 522 2788 formulis
535 2762 689 2789 Briffoniiis.
701 2771 818 2790 ceterum
832 2765 863 2790 P.
875 2763 952 2791 habet
964 2783 972 2796 ,
983 2765 1138 2796 davamant,-
1150 2773 1201 2790 non

247 2799 345 2826 mepte.
359 2803 414 2822 nam
425 2796 451 2821 &
465 2797 496 2823 sic
506 2807 609 2833 quoque
621 2799 704 2825 ferme
718 2799 802 2826 Palat.
813 2800 922 2836 quintus
934 2819 942 2832 ,
954 2809 1046 2835 nempe
1057 2800 1203 2826 denotarent.

247 2860 255 2866 ,
284 2835 313 2852 ²-
331 2831 432 2869 Caprasi„
446 2834 516 2866 [uiffe
526 2836 551 2858 in
561 2835 637 2860 hortos
647 2835 784 2867 Scipionis]
807 2835 943 2862 Haeienus
954 2835 1021 2862 editi
1036 2834 1204 2862 consentiunt

248 2870 276 2887 m
288 2862 351 2888 hanc
370 2863 539 2900 scripturam:
564 2869 609 2896 nisi
631 2870 701 2906 quod
723 2871 866 2897 Lambinus
881 2891 889 2902 ‚
908 2874 933 2897 in
952 2873 1032 2898 horris.
1052 2870 1094 2897 sed
1116 2879 1203 2898 tamen

248 2897 391 2959 {ale-unm
409 2903 550 2936 :ignoscunt
569 2905 776 2942 praepositionem
797 2910 833 2933 in.
865 2908 894 2933 ὃς
913 2906 998 2935 nescio
1019 2916 1053 2934 an
1073 2916 1125 2934 non
1146 2907 1207 2934 tolli

287 2977 313 3003 3.
334 2971 441 3002 Augures
453 2980 498 2997 rem
508 2974 657 3001 adsertorum
667 2987 673 3002 :
690 2981 802 3010 Senarus,
813 2985 840 3003 ut
849 2978 991 3005 abdicarent
1002 2989 1008 3004 :
1028 2979 1126 3012 confides
1137 2979 1206 3005 abdi·-

1232 116 1774 172 Crczrtoirxs

1219 199 1361 234 nivibus.
1383 198 1601 242 grandinibus.
1624 199 1756 232 vastitate
1770 221 1779 236 ‚
1801 199 1991 243 pestilentia.
2012 209 2095 235 terrae
2105 210 2175 235 mo-

1221 242 1300 274 tibus
1311 262 1320 275 .
1331 242 1364 272 &
1373 242 1447 281 saepe
1460 241 1632 272 fremitibus
1644 262 1654 275 ,
1674 242 1856 285 lapideisque
1869 245 2029 279 imbribus,
2042 245 2074 275 &
2085 246 2176 287 guttis

1222 284 1369 315 imbrium
1390 280 1471 324 quasi
1489 287 1620 313 cruentis
1633 293 1639 312 z
1654 280 1671 304 ⁶
1683 292 1748 314 tum
1763 284 1928 324 lapidibus,
1951 287 2179 327 autrepeiitinis

1223 335 1367 357 terrarum
1378 323 1507 355 hiatibus
1520 335 1526 354 :
1539 333 1604 355 tum
1617 345 1625 358 ,
1636 333 1740 365 praeter
1749 335 1884 357 naturam
1896 347 1904 360 ,
1927 329 2091 359 hominum
2103 348 2111 361 ‚
2126 337 2180 367 pe-

1223 367 1397 408 cudumque
1413 367 1578 406 portentis:
1597 375 1663 396 tum
1682 365 1796 397 facibus
1818 366 1888 398 vifis
1904 369 2090 400 coelestibus:
2112 377 2180 399 tum

1224 409 1316 440 stellis
1331 411 1378 442 iis,
1390 417 1460 448 quas
1472 409 1567 438 Graeci
1576 412 1733 438 7cometas
1743 427 1751 441 .
1772 407 1867 439 nostri
1878 410 2050 440 cincinnatas
2060 419 2181 442 vocant:

1225 461 1290 492 quae
1313 460 1407 491 nuper
1424 449 1506 488 bello
1528 447 1694 480 O&³viano
1711 458 1885 491 magnarum
1898 449 2182 483 fuerunrcalamita-

1226 502 1292 523 tum
1302 502 1359 533 prae
1365 492 1494 522 nuntiae:
1514 499 1580 522 tum
1592 491 1653 521 sole
1662 493 1816 533 geminato
1827 511 1836 525 ‚
1855 492 1937 533 quod
1947 512 1956 526 ‚
1969 503 2003 523 ut
2012 495 2028 523 e
2043 503 2122 534 patre
2129 503 2184 525 au-

1227 534 1292 565 divi
1313 554 1321 568 ,
1340 533 1497 565 Tuditano
1510 553 1518 566 ,
1538 533 1571 563 &
1590 533 1727 573 Aquillio
1747 532 1925 564 ‘consulibus
1944 542 2099 566 evenerat:
2120 545 2185 576 quo

1227 575 1351 617 quidem
1372 584 1454 605 anno
1473 577 1505 605 P.
1517 573 1677 605 Africanus
1686 573 1731 614 fiil
1742 574 1816 604 alter
1825 573 2052 606 exstinErusest.
2073 578 2187 617 quibus

1228 619 1360 648 exterriti
1371 618 1514 646 homines
1524 618 1588 646 vim
1599 617 1747 656 quandam
1759 614 1817 646 ess‘e
1829 616 1993 651 coelestem,
2005 617 2039 647 &
2049 617 2184 648 divinam

1229 659 1364 698 suspicati
1374 658 1449 688 sunt.
1469 667 1603 699 quartam
1613 658 1730 689 causam
1741 656 1800 688 effe
1810 667 1935 700 eamque
1946 659 1994 689 vel
2006 660 2185 694 maximam,

1228 699 1451 742 aquabiliratem
1469 707 1581 732 motat.
1602 698 1833 730 convertionem
1850 701 1922 730 coeli
1944 710 1950 730 z
1974 700 2046 731 solis
2059 721 2068 733 ,
2092 700 2185 735 lunae,

1229 741 1417 782 siderumque
1438 743 1583 771 omnium
1600 740 1832 772 distinfflonem
1845 761 1853 776 ‚
1877 738 1892 763 ⁸
1918 742 2097 776 utilitatem,
2117 741 2190 782 pul-

1228 783 1430 814 chritudinem
1443 803 1453 818 ,
1465 783 1608 814 ordinem
1619 792 1763 825 :quarum
1774 793 1875 813 rerum
1886 783 2041 823 adspeaus
2050 783 2109 824 ipse
2120 783 2190 814 satis

1230 825 1394 859 indicaret,
1418 835 1481 855 non
1499 823 1557 855 esse
1577 835 1610 855 ea
1626 824 1755 856 fortuita.
1781 827 1825 855 Ut
1843 823 1941 866 siquis
1951 827 1983 855 in
1995 825 2124 855 domum
2135 825 2193 855 ali-

1252 877 1320 898 uam
1331 887 1340 901 ‚
1361 868 1454 897 autin
1464 865 1650 908 gymnasium
1662 886 1671 901 ,
1697 867 1790 898 autin
1799 866 1902 897 forum
1912 868 2027 897 venerit
2039 877 2045 896 z
2055 866 2125 898 cum
2142 867 2192 896 vi-

1229 878 1298 940 deat
1314 910 1461 939 omnium
1481 917 1580 938 rerum
1600 910 1748 939 rationem
1773 927 1782 942 ,
1810 907 1939 940 modum
1961 927 1970 943 ‚
1986 908 2192 949 disciplinam.

1231 961 1296 982 non
1311 949 1398 991 poffit
1420 960 1453 980 ea
1472 948 1532 980 sine
1549 950 1635 981 causa
1657 948 1721 980 fieri
1737 949 1888 990 judicare,
1906 949 1955 981 sed
1973 948 2032 980 esse
2056 949 2192 990 aliquem

1230 993 1396 1033 intelligat,
1417 992 1471 1032 qui
1492 989 1606 1031 praefit,
1623 992 1657 1021 δε
1677 994 1726 1021 cui
1747 1000 1879 1032 pareatur
1893 1000 1908 1020 't
1928 991 2030 1022 multo
2052 992 2146 1032 magis
2156 992 2192 1021 in

1230 1035 1318 1064 tantis
1329 1032 1518 1063 motionibus
1531 1052 1539 1066 ‚
1555 1033 1703 1072 tantisque
1714 1031 1966 1064 vicissitudinibus
1976 1053 1985 1067 ,
2005 1042 2064 1064 tam
2077 1033 2192 1063 multa-

1231 1085 1300 1107 rum
1319 1085 1439 1107 rerum,
1457 1082 1546 1114 atque
1565 1082 1714 1104 tantarum
1736 1073 1896 1104 ordinibus
1909 1094 1917 1108 ,
1941 1076 1973 1105 in
1990 1075 2102 1116 quibus
2111 1074 2191 1104 nihil

1230 1126 1378 1157 umquam
1393 1114 1542 1145 immensa
1556 1135 1565 1148 ,
1577 1115 1610 1145 &
1620 1113 1738 1145 infinita
1747 1114 1876 1146 vetustas
1887 1118 2012 1147 mentita
2020 1114 2054 1147 fit
2065 1137 2074 1151 ‚
2087 1115 2193 1147 statuat

1231 1155 1346 1189 necesse
1355 1156 1448 1190 est‚ab
1456 1156 1555 1197 aliqua
1567 1165 1669 1187 mente
1679 1165 1776 1186 tantos
1787 1165 1898 1187 naturae
1911 1165 2013 1187 motus
2022 1158 2190 1199 gubernari.

1232 1197 1412 1239 Chrysippus
1436 1196 1563 1239 quidem
1584 1217 1593 1232 ,
1621 1207 1804 1240 quamquam
1831 1197 1873 1229 est
1891 1200 2036 1229 acerrimo
2055 1200 2188 1240 ingenio,
2206 1201 2230 1235 6

1231 1249 1334 1272 tamen
1353 1250 1386 1270 ea
1395 1238 1469 1270 dicit
1480 1259 1489 1273 .
1507 1249 1539 1269 ut
1550 1239 1586 1270 ab
1597 1240 1656 1280 ipsa
1667 1249 1768 1271 natura
1777 1237 1912 1270 didiciffe
1922 1259 1931 1274 ,
1956 1249 2020 1270 non
2034 1241 2193 1281 utipse-re-

1233 1281 1338 1323 perisse
1357 1280 1505 1312 videatur.
1527 1284 1561 1312 Si
1575 1290 1666 1311 imm
1677 1301 1685 1315 ,
1706 1283 1806 1323 inquit
1816 1302 1825 1315 ‚
1848 1291 1905 1312 Εςτ
1920 1290 2072 1320 amqum
2083 1291 2121 1312 m
2131 1290 2194 1311 RE-

1232 1333 1311 1355 RUM
1330 1331 1493 1357 NATURA,
1518 1323 1601 1364 quod
1625 1324 1761 1354 hominis
1772 1333 1877 1356 mens,
1899 1322 1980 1364 quod
1992 1325 2087 1357 ratio,
2108 1322 2192 1364 quod

1231 1368 1277 1396 vis
1289 1386 1298 1399 ,
1316 1364 1399 1407 quod
1409 1363 1537 1404 potestas
1549 1365 1679 1395 humana
1688 1363 1806 1396 efficere
1818 1375 1881 1395 non
1891 1362 1979 1406 poffit
1990 1363 2050 1395 :est
2058 1366 2136 1396 certe
2147 1363 2192 1399 id,

1231 1407 1314 1449 quod
1325 1406 1401 1437 illud
1411 1404 1515 1440 efficit,
1527 1407 1654 1437 homine
1665 1408 1786 1437 melius.
1810 1409 1902 1448 Atqui
1912 1416 1957 1437 res
1966 1406 2111 1440 coelestes,
2122 1407 2194 1436 o'm-

1233 1449 1343 1491 nesque
1353 1458 1395 1478 eae
1407 1467 1415 1481 ,
1427 1457 1555 1488 quarum
1565 1447 1608 1478 est
1619 1447 1697 1478 ordo
1709 1448 1921 1488 sempiternus,
1934 1448 1971 1478 ab
1980 1449 2108 1478 homine
2117 1457 2194 1478 con-

1232 1490 1282 1522 fici
1305 1499 1370 1521 non
1387 1488 1517 1530 possunt.
1540 1487 1584 1519 est
1606 1491 1695 1531 igitur
1706 1489 1736 1520 id
1748 1509 1757 1523 ‚
1773 1499 1835 1530 quo
1846 1490 1898 1519 illa
1906 1488 2121 1523 conficiuntur,
2137 1491 2195 1519 ho-

1231 1533 1320 1563 mine
1332 1532 1452 1561 melius.
1476 1529 1510 1560 Id
1521 1539 1622 1560 autern
1631 1530 1706 1572 quid
1717 1531 1820 1571 potius
1829 1530 1944 1561 dixeris
1955 1550 1964 1564 ‚
1986 1531 2078 1572 quam
2088 1531 2196 1561 deum?

1229 1575 1344 1604 etenim
1365 1571 1386 1602 fi
1407 1570 1451 1602 dii
1474 1581 1537 1602 non
1556 1572 1644 1606 sunt,
1665 1573 1738 1613 quid
1759 1571 1816 1602 ess'e
1833 1571 1970 1613 potestin
1981 1582 2080 1603 rerum
2093 1581 2197 1604 natura

1229 1615 1357 1645 homine
1376 1613 1510 1644 melius?
1533 1615 1565 1643 in
1589 1624 1627 1644 eo
1637 1617 1724 1644 enirn
1734 1614 1798 1644 solo
1811 1616 1885 1644 ratio
1898 1613 1959 1648 est,
1980 1623 2038 1656 qua
2047 1614 2125 1645 nihil
2135 1623 2194 1654 po-

1229 1655 1285 1687 test
1302 1655 1360 1686 effe
1380 1654 1574 1695 praestantius.
1600 1654 1666 1686 Effe
1689 1665 1789 1686 autem
1800 1657 1980 1688 hominem,
2001 1658 2056 1697 qui
2070 1656 2148 1686 nihil
2160 1657 2194 1686 in

1229 1699 1318 1728 omni
1329 1697 1446 1726 mundo
1457 1697 1565 1727 melius
1575 1695 1633 1727 effe
1647 1716 1655 1731 ,
1667 1697 1758 1737 quam
1770 1697 1796 1727 se
1807 1706 1890 1736 putet
1900 1716 1909 1730 ‚
1929 1695 2102 1738 desipientis
2111 1706 2196 1728 arro-

1228 1740 1334 1780 gantiae
1356 1737 1409 1768 est.
1434 1740 1512 1778 Ergo
1532 1737 1575 1768 est
1593 1738 1707 1779 aliquid
1730 1738 1850 1768 melius.
1875 1737 1927 1769 Est
1949 1739 2040 1780 igitur
2056 1737 2196 1779 Ρτοὶεᾶὸ

1229 1780 1314 1811 deus.
1336 1782 1385 1808 An
1395 1778 1469 1809 vero
1480 1799 1488 1812 ,
1501 1788 1529 1808 st
1543 1789 1673 1812 DOMUM
1685 1789 1836 1820 magnam,
1847 1779 2064 1821 pulchramque
2073 1779 2197 1814 videris.

1231 1831 1296 1852 non
1314 1818 1401 1860 poffis
1419 1819 1548 1854 adduci,
1572 1830 1625 1855 ut,
1651 1823 1744 1852 etiam
1764 1819 1784 1850 fi
1807 1821 1974 1852 dominum
1996 1831 2061 1852 non
2081 1820 2197 1855 videas,

1230 1867 1246 1890 9
1258 1862 1395 1892 muribus
1417 1863 1523 1896 illam,
1549 1861 1582 1893 &
1602 1861 1738 1893 mustelis
1754 1861 1935 1894 aedificatam
1953 1871 2057 1905 putes:
2078 1871 2197 1894 tantum

1231 1904 1304 1934 vero
1323 1911 1464 1934 ornatum
1484 1904 1635 1935 mundum
1655 1924 1663 1939 ,
1684 1913 1797 1935 tantam
1816 1906 2006 1939 varietatem,
2029 1905 2200 1946 pulchritu-

1232 1946 1398 1986 dinemque
1416 1955 1515 1976 rerum
1526 1945 1697 1977 coelestium
1709 1967 1717 1981 ‚
1738 1956 1851 1978 tantam
1862 1948 1927 1978 vim
1941 1966 1950 1982 ‚
1971 1946 2006 1978 δε
2016 1946 2203 1988 magnitudi-

1233 1997 1306 2018 nem
1328 1989 1419 2018 maris
1430 1996 1517 2029 atque
1531 1997 1675 2019 terrarum
1688 2009 1696 2022 ,
1721 1986 1742 2018 si
1754 1997 1840 2019 tuum
1854 2008 1862 2022 ‚
1881 1998 1915 2020 ac
1926 1998 1990 2019 non
1999 1989 2128 2019 deorum
2138 1989 2202 2018 im-

1233 2030 1410 2060 mortalium
1433 2029 1629 2061 domicilium
1648 2039 1735 2071 putes
1747 2051 1755 2064 ,
1778 2040 1883 2062 nonne
1902 2030 1994 2071 plane
2013 2029 2204 2071 desiperevi-

1232 2072 1340 2102 deare?
1361 2075 1410 2102 An
1429 2081 1468 2101 ne
1479 2073 1538 2102 hoc
1550 2072 1675 2113 quidem
1688 2073 1890 2115 intelligimus
1903 2091 1912 2106 ,
1933 2072 2072 2112 omniafic
2093 2081 2139 2102 era
2148 2069 2200 2109 effe

1235 2113 1351 2143 meliora
1370 2117 1382 2143 ἓ
1414 2121 1523 2144 tei-ram
1541 2122 1643 2144 autem
1662 2113 1719 2144 effe
1737 2114 1877 2145 infimam
1902 2124 1993 2155 quam
2014 2123 2062 2145 cra
2085 2112 2202 2144 iffimus

1235 2154 1458 2186 circumfundat
1474 2156 1544 2185 a‘e‘r?
1565 2164 1599 2186 ut
1621 2155 1662 2186 ob
1671 2166 1738 2187 eam
1750 2156 1843 2197 ipsam
1852 2157 1971 2187 causam
1985 2175 1994 2190 ‚
2013 2155 2095 2198 quod
2107 2156 2200 2186 etiam

1233 2197 1413 2238 quibusdam
1424 2206 1454 2227 re
1477 2197 1599 2228 ionibus
1608 2217 1617 2231 ,
1629 2207 1717 2239 atque
1727 2198 1853 2229 urbibus
1861 2200 2036 2239 contingere
2048 2196 2202 2230 videmus,

1235 2238 1376 2268 hebetiora
1394 2247 1427 2269 ut
1446 2208 1504 2269 [ἕως
1522 2240 1685 2270 hominum
1696 2240 1810 2281 ingenia
1820 2249 1940 2281 propter
1948 2239 2200 2280 coelipleniorem

1238 2289 1374 2311 naturam
1393 2301 1402 2316 ‚
1425 2281 1484 2312 hoc
1502 2280 1585 2312 idem
1614 2283 1706 2321 Veneri
1729 2283 1866 2313 humano
1885 2283 2040 2315 evenerit,
2059 2278 2144 2322 quod
2165 2280 2201 2310 in

1238 2332 1314 2353 terra
1324 2342 1332 2356 ‚
1353 2324 1409 2353 hoc
1420 2321 1480 2357 est,
1504 2325 1537 2353 in
1548 2333 1595 2354 cra
1618 2322 1714 2355 iffima
1724 2326 1848 2365 regione
1862 2322 1970 2353 mundi
1979 2323 2120 2353 collocati
2134 2318 2203 2351 sint.

1240 2367 1278 2395 Et
1300 2373 1402 2395 tamen
1426 2374 1465 2395 ex
1474 2365 1534 2404 ipsa
1544 2366 1709 2396 hominum
1716 2365 1835 2406 silei-tia
1844 2362 1902 2394 effe
1911 2365 2043 2405 aliquam
2053 2371 2203 2397 mentem,

1242 2406 1275 2436 &
1294 2416 1360 2436 eam
1370 2405 1496 2446 quidem
1507 2408 1654 2437 acriorem
1666 2427 1675 2442 ,
1699 2407 1732 2438 δε
1741 2407 1879 2438 divinam
1894 2426 1903 2439 ,
1926 2405 2099 2437 existimare
2111 2403 2207 2435 debe-

1242 2457 1322 2478 mus.
1346 2447 1437 2478 Unde
1455 2449 1540 2477 enim
1558 2449 1634 2479 hanc
1645 2449 1742 2480 homo
1755 2449 1900 2488 arripuit?
1916 2456 1949 2478 ut
1958 2450 1998 2479 ait
2009 2446 2086 2488 apud
2097 2448 2208 2477 Xeno-

1241 2490 1390 2530 phontem
1409 2492 1554 2520 Socrates.
1608 2491 1661 2520 uin
1683 2491 1716 2521 ὃς
1736 2492 1899 2521 humorem
1912 2509 1922 2523 ,
1941 2489 2135 2522 &calorem,
2153 2487 2208 2528 qui

1242 2530 1286 2563 est
1303 2530 1386 2563 fusus
1407 2532 1442 2562 in
1460 2540 1585 2573 corpore
1598 2552 1609 2567 ,
1629 2532 1663 2563 &
1677 2542 1824 2564 terrenam
1835 2531 1929 2573 ipfiim
1938 2532 2088 2564 viscerum
2097 2529 2208 2561 solidi-

2106 2579 2208 2604 tatem·

1285 2665 1312 2690 5.
1331 2659 1396 2682 Inter
1404 2665 1481 2681 omnes
1489 2655 1712 2688 onmiumfintemIa
1722 2656 1833 2689 constan]
1856 2656 1898 2682 Ita
1908 2653 1993 2681 Aldus
2003 2653 2101 2685 senior,
2108 2651 2211 2687 aliique

1250 2692 1340 2719 inulti.
1363 2701 1423 2718 iiam
1436 2691 1623 2718 Camerariana
1635 2711 1644 2723 ,
1657 2693 1753 2725 fiunma
1768 2693 1865 2724 constat.
1884 2689 2056 2727 quomodo&
2066 2688 2151 2714 Palat.
2169 2687 2212 2714 se-

1249 2727 1329 2755 cund.
1344 2728 1371 2754 &
1382 2729 1414 2754 P.
1425 2728 1454 2754 sc
1473 2729 1604 2754 Wouver.
1615 2737 1674 2755 nam
1686 2728 1781 2755 tertius
1792 2726 1904 2754 habebat
1914 2745 1924 2758 ‚
1936 2724 2142 2760 scientiacmstar.
2161 2724 2212 2749 vi-

1248 2764 1350 2791 ‹S'torius
1361 2763 1558 2791 controversam
1570 2763 1637 2790 hanc
1658 2772 1750 2790 vocem
1768 2763 1879 2790 omnino
1888 2761 1987 2795 omisit.
2005 2769 2054 2787 nec
2063 2758 2210 2790 habetis-„ina

1249 2799 1321 2837 quod
1333 2799 1368 2826 ibi
1382 2807 1453 2835 agat.
1459 2799 1554 2832 flamma
1564 2806 1651 2826 tamen
1662 2801 1750 2835 potius
1761 2799 1785 2826 ei
1797 2797 1965 2835 convenerit,
1974 2795 2191 2829 quamsentenria.

1284 2836 1313 2863 6.
1337 2838 1393 2862 'rum
1402 2835 1548 2870 lapidibus]
1570 2836 1657 2862 Locus
1669 2834 1780 2863 frastus.
1795 2831 1957 2862 Gulielmius
1965 2830 2148 2869 ‘reponendum
2159 2840 2211 2867 pu·

1248 2872 1320 2900 tabat
1331 2873 1443 2906 Iapffius,
1453 2878 1499 2897 aut
1510 2878 1582 2898 certe
1593 2873 1696 2898 labibus.
1716 2870 1851 2906 pei-placet
1860 2867 2000 2895 ultimum.

1285 2916 1314 2942 7.
1333 2911 1439 2934 Comum
1453 2909 1524 2940 κρίθη·
1541 2909 1693 2933 cincinnatas
1706 2905 1825 2939 meant]
1846 2903 1955 2938 vulgati
1967 2922 1976 2935 ,
1994 2905 2094 2929 crinitae
2105 2908 2214 2936 vocant,

1250 2943 1293 2971 sed
1303 2951 1399 2980 praeter
1411 2942 1480 2969 Pan.
1490 2943 1518 2968 δε
1529 2943 1561 2968 Ρ.
1571 2943 1599 2968 δε
1611 2941 1724 2968 Vicini-ii
1733 2940 1880 2967 editionem
1894 2939 1921 2966 in
1932 2948 1986 2974 quo
1997 2939 2123 2966 alterum.

1288 2979 1316 3006 8.
1337 2978 1500 3012 Utilitatem]
1522 2977 1669 3004 Lambinus
1687 2975 1792 3003 admisit
1809 2974 2003 3003 divinationem
2030 2974 2065 3002 Ρ.
2084 2974 2213 3009 Manutii,

247 3005 363 3038 emma]
377 3004 450 3031 Libri
462 3008 539 3033 nostri
551 3010 623 3041 plura
633 3012 681 3037 huc
691 3013 858 3040 accumulant
868 3018 881 3040 i.-
891 3013 990 3049 glossa:
1005 3013 1091 3042 solum
1101 3014 1150 3041 stc.
1161 3013 1208 3042 ad-
1252 3018 1422 3044 vnrictatem3
1443 3012 1518 3039 libris
1529 3012 1625 3039 nostris
1635 3011 1740 3038 invitis.

250 3039 301 3066 huc
312 3039 429 3066 detraxit
443 3050 530 3067 vocem
541 3047 650 3071 senaim.
673 3048 699 3072 Sc
712 3049 775 3074 vcra
785 3049 867 3076 abesse
879 3058 994 3085 poterat.

282 3082 313 3115 ¹4.
335 3079 370 3101 Nc
380 3079 432 3108 agri
441 3078 532 3110 quidem
545 3097 552 3108 ,
563 3081 620 3112 quia
629 3090 675 3106 nrm
687 3092 761 3108 omncs
773 3087 960 3120 con-valestinum]
983 3087 1059 3112 Stant
1069 3085 1100 3113 ab
1111 3086 1158 3112 hac
1170 3085 1208 3111 le·
1229 3085 1232 3103 i

250 3109 342 3137 &ione
356 3112 514 3139 meinbranae
534 3115 625 3140 nostra:
637 3124 678 3141 om
684 3126 739 3145 nes.
759 3120 848 3156 estque
866 3119 1055 3157 gratiofiffimae
1066 3121 1208 3151 venustatis
1230 3108 1232 3137 Ι

253 3146 374 3176 elocutio
390 3157 446 3185 prae
457 3148 581 3178 Lambini
591 3150 709 3188 ineptiis.

1289 3059 1318 3086 9.
1338 3050 1454 3077 Muribus
1471 3057 1522 3073 um
1538 3048 1568 3078 ὰ
1585 3047 1710 3081 misteria]
1731 3048 1770 3074 Ita
1780 3047 1846 3073 Pall.
1867 3047 1896 3072 &
1907 3040 2135 3084 ViQOr'ii'editio.
2154 3046 2215 3074 aliae

1254 3086 1370 3120 mustellis.
1390 3082 1462 3120 quod
1472 3082 1572 3118 placuit
1581 3082 1730 3109 Gulielmio
1747 3083 1870 3119 capitque
1888 3091 1937 3121 pro
1955 3085 2059 3116 monstris
2070 3083 2214 3117 speflrIfique

1250 3123 1400 3155 poi-untifis:
1419 3117 1488 3146 unde
1499 3117 1585 3145 Plauti
1596 3120 1752 3152 Mqsicllaria.
1770 3126 1798 3149 at
1810 3128 1862 3157 ego
1870 3119 2015 3158 acceperim
2033 3127 2083 3156 pro
2100 3118 2215 3146 animal-

1256 3157 1323 3186 culis
1332 3154 1494 3185 in'domibus
1511 3153 1707 3185 oberrantibus.
2134 3167 2135 3170 ¹
2148 3189 2196 3226 Q
