2250 3358
503 193 1075 289 M.TULnu

157 321 725 440 HIS
884 318 1070 433 T.

1965 68 2127 153 Folziz

1169 196 1784 262 CICERONIS

1154 319 2113 451 ORIA,

1038 484 1262 542 PER

323 590 1029 685 coNsuLEs
1114 543 1955 697 DESCRIPTA,

205 838 688 921 ANNOS
781 735 1126 918 LXEIZT

1143 737 2121 947 ‚IgisTINCTffiJ

1059 961 1202 997 PER

293 1036 625 1096 FRANC.
679 1035 1265 1102 FABRICIUM‚
1308 1036 1982 1095 MARCODURANUM.

196 1174 248 1211 M.
260 1174 481 1213 TULLIUS.
497 1178 548 1213 M.
560 1177 594 1212 F.
614 1175 663 1212 M.
676 1176 849 1213 N.COR.
863 1175 1062 1212 CICERO.

323 1277 336 1291 ο
394 1251 397 1252 ’
427 1253 435 1279 :3
465 1243 519 1276 Oc
534 1241 641 1277 modo
657 1244 788 1277 Orator
798 1242 931 1282 noster,
947 1242 1046 1289 cujus
1058 1241 1112 1276 hi—

431 1286 435 1320 ῗ
464 1289 603 1326 storiam
615 1289 815 1337 descripturi
827 1290 942 1326 sumus
956 1316 965 1331 ,
980 1293 1114 1326 Roma-

466 1351 596 1375 norum
620 1336 720 1374 niore
741 1338 946 1374 nominatur
968 1365 976 1379 ,
1012 1350 1115 1387 atque

344 1410 353 1426 f<
404 1393 433 1445 Ξ
465 1387 537 1422 haec
550 1386 681 1435 singula
691 1386 846 1435 primum
858 1386 1115 1434 explicabimus.

405 1437 436 1460 »μ’
465 1437 517 1471 M.
531 1435 567 1471 id
580 1435 627 1471 est
640 1438 815 1477 MARCUS,
827 1448 1028 1484 praenomen
1040 1435 1112 1484 ejus

396 1482 429 1532 εὶ
462 1484 522 1523 est,
534 1484 628 1533 quod
639 1485 658 1520 ὲ
669 1495 774 1533 patre,
788 1485 962 1522 maximus
976 1496 1059 1521 natu
1071 1483 1114 1519 fi-

331 1534 340 1541 ”
414 1531 425 1535 ’“
459 1532 524 1569 lius
538 1533 581 1569 de
600 1545 699 1569 more
710 1533 837 1569 habuit.
875 1536 908 1568 T
919 1546 942 1569 u
956 1546 977 1568 L
991 1545 1011 1569 1.
1026 1546 1036 1568 1
1049 1545 1072 1569 u
1087 1546 1115 1574 s,

151 1582 333 1632 proprium
346 1584 381 1619 δε
391 1582 520 1630 gentile
532 1581 683 1629 ejusdem
704 1594 834 1618 nomen
848 1581 896 1618 est
910 1596 917 1618 :
940 1582 1007 1618 fuit
1019 1583 1114 1619 enim

153 1631 173 1667 ἐ
187 1631 304 1668 Tullia
313 1642 416 1679 gente
427 1630 669 1680 antiquissima,
682 1631 771 1667 libro
787 1644 817 1669 2.
830 1631 872 1667 de
884 1631 1028 1679 legibus.
1051 1633 1112 1667 Pa-

150 1691 241 1717 trem
254 1679 433 1716 Ciceronis
453 1691 496 1717 ex
514 1680 610 1727 regio
624 1680 833 1716 Volscorum
853 1692 980 1728 genere
999 1680 1113 1719 fuisse,

150 1729 188 1765 in
201 1728 334 1766 Eusebii
355 1728 539 1765 Chronicis
557 1729 713 1777 legimus.
752 1731 796 1765 Et
808 1729 1010 1766 Plutarchus
1031 1729 1112 1766 scri-

150 1777 202 1814 bit
214 1777 433 1819 ‚nonnullos
455 1777 527 1825 ejus
546 1790 655 1826 genus
676 1777 802 1814 referre
821 1778 863 1814 ad
882 1778 1030 1815 Tullum
1052 1780 1113 1814 At-

150 1825 240 1862 tium
254 1849 263 1865 ‚
283 1826 438 1863 nobilem
450 1827 660 1871 Volscorum
668 1839 796 1878 regem.
821 1826 915 1864 Hinc
928 1827 1030 1866 Silius
1043 1829 1111 1865 Ita-

142 1873 234 1911 licus
250 1875 339 1912 libro
350 1875 478 1913 o&avo
493 1889 501 1913 ε

198 1924 317 1960 Tullius·
339 1933 462 1961 aeratas
480 1926 635 1974 raptabat
653 1929 686 1964 in
707 1929 840 1977 agmina
857 1937 998 1970 turmas,

198 1973 303 2016 Regia
320 1975 500 2018 progenies,
523 1974 572 2017 ὠ·
593 1976 676 2011 Tullo
689 1976 830 2024 sanguis
849 1978 891 2014 ab
914 1977 1001 2013 alto:

199 2016 302 2053 Indole
308 2019 389 2063 proh
400 2030 527 2065 quanta
535 2022 674 2063 juvenis-
688 2048 697 2057 .
708 2034 928 2069 quantumque
938 2025 1076 2061 daturm

200 2064 351 2112 Aufiniae
363 2063 489 2111 papulis
511 2072 654 2100 ventura
675 2066 709 2099 in
717 2064 843 2109 saecula
862 2068 970 2102 civem
984 2074 995 2100 .·

195 2114 250 2151 Ille
259 2112 358 2161 fitper
378 2116 523 2160 Gangem
536 2135 547 2150 ‚
557 2110 827 2160 fitperexauditm
849 2112 897 2155 &⁴
919 2113 1010 2150 Indos

197 2161 340 2209 Implebit
360 2162 466 2198 terras·
486 2173 585 2204 voce,
610 2160 658 2204 &¹
675 2160 812 2208 ficrialia
836 2161 918 2198 bella

192 2209 337 2247 Fulmina
358 2220 423 2245 com
444 2209 522 2255 esset
540 2208 675 2257 linguae‚
696 2221 751 2246 nec
769 2210 879 2247 deinde
896 2209 1050 2262 relinquet

194 2265 265 2297 ΡΜ·
285 2258 376 2295 decm
395 2271 411 2294 e
425 2259 507 2308 oqnii
525 2260 674 2342 cuiquam
689 2257 821 2307 sperare
839 2268 997 2307 nepotum.

196 2309 248 2344 M.
263 2308 300 2345 F.
325 2305 434 2342 Marci
453 2305 554 2342 filius.
590 2306 701 2343 iabuit
725 2307 820 2344 enim
843 2308 969 2344 Cicero
995 2308 1111 2345 noster

147 2366 281 2406 patrem
293 2357 343 2391 M.
356 2354 517 2391 Tullium
531 2381 540 2396 ,
563 2357 621 2404 qui
635 2355 718 2393 cum
733 2355 814 2392 effet
825 2355 964 2393 infirma
976 2357 1110 2394 valetu-

151 2405 254 2443 dine,
275 2406 311 2441 in
324 2403 477 2452 Arpinati
502 2403 584 2441 villa
604 2404 676 2440 fere
700 2415 834 2441 aetatem
846 2405 917 2453 egit
928 2406 965 2442 in
977 2406 1108 2444 litteris,

150 2454 228 2490 libr.
243 2466 273 2490 2.
290 2453 332 2489 de
344 2453 486 2500 legibus.
512 2455 606 2489 Eum
619 2452 802 2490 fulloniam
817 2453 929 2490 fecisse
940 2479 950 2494 ‚
973 2467 1011 2491 ac
1025 2455 1110 2491 vites
1128 2481 1129 2491 1

151 2502 308 2550 oleasque
330 2501 461 2549 semper
484 2501 647 2542 coluisse,
670 2503 875 2549 QCalenus
897 2503 934 2538 in
947 2503 1130 2552 maledics

151 2550 309 2596 oratione
321 2550 409 2598 apud
421 2549 574 2586 Dionem
586 2550 645 2589 lib.
659 2554 712 2594 46.
722 2551 778 2587 ait.
790 2553 924 2588 Patrem
937 2553 1032 2588 hunc
1048 2553 1079 2587 C
1082 2552 1110 2587 i-

151 2612 232 2636 cero
244 2600 279 2635 in
291 2598 459 2648 petitione
470 2598 677 2638 cominatus,
686 2612 794 2636 annos
808 2599 876 2637 'am
888 2612 986 2637 natus
1000 2613 1111 2638 XL111.

152 2648 275 2687 amisit,
286 2659 325 2683 ut
337 2647 501 2683 Asconius
514 2647 637 2684 scribit.
650 2648 728 2685 vide
739 2614 831 2697 epifi.
842 2661 873 2691 5.
886 2649 943 2685 lib.
959 2663 984 2686 1·
996 2651 1066 2686 Att.

200 2699 251 2733 M.
274 2698 320 2732 N.
347 2696 456 2732 Marci
476 2708 592 2745 nepos·
619 2709 700 2733 nam
718 2700 752 2734 &
771 2710 854 2733 avus
866 2697 938 2745 ejus
959 2700 1008 2734 M.
1021 2699 1110 2734 Tul·
1129 2699 1131 2704 ’

154 2745 217 2781 lius
237 2744 362 2780 Cicero
382 2744 580 2781 nominatus
599 2745 665 2782 fuit
678 2772 687 2787 ,
709 2759 821 2795 eoque
842 2747 926 2782 vivo
943 2747 975 2782 se
990 2758 1110 2783 natum
1129 2766 1130 2793 3

153 2794 222 2834 ait,
243 2793 318 2829 libr.
332 2806 363 2829 2·
383 2793 425 2829 de
439 2793 580 2841 legibus,
606 2796 658 2830 De
670 2795 792 2831 eodem
806 2795 862 2830 lib.
882 2808 906 2839 3.
928 2796 974 2832 ita
985 2795 1110 2837 scribit,
1129 2797 1131 2831 Ξ

155 2845 200 2878 Et
210 2855 292 2878 avus
304 2842 444 2890 quidem
457 2842 572 2878 noster
582 2841 745 2890 singulari
758 2844 887 2880 virtute
905 2845 941 2880 in
953 2846 1018 2880 hoc
1031 2858 1110 2882 mu-
1130 2870 1132 2887 .

157 2890 284 2937 nicipio
301 2890 413 2939 quoad
429 2890 516 2927 vixit
529 2916 537 2931 ‚
559 2890 679 2927 restitit
702 2895 750 2928 M.
763 2892 919 2929 Gratidio
933 2918 943 2932 ‚
966 2893 1064 2941 cujus
1076 2894 1112 2928 in

157 2938 382 2975 matrimonio
394 2939 546 2975 sororem
559 2964 569 2979 ‚
589 2941 702 2976 aviam
715 2940 867 2977 nostram
881 2942 1026 2978 habebat
1038 2969 1047 2983 ,
1061 2941 1112 2978 fe·
1130 2977 1131 2990 ¹

159 2987 248 3028 renti
258 2987 372 3035 legem
382 2987 601 3031 tabellariani.
627 2991 658 3025 Is
671 3002 812 3038 quoque
824 2990 882 3030 est,
894 2991 936 3026 de
949 3004 1018 3039 quo
1034 2991 1112 3026 Cae-
1129 2996 1131 3007 ¹

159 3035 208 3086 sar
220 3034 294 3075 libr.
306 3047 336 3072 2.
348 3035 391 3071 de
405 3038 564 3077 Oratore,
580 3039 629 3075 M.
640 3037 776 3078 Cicero,
789 3039 913 3087 inquit,
926 3040 1039 3080 senex,
1049 3040 1114 3076 hu-
1130 3035 1131 3041 ¹

159 3095 212 3131 ius
225 3083 291 3135 viri
303 3083 426 3134 optimi
440 3108 451 3126 ,
470 3085 577 3122 nostri
590 3085 762 3125 familiaris
774 3098 867 3137 pater
879 3111 889 3128 ,
902 3087 1036 3126 nostros
1049 3089 1113 3127 ho-

585 3195 604 3223 9

472 3208 579 3249 '⁴¹93

1152 1175 1262 1211 mines
1287 1174 1410 1210 ssmiles
1432 1174 1498 1210 esse
1511 1175 1683 1221 Syrorum
1707 1175 1886 1212 venalium
1901 1175 2033 1213 dicebat
2048 1191 2054 1213 :
2080 1190 2122 1215 ue

1151 1225 1293 1273 quisque
1305 1224 1437 1271 optime
1451 1223 1571 1258 Graece
1584 1224 1681 1259 sciret
1694 1249 1703 1264 ‚
1726 1224 1772 1260 ita
1783 1224 1848 1274 else
1861 1225 2121 1273 nequissimum.

1132 1304 1133 1309 ,
1153 1273 1183 1308 C
1194 1285 1216 1308 o
1229 1285 1261 1307 R.
1289 1272 1453 1308 Cornelia
1465 1283 1596 1307 nomen
1614 1272 1661 1307 est
1674 1272 1782 1308 tribus
1794 1299 1803 1314 ‚
1815 1273 1953 1310 ablativi
1965 1274 2068 1313 casus,
2081 1286 2123 1311 ut:

1133 1334 1134 1351 ι
1155 1320 1194 1356 fit
1207 1347 1216 1362 ‚
1229 1333 1272 1357 ex
1284 1320 1462 1356 Cornelia.
1478 1333 1520 1356 ex
1533 1320 1693 1357 tribubus
1705 1332 1820 1357 autem
1836 1333 1954 1357 xxxv.
1968 1323 2122 1370 aliquam

1154 1369 1285 1405 necesse
1299 1380 1380 1408 erat,
1391 1368 1444 1416 cuj
1451 1369 1626 1417 uscunque
1639 1368 1771 1405 ordinis
1783 1370 1874 1408 esset,
1885 1371 1970 1407 civis
1983 1373 2120 1407 Roma-

1132 1422 1134 1461 ᾗ
1155 1431 1219 1455 nus
1232 1419 1414 1454 obtineret.
1436 1428 1538 1466 atque
1550 1416 1569 1453 a
1578 1418 1684 1458 tribu,
1700 1418 1735 1453 in
1750 1432 1818 1466 qua
1830 1419 2121 1458 censebantur-‚ci-

1153 1480 1210 1503 ves
1224 1467 1326 1503 etiam
1341 1465 1631 1514 fignificabantur‚
1643 1466 1807 1503 Asconius
1819 1468 1856 1502 in
1870 1468 2054 1504 Verrinam
2066 1469 2118 1504 se-

1151 1516 1312 1552 cundam.
1339 1516 1465 1551 Cicero
1490 1526 1606 1551 autem
1630 1528 1712 1551 cum
1734 1516 1873 1564 reliquis
1896 1517 2119 1564 Arpinatibus

1132 1581 1134 1601 J
1147 1566 1184 1601 in
1196 1565 1289 1601 tribu
1302 1564 1466 1601 Cornelia
1476 1564 1686 1600 censebatur.
1713 1564 1833 1601 Livius
1845 1564 1901 1601 lib·
1917 1568 1956 1609 38
1965 1593 1973 1602 .

1199 1621 1229 1655 C
1240 1632 1251 1655 1
1263 1631 1284 1655 c
1295 1632 1314 1655 E
1327 1631 1349 1654 R
1360 1631 1393 1655 o.
1428 1618 1614 1654 Cicerones
1638 1619 1657 1654 a
1679 1618 1790 1654 cicere
1811 1618 1993 1666 appellatos
2014 1619 2115 1657 fuiffe

1148 1669 1222 1705 satis
1235 1668 1388 1704 constat:
1414 1667 1528 1715 itaque
1538 1667 1674 1703 dietum
1687 1667 1753 1703 esse
1765 1667 1865 1703 illum
1881 1693 1890 1708 ‚
1913 1669 1972 1716 qui
1984 1669 2118 1715 primus

1150 1719 1219 1754 hoc
1232 1729 1363 1753 nomen
1376 1716 1524 1757 invenit,
1537 1716 1556 1752 ὲ
1569 1715 1638 1751 nasl
1651 1715 1774 1763 figura,
1788 1717 1910 1752 audior
1922 1717 1970 1752 est
1981 1718 2120 1754 Plutar-

1150 1768 1247 1805 chus.
1273 1765 1374 1815 Apud
1387 1765 1597 1801 Priscianum
1618 1777 1761 1813 quoque
1774 1766 2050 1802 Grammaticum
2072 1767 2117 1801 li—

1150 1817 1214 1852 bro
1231 1830 1260 1852 z·
1272 1816 1398 1863 legitur
1409 1838 1419 1852 ‚
1442 1826 1522 1850 eum
1538 1815 1598 1861 qui
1616 1813 1748 1861 primus
1760 1814 1828 1849 hoc
1841 1827 1973 1850 nomen
1986 1815 2119 1855 habuit,

1149 1866 1190 1902 ab
1202 1865 1322 1902 babitu
1335 1863 1430 1899 faciei
1446 1862 1674 1898 nominatum
1686 1861 1892 1898 effe.Plinius
1905 1875 1987 1899 vero
2000 1863 2122 1899 lib.18,

1149 1927 1222 1962 cap.
1237 1927 1267 1958 3.
1282 1913 1340 1953 ait,
1359 1911 1557 1951 Fabiorum,
1572 1911 1819 1951 Lentulorum,
1832 1911 2047 1947 Ciceronum
2059 1923 2102 1946 co
2116 1934 2124 1939 —

1149 1962 1319 2011 gnomina
1327 1960 1437 2009 prima
1447 1959 1528 1996 inde
1539 1958 1615 2001 esse,
1627 1969 1666 1996 ut
1677 1959 1819 2008 quisque
1831 1959 1973 2008 aliquod
1985 1963 2118 2009 optime

1130 2024 1133 2052 ε
1153 2023 1262 2060 genus
1275 2011 1409 2046 sereret.

1151 2121 1244 2154 Anno
1251 2119 1323 2164 Pofl'
1332 2120 1471 2153 Romam
1487 2118 1645 2153 conditam
1668 2128 1829 2153 nexum
1845 2144 1853 2158 ‚
1873 2127 1947 2157 mite
1961 2119 2120 2169 Christum

1359 2175 1475 2202 natum
1494 2176 1573 2200 cui.
1595 2165 1744 2213 Conficles
1757 2166 1905 2214 fimum,

1195 2233 1584 2282 QSERVILIUS
1625 2239 1771 2275 CAEPI
1789 2241 1822 2274 O
1844 2266 1852 2279 ,
1880 2241 1922 2277 C.
1948 2242 2068 2278 ATI-

1382 2289 1512 2323 LIUS
1551 2289 1874 2324 SERRANUS.

1162 2363 1179 2440 Ι
1217 2363 1233 2440 ¹
1250 2362 1280 2396 Is
1300 2361 1508 2414 Consulibus
1529 2375 1608 2399 ante
1625 2364 1717 2400 diem
1742 2377 1815 2418 1¹11.
1833 2367 1952 2418 Nonas
1964 2365 2118 2412 Januani

1249 2411 1299 2447 M.
1313 2410 1437 2447 Cicero
1459 2422 1558 2447 natus
1577 2412 1625 2448 est
1639 2439 1646 2453 ‚
1672 2413 1803 2449 Gellius
1830 2414 1889 2449 lib.
1910 2426 2044 2461 15.cap-
2061 2418 2118 2450 28.

1149 2457 1212 2493 His
1234 2471 1373 2506 quoque
1393 2460 1604 2496 Consulibus
1618 2487 1626 2502 ,
1652 2462 1777 2509 quibus
1803 2463 1843 2497 L.
1858 2461 2121 2510 Craffuslegem

1150 2506 1330 2543 Serviliam
1352 2508 1487 2544 fimserit
1501 2533 1509 2546 ‚
1530 2509 1561 2544 se
1584 2521 1707 2546 natum
1730 2509 1818 2548 effe,
1843 2510 1910 2559 ipse
1931 2510 2055 2546 Cicero
2078 2511 2117 2546 in

1150 2556 1258 2591 Bruto
1273 2556 1398 2594 scribit.
1426 2557 1522 2592 Idem
1542 2571 1549 2592 1
1565 2570 1574 2593 1
1590 2559 1852 2606 1.Non.Januar·
1865 2559 2012 2594 natalem
2024 2560 2117 2595 suam

1150 2615 1263 2642 vocat.
1277 2605 1569 2650 epist.5.lib1·.7.&
1581 2606 1838 2651 epist-41.libr.1
1853 2619 1878 2652 3.
1891 2608 1931 2643 ad
1946 2608 2116 2642 Atticum.

1151 2652 1264 2688 Verba
1277 2653 1447 2689 Plutarchi
1461 2653 1531 2690 fine
1542 2656 1638 2691 causti
1649 2655 1685 2690 in
1698 2655 1846 2691 dubium
1861 2667 2009 2691 vocantu
2016 2670 2042 2691 r:
2054 2656 2112 2704 qui

1149 2700 1192 2736 de
1205 2701 1384 2738 Ciceronis
1406 2702 1506 2738 natali
1529 2702 1574 2738 ita
1598 2703 1732 2744 scribit,
1757 2703 1905 2746 75:59an
1920 2699 1937 2750 5
1955 2705 2118 2747 Κικέρωπι

1151 2751 1283 2791 Musam
1298 2746 1405 2798 ἡμέρᾳ
1419 2750 1523 2799 raim
1536 2750 1566 2787 “i-⁰
1581 2752 1647 2786 νειῖῐν
1662 2760 1773 2795 »ωιλαμ
1791 2746 1833 2785 >Su
1846 2777 1854 2790 ,
1866 2753 1897 2787 id
1913 2752 1971 2792 est,
1984 2752 2117 2788 editum

1149 2798 1186 2834 in
1201 2798 1313 2835 lucem
1328 2800 1537 2835 Ciceronem
1562 2800 1676 2837 ferunt
1700 2801 1801 2836 tertio
1817 2800 1872 2836 die
1884 2801 2118 2836 Calendarum.

1150 2848 1420 2889 novarunhfive,
1432 2848 1507 2896 post
1517 2848 1609 2885 diem
1620 2850 1762 2886 tertium
1777 2850 1853 2886 Kal.
1863 2849 2026 2897 Januarii.
2044 2862 2116 2897 quo

1130 2932 1132 2941 .
1152 2907 1277 2942 genere
1302 2896 1466 2944 loquendi
1492 2910 1564 2933 non
1585 2909 1726 2946 quartus
1740 2922 1749 2936 ,
1774 2897 1828 2933 sed
1841 2899 1959 2933 tertius
1980 2898 2117 2944 (ὕες-Ιη-

1154 2943 1493 2991 nuanfignificatur,
1513 2956 1552 2981 ut
1577 2946 1615 2982 sit
1636 2947 1737 2982 tertio
1761 2945 1815 2981 die
1837 2945 1910 2993 post
1932 2946 2117 2983 Kalendas-‚⁷

1129 3015 1131 3028 r
1156 2994 1414 3030 connumeratis
1425 2993 1501 3042 ipsis
1516 2995 1690 3030 Kalendis.
1716 2995 1770 3030 Sic
1785 2995 1904 3030 Livius
1918 2994 2112 3037 libr.3·:>.ait.

1158 3041 1386 3078 Hannibalem
1402 3042 1478 3090 post
1496 3043 1630 3080 {extum
1647 3043 1824 3078 decimum
1845 3055 1974 3078 anuum
1989 3054 2031 3076 cx
2045 3044 2112 3075 lta-

1155 3089 1199 3127 lia
1211 3089 1379 3128 deceffiffe
1394 3105 1400 3127 :
1423 3091 1483 3140 qui
1501 3092 1595 3130 venit
1616 3092 1650 3127 in
1665 3092 1796 3128 Italiam
1808 3103 1900 3127 anno
1913 3117 1923 3133 ‚
1947 3101 1984 3125 ut
1998 3089 2116 3124 Livius

1573 3140 1618 3187 (a)
1953 3148 2124 3176 numer-it,
