<?xml version="1.0" encoding="UTF-8"?>
<!DOCTYPE html PUBLIC "-//W3C//DTD XHTML 1.0 Transitional//EN"
    "http://www.w3.org/TR/xhtml1/DTD/xhtml1-transitional.dtd">
<html xmlns="http://www.w3.org/1999/xhtml" xml:lang="en" lang="en">
 <head>
  <title>
</title>
<meta http-equiv="Content-Type" content="text/html;charset=utf-8" />
  <meta name='ocr-system' content='tesseract 3.04.00' />
  <meta name='ocr-capabilities' content='ocr_page ocr_carea ocr_par ocr_line ocrx_word'/>
</head>
<body>
  <div class='ocr_page' id='page_1' title='image "./mtuliiciceroniso00cice/mtuliiciceroniso00cice_1382.png"; bbox 0 0 2379 3400; ppageno 0'>
   <div class='ocr_carea' id='block_1_1' title="bbox 186 2097 1198 2140">
    <p class='ocr_par' dir='ltr' id='par_1_1' title="bbox 186 2097 1198 2140">
     <span class='ocr_line' id='line_1_1' title="bbox 186 2097 1198 2140; baseline -0.006 -9"><span class='ocrx_word' id='word_1_1' title='bbox 186 2098 224 2131; x_wconf 80' lang='lat'>18</span> <span class='ocrx_word' id='word_1_2' title='bbox 242 2099 332 2140; x_wconf 76' lang='lat' dir='ltr'>quam</span> <span class='ocrx_word' id='word_1_3' title='bbox 344 2107 451 2129; x_wconf 89' lang='lat' dir='ltr'>omnes</span> <span class='ocrx_word' id='word_1_4' title='bbox 462 2097 668 2129; x_wconf 69' lang='lat' dir='ltr'>adolescenti-at</span> <span class='ocrx_word' id='word_1_5' title='bbox 678 2098 854 2137; x_wconf 85' lang='lat' dir='ltr'>voluptates.</span> <span class='ocrx_word' id='word_1_6' title='bbox 877 2097 932 2127; x_wconf 87' lang='lat' dir='ltr'>Sed</span> <span class='ocrx_word' id='word_1_7' title='bbox 944 2098 976 2126; x_wconf 87' lang='lat' dir='ltr'>in</span> <span class='ocrx_word' id='word_1_8' title='bbox 987 2099 1075 2126; x_wconf 89' lang='lat' dir='ltr'>omni</span> <span class='ocrx_word' id='word_1_9' title='bbox 1087 2098 1198 2126; x_wconf 87' lang='lat' dir='ltr'>oratio-</span> 
     </span>
    </p>
   </div>
   <div class='ocr_carea' id='block_1_2' title="bbox 234 112 1190 227">
    <p class='ocr_par' dir='ltr' id='par_1_2' title="bbox 234 112 1190 227">
     <span class='ocr_line' id='line_1_2' title="bbox 238 112 360 160; baseline -0.016 0"><span class='ocrx_word' id='word_1_10' title='bbox 238 112 360 160; x_wconf 81' lang='lat'>1262</span> 
     </span>
     <span class='ocr_line' id='line_1_3' title="bbox 234 177 1190 227; baseline -0.016 -5"><span class='ocrx_word' id='word_1_11' title='bbox 234 202 334 224; x_wconf 78' lang='lat' dir='ltr'>uirum</span> <span class='ocrx_word' id='word_1_12' title='bbox 347 188 461 220; x_wconf 79' lang='lat' dir='ltr'>iubebit</span> <span class='ocrx_word' id='word_1_13' title='bbox 472 196 477 216; x_wconf 78' lang='lat' dir='ltr'>t</span> <span class='ocrx_word' id='word_1_14' title='bbox 488 183 633 227; x_wconf 84' lang='lat' dir='ltr'>quoniam</span> <span class='ocrx_word' id='word_1_15' title='bbox 645 181 704 212; x_wconf 83' lang='lat' dir='ltr'>fine</span> <span class='ocrx_word' id='word_1_16' title='bbox 715 183 761 212; x_wconf 83' lang='lat' dir='ltr'>his</span> <span class='ocrx_word' id='word_1_17' title='bbox 771 181 854 212; x_wconf 89' lang='lat' dir='ltr'>beata</span> <span class='ocrx_word' id='word_1_18' title='bbox 863 178 921 210; x_wconf 78' lang='lat' dir='ltr'>effe</span> <span class='ocrx_word' id='word_1_19' title='bbox 933 177 1069 211; x_wconf 63' lang='lat' dir='ltr'>senectus</span> <span class='ocrx_word' id='word_1_20' title='bbox 1082 177 1190 218; x_wconf 84' lang='lat' dir='ltr'>potest.</span> 
     </span>
    </p>
   </div>
   <div class='ocr_carea' id='block_1_3' title="bbox 183 220 1189 266">
    <p class='ocr_par' dir='ltr' id='par_1_3' title="bbox 183 220 1189 266">
     <span class='ocr_line' id='line_1_4' title="bbox 183 220 1189 266; baseline -0.014 -2"><span class='ocrx_word' id='word_1_21' title='bbox 183 230 221 263; x_wconf 80' lang='lat'>17</span> <span class='ocrx_word' id='word_1_22' title='bbox 239 235 348 264; x_wconf 83' lang='lat' dir='ltr'>Multas</span> <span class='ocrx_word' id='word_1_23' title='bbox 363 230 396 261; x_wconf 81' lang='lat' dir='ltr'>ad</span> <span class='ocrx_word' id='word_1_24' title='bbox 419 239 482 261; x_wconf 82' lang='lat' dir='ltr'>res,</span> <span class='ocrx_word' id='word_1_25' title='bbox 503 225 642 266; x_wconf 79' lang='lat' dir='ltr'>perutiles</span> <span class='ocrx_word' id='word_1_26' title='bbox 654 224 868 262; x_wconf 80' lang='lat' dir='ltr'>Xenophontis</span> <span class='ocrx_word' id='word_1_27' title='bbox 879 221 1036 252; x_wconf 83' lang='lat' dir='ltr'>librisunt.</span> <span class='ocrx_word' id='word_1_28' title='bbox 1058 230 1134 261; x_wconf 85' lang='lat' dir='ltr'>quos</span> <span class='ocrx_word' id='word_1_29' title='bbox 1146 220 1189 250; x_wconf 87' lang='lat' dir='ltr'>le·</span> 
     </span>
    </p>
   </div>
   <div class='ocr_carea' id='block_1_4' title="bbox 235 262 1199 1018">
    <p class='ocr_par' dir='ltr' id='par_1_4' title="bbox 235 262 1199 1018">
     <span class='ocr_line' id='line_1_5' title="bbox 236 262 1194 316; baseline -0.013 -13"><span class='ocrx_word' id='word_1_30' title='bbox 236 284 295 316; x_wconf 83' lang='lat' dir='ltr'>gite</span> <span class='ocrx_word' id='word_1_31' title='bbox 306 293 315 306; x_wconf 93' lang='lat'>,</span> <span class='ocrx_word' id='word_1_32' title='bbox 334 271 436 312; x_wconf 66' lang='lat' dir='ltr'>quaeso</span> <span class='ocrx_word' id='word_1_33' title='bbox 446 289 454 303; x_wconf 83' lang='lat'><em>‚</em></span> <span class='ocrx_word' id='word_1_34' title='bbox 475 266 606 298; x_wconf 74' lang='lat' dir='ltr'>studiose</span> <span class='ocrx_word' id='word_1_35' title='bbox 620 264 764 296; x_wconf 88' lang='lat' dir='ltr'>utfacitis.</span> <span class='ocrx_word' id='word_1_36' title='bbox 786 273 877 304; x_wconf 85' lang='lat' dir='ltr'>quam</span> <span class='ocrx_word' id='word_1_37' title='bbox 890 262 1014 302; x_wconf 70' lang='lat' dir='ltr'>copiose</span> <span class='ocrx_word' id='word_1_38' title='bbox 1022 262 1057 292; x_wconf 82' lang='lat' dir='ltr'>ab</span> <span class='ocrx_word' id='word_1_39' title='bbox 1067 272 1103 292; x_wconf 93' lang='lat' dir='ltr'>eo</span> <span class='ocrx_word' id='word_1_40' title='bbox 1116 263 1194 302; x_wconf 85' lang='lat' dir='ltr'>agri—</span> 
     </span>
     <span class='ocr_line' id='line_1_6' title="bbox 235 304 1194 346; baseline -0.01 -3"><span class='ocrx_word' id='word_1_41' title='bbox 235 319 348 346; x_wconf 81' lang='lat' dir='ltr'>cultura</span> <span class='ocrx_word' id='word_1_42' title='bbox 357 311 491 341; x_wconf 82' lang='lat' dir='ltr'>laudatur</span> <span class='ocrx_word' id='word_1_43' title='bbox 503 311 535 340; x_wconf 88' lang='lat' dir='ltr'>in</span> <span class='ocrx_word' id='word_1_44' title='bbox 544 318 582 338; x_wconf 90' lang='lat' dir='ltr'>eo</span> <span class='ocrx_word' id='word_1_45' title='bbox 597 307 675 337; x_wconf 86' lang='lat' dir='ltr'>libro</span> <span class='ocrx_word' id='word_1_46' title='bbox 686 326 698 340; x_wconf 80' lang='lat'>‚</span> <span class='ocrx_word' id='word_1_47' title='bbox 721 310 730 326; x_wconf 86' lang='lat'>¹</span> <span class='ocrx_word' id='word_1_48' title='bbox 742 308 794 346; x_wconf 89' lang='lat' dir='ltr'>qui</span> <span class='ocrx_word' id='word_1_49' title='bbox 804 305 847 336; x_wconf 83' lang='lat' dir='ltr'>est</span> <span class='ocrx_word' id='word_1_50' title='bbox 856 305 892 335; x_wconf 87' lang='lat' dir='ltr'>de</span> <span class='ocrx_word' id='word_1_51' title='bbox 903 304 1011 335; x_wconf 86' lang='lat' dir='ltr'>tuenda</span> <span class='ocrx_word' id='word_1_52' title='bbox 1021 314 1052 334; x_wconf 82' lang='lat' dir='ltr'>re</span> <span class='ocrx_word' id='word_1_53' title='bbox 1062 304 1194 334; x_wconf 82' lang='lat' dir='ltr'>familia-</span> 
     </span>
     <span class='ocr_line' id='line_1_7' title="bbox 236 345 1196 394; baseline -0.011 -9"><span class='ocrx_word' id='word_1_54' title='bbox 236 359 259 386; x_wconf 85' lang='lat' dir='ltr'>ri</span> <span class='ocrx_word' id='word_1_55' title='bbox 271 375 279 387; x_wconf 86' lang='lat'>,</span> <span class='ocrx_word' id='word_1_56' title='bbox 309 356 361 394; x_wconf 86' lang='lat' dir='ltr'>qui</span> <span class='ocrx_word' id='word_1_57' title='bbox 379 351 603 382; x_wconf 76' lang='lat' dir='ltr'>Oeconomicus</span> <span class='ocrx_word' id='word_1_58' title='bbox 622 347 792 379; x_wconf 80' lang='lat' dir='ltr'>inscribitur</span> <span class='ocrx_word' id='word_1_59' title='bbox 812 355 822 378; x_wconf 71' lang='lat'><em>3</em></span> <span class='ocrx_word' id='word_1_60' title='bbox 857 349 954 387; x_wconf 81' lang='lat' dir='ltr'>Atque</span> <span class='ocrx_word' id='word_1_61' title='bbox 974 355 1006 376; x_wconf 87' lang='lat' dir='ltr'>ut</span> <span class='ocrx_word' id='word_1_62' title='bbox 1022 345 1196 386; x_wconf 82' lang='lat' dir='ltr'>intelligatis</span> 
     </span>
     <span class='ocr_line' id='line_1_8' title="bbox 235 386 1192 434; baseline -0.011 -7"><span class='ocrx_word' id='word_1_63' title='bbox 235 400 249 417; x_wconf 85' lang='lat'><em>²</em></span> <span class='ocrx_word' id='word_1_64' title='bbox 261 397 336 427; x_wconf 83' lang='lat' dir='ltr'>nibil</span> <span class='ocrx_word' id='word_1_65' title='bbox 348 395 374 428; x_wconf 84' lang='lat' dir='ltr'>ei</span> <span class='ocrx_word' id='word_1_66' title='bbox 387 403 447 424; x_wconf 84' lang='lat' dir='ltr'>tam</span> <span class='ocrx_word' id='word_1_67' title='bbox 458 392 552 434; x_wconf 86' lang='lat' dir='ltr'>regale</span> <span class='ocrx_word' id='word_1_68' title='bbox 564 390 671 423; x_wconf 87' lang='lat' dir='ltr'>videri,</span> <span class='ocrx_word' id='word_1_69' title='bbox 683 399 772 430; x_wconf 88' lang='lat' dir='ltr'>quam</span> <span class='ocrx_word' id='word_1_70' title='bbox 785 388 917 419; x_wconf 82' lang='lat' dir='ltr'>studium</span> <span class='ocrx_word' id='word_1_71' title='bbox 928 390 986 429; x_wconf 86' lang='lat' dir='ltr'>agri</span> <span class='ocrx_word' id='word_1_72' title='bbox 996 386 1128 420; x_wconf 86' lang='lat' dir='ltr'>colendi,</span> <span class='ocrx_word' id='word_1_73' title='bbox 1137 390 1192 417; x_wconf 90' lang='lat' dir='ltr'>So-</span> 
     </span>
     <span class='ocr_line' id='line_1_9' title="bbox 237 430 1195 473; baseline -0.009 -6"><span class='ocrx_word' id='word_1_74' title='bbox 237 447 325 467; x_wconf 81' lang='lat' dir='ltr'>crates</span> <span class='ocrx_word' id='word_1_75' title='bbox 336 437 413 467; x_wconf 86' lang='lat' dir='ltr'>ineo</span> <span class='ocrx_word' id='word_1_76' title='bbox 432 434 512 464; x_wconf 86' lang='lat' dir='ltr'>libro</span> <span class='ocrx_word' id='word_1_77' title='bbox 529 434 662 473; x_wconf 85' lang='lat' dir='ltr'>loquitur</span> <span class='ocrx_word' id='word_1_78' title='bbox 680 441 752 461; x_wconf 88' lang='lat' dir='ltr'>cum</span> <span class='ocrx_word' id='word_1_79' title='bbox 763 430 919 461; x_wconf 79' lang='lat' dir='ltr'>Critobulo</span> <span class='ocrx_word' id='word_1_80' title='bbox 932 450 941 463; x_wconf 86' lang='lat'>,</span> <span class='ocrx_word' id='word_1_81' title='bbox 961 432 1072 470; x_wconf 83' lang='lat' dir='ltr'>Cyrum</span> <span class='ocrx_word' id='word_1_82' title='bbox 1092 431 1195 458; x_wconf 90' lang='lat' dir='ltr'>mino-</span> 
     </span>
     <span class='ocr_line' id='line_1_10' title="bbox 238 471 1195 519; baseline -0.009 -11"><span class='ocrx_word' id='word_1_83' title='bbox 238 488 301 508; x_wconf 88' lang='lat' dir='ltr'>rem</span> <span class='ocrx_word' id='word_1_84' title='bbox 312 498 321 512; x_wconf 87' lang='lat'>,</span> <span class='ocrx_word' id='word_1_85' title='bbox 331 487 433 519; x_wconf 85' lang='lat' dir='ltr'>regem</span> <span class='ocrx_word' id='word_1_86' title='bbox 445 476 594 507; x_wconf 84' lang='lat' dir='ltr'>Persarum</span> <span class='ocrx_word' id='word_1_87' title='bbox 607 493 615 507; x_wconf 88' lang='lat'>‚</span> <span class='ocrx_word' id='word_1_88' title='bbox 629 472 815 513; x_wconf 81' lang='lat' dir='ltr'>praestantem</span> <span class='ocrx_word' id='word_1_89' title='bbox 826 473 962 513; x_wconf 85' lang='lat' dir='ltr'>ingenio,</span> <span class='ocrx_word' id='word_1_90' title='bbox 976 480 1063 511; x_wconf 88' lang='lat' dir='ltr'>atque</span> <span class='ocrx_word' id='word_1_91' title='bbox 1073 471 1195 510; x_wconf 86' lang='lat' dir='ltr'>imperii</span> 
     </span>
     <span class='ocr_line' id='line_1_11' title="bbox 238 513 1196 561; baseline -0.008 -12"><span class='ocrx_word' id='word_1_92' title='bbox 238 521 332 561; x_wconf 85' lang='lat' dir='ltr'>gloria</span> <span class='ocrx_word' id='word_1_93' title='bbox 343 538 351 552; x_wconf 87' lang='lat'>,</span> <span class='ocrx_word' id='word_1_94' title='bbox 361 518 432 549; x_wconf 79' lang='lat' dir='ltr'>cum</span> <span class='ocrx_word' id='word_1_95' title='bbox 447 516 595 557; x_wconf 82' lang='lat' dir='ltr'>Lysander</span> <span class='ocrx_word' id='word_1_96' title='bbox 605 514 864 547; x_wconf 68' lang='lat' dir='ltr'>Lacedaemonius,</span> <span class='ocrx_word' id='word_1_97' title='bbox 875 515 920 543; x_wconf 84' lang='lat' dir='ltr'>vii·</span> <span class='ocrx_word' id='word_1_98' title='bbox 929 513 1055 544; x_wconf 84' lang='lat' dir='ltr'>summae</span> <span class='ocrx_word' id='word_1_99' title='bbox 1066 514 1196 544; x_wconf 79' lang='lat' dir='ltr'>virtutis,</span> 
     </span>
     <span class='ocr_line' id='line_1_12' title="bbox 240 552 1196 597; baseline -0.008 -6"><span class='ocrx_word' id='word_1_100' title='bbox 240 559 365 591; x_wconf 72' lang='lat' dir='ltr'>venisset</span> <span class='ocrx_word' id='word_1_101' title='bbox 384 560 421 593; x_wconf 79' lang='lat' dir='ltr'>ad</span> <span class='ocrx_word' id='word_1_102' title='bbox 437 569 509 590; x_wconf 84' lang='lat' dir='ltr'>eum</span> <span class='ocrx_word' id='word_1_103' title='bbox 527 558 623 590; x_wconf 82' lang='lat' dir='ltr'>Sardis</span> <span class='ocrx_word' id='word_1_104' title='bbox 635 577 643 590; x_wconf 89' lang='lat'>‚</span> <span class='ocrx_word' id='word_1_105' title='bbox 663 559 750 597; x_wconf 86' lang='lat' dir='ltr'>eique</span> <span class='ocrx_word' id='word_1_106' title='bbox 770 555 874 586; x_wconf 76' lang='lat' dir='ltr'>donaa</span> <span class='ocrx_word' id='word_1_107' title='bbox 886 555 973 585; x_wconf 87' lang='lat' dir='ltr'>sociis</span> <span class='ocrx_word' id='word_1_108' title='bbox 984 552 1139 584; x_wconf 80' lang='lat' dir='ltr'>attulifl&#39;et:</span> <span class='ocrx_word' id='word_1_109' title='bbox 1162 553 1196 583; x_wconf 87' lang='lat'>&amp;</span> 
     </span>
     <span class='ocr_line' id='line_1_13' title="bbox 236 597 1197 638; baseline -0.008 -5"><span class='ocrx_word' id='word_1_110' title='bbox 236 612 342 633; x_wconf 80' lang='lat' dir='ltr'>ceteris</span> <span class='ocrx_word' id='word_1_111' title='bbox 354 602 485 633; x_wconf 73' lang='lat' dir='ltr'>in&#39;rebus</span> <span class='ocrx_word' id='word_1_112' title='bbox 494 609 615 631; x_wconf 87' lang='lat' dir='ltr'>comem</span> <span class='ocrx_word' id='word_1_113' title='bbox 625 608 692 638; x_wconf 83' lang='lat' dir='ltr'>erga</span> <span class='ocrx_word' id='word_1_114' title='bbox 702 597 887 637; x_wconf 84' lang='lat' dir='ltr'>Lysandrum</span> <span class='ocrx_word' id='word_1_115' title='bbox 900 617 908 630; x_wconf 88' lang='lat'>,</span> <span class='ocrx_word' id='word_1_116' title='bbox 930 606 1018 637; x_wconf 83' lang='lat' dir='ltr'>atque</span> <span class='ocrx_word' id='word_1_117' title='bbox 1029 597 1197 626; x_wconf 86' lang='lat' dir='ltr'>humanum</span> 
     </span>
     <span class='ocr_line' id='line_1_14' title="bbox 238 635 1196 684; baseline -0.009 -9"><span class='ocrx_word' id='word_1_118' title='bbox 238 642 328 677; x_wconf 75' lang='lat' dir='ltr'>fuiise</span> <span class='ocrx_word' id='word_1_119' title='bbox 337 663 345 677; x_wconf 90' lang='lat'>,</span> <span class='ocrx_word' id='word_1_120' title='bbox 359 644 394 675; x_wconf 75' lang='grc' dir='ltr'>δε</span> <span class='ocrx_word' id='word_1_121' title='bbox 402 645 430 673; x_wconf 89' lang='lat' dir='ltr'>ei</span> <span class='ocrx_word' id='word_1_122' title='bbox 441 642 592 684; x_wconf 80' lang='lat' dir='ltr'>quendam</span> <span class='ocrx_word' id='word_1_123' title='bbox 600 641 785 680; x_wconf 77' lang='lat' dir='ltr'>consaeptum</span> <span class='ocrx_word' id='word_1_124' title='bbox 793 648 895 679; x_wconf 82' lang='lat' dir='ltr'>agrum</span> <span class='ocrx_word' id='word_1_125' title='bbox 907 658 915 672; x_wconf 88' lang='lat'>,</span> <span class='ocrx_word' id='word_1_126' title='bbox 935 639 1094 680; x_wconf 75' lang='lat' dir='ltr'>diligenter</span> <span class='ocrx_word' id='word_1_127' title='bbox 1101 635 1196 667; x_wconf 87' lang='lat' dir='ltr'>confi-</span> 
     </span>
     <span class='ocr_line' id='line_1_15' title="bbox 241 680 1198 719; baseline -0.008 -3"><span class='ocrx_word' id='word_1_128' title='bbox 241 695 308 716; x_wconf 89' lang='lat' dir='ltr'>tum</span> <span class='ocrx_word' id='word_1_129' title='bbox 329 683 499 716; x_wconf 77' lang='lat' dir='ltr'>ostendisse.</span> <span class='ocrx_word' id='word_1_130' title='bbox 524 683 593 714; x_wconf 73' lang='lat' dir='ltr'>cum</span> <span class='ocrx_word' id='word_1_131' title='bbox 605 690 708 713; x_wconf 79' lang='lat' dir='ltr'>autem</span> <span class='ocrx_word' id='word_1_132' title='bbox 716 681 909 712; x_wconf 75' lang='lat' dir='ltr'>admiraretur</span> <span class='ocrx_word' id='word_1_133' title='bbox 920 680 1070 719; x_wconf 84' lang='lat' dir='ltr'>Lysander</span> <span class='ocrx_word' id='word_1_134' title='bbox 1082 680 1114 709; x_wconf 89' lang='lat'>&amp;</span> <span class='ocrx_word' id='word_1_135' title='bbox 1127 688 1198 719; x_wconf 73' lang='lat' dir='ltr'>pro-</span> 
     </span>
     <span class='ocr_line' id='line_1_16' title="bbox 241 721 1193 763; baseline -0.008 -5"><span class='ocrx_word' id='word_1_136' title='bbox 241 729 376 758; x_wconf 82' lang='lat' dir='ltr'>ceritates</span> <span class='ocrx_word' id='word_1_137' title='bbox 386 727 525 757; x_wconf 81' lang='lat' dir='ltr'>arborum</span> <span class='ocrx_word' id='word_1_138' title='bbox 536 745 544 758; x_wconf 92' lang='lat'>‚</span> <span class='ocrx_word' id='word_1_139' title='bbox 559 724 591 755; x_wconf 68' lang='grc' dir='ltr'>δε</span> <span class='ocrx_word' id='word_1_140' title='bbox 602 723 734 756; x_wconf 54' lang='lat' dir='ltr'>dimotos</span> <span class='ocrx_word' id='word_1_141' title='bbox 743 725 775 754; x_wconf 89' lang='lat' dir='ltr'>iri</span> <span class='ocrx_word' id='word_1_142' title='bbox 785 732 988 763; x_wconf 84' lang='lat' dir='ltr'>quincuncem</span> <span class='ocrx_word' id='word_1_143' title='bbox 999 721 1119 751; x_wconf 79' lang='lat' dir='ltr'>ordines</span> <span class='ocrx_word' id='word_1_144' title='bbox 1131 740 1139 754; x_wconf 89' lang='lat'>‚</span> <span class='ocrx_word' id='word_1_145' title='bbox 1161 721 1193 750; x_wconf 72' lang='grc' dir='ltr'>δε</span> 
     </span>
     <span class='ocr_line' id='line_1_17' title="bbox 242 763 1198 806; baseline -0.005 -7"><span class='ocrx_word' id='word_1_146' title='bbox 242 770 374 798; x_wconf 85' lang='lat' dir='ltr'>humum</span> <span class='ocrx_word' id='word_1_147' title='bbox 388 767 537 798; x_wconf 62' lang='lat' dir='ltr'>sabaa-am</span> <span class='ocrx_word' id='word_1_148' title='bbox 550 786 558 799; x_wconf 90' lang='lat'>‚</span> <span class='ocrx_word' id='word_1_149' title='bbox 577 775 664 806; x_wconf 88' lang='lat' dir='ltr'>atque</span> <span class='ocrx_word' id='word_1_150' title='bbox 673 774 776 806; x_wconf 85' lang='lat' dir='ltr'>puram</span> <span class='ocrx_word' id='word_1_151' title='bbox 788 784 796 798; x_wconf 89' lang='lat'>‚</span> <span class='ocrx_word' id='word_1_152' title='bbox 819 765 852 794; x_wconf 86' lang='lat'>&amp;</span> <span class='ocrx_word' id='word_1_153' title='bbox 866 764 1039 794; x_wconf 80' lang='lat' dir='ltr'>suavitatem</span> <span class='ocrx_word' id='word_1_154' title='bbox 1053 763 1198 794; x_wconf 77' lang='lat' dir='ltr'>odorum,</span> 
     </span>
     <span class='ocr_line' id='line_1_18' title="bbox 245 804 1198 850; baseline -0.005 -12"><span class='ocrx_word' id='word_1_155' title='bbox 245 814 259 838; x_wconf 86' lang='lat'>3</span> <span class='ocrx_word' id='word_1_156' title='bbox 272 812 321 850; x_wconf 80' lang='lat' dir='ltr'>qui</span> <span class='ocrx_word' id='word_1_157' title='bbox 332 809 501 840; x_wconf 78' lang='lat' dir='ltr'>afflarentur</span> <span class='ocrx_word' id='word_1_158' title='bbox 510 809 527 840; x_wconf 76' lang='lat' dir='ltr'>e</span> <span class='ocrx_word' id='word_1_159' title='bbox 540 807 681 839; x_wconf 84' lang='lat' dir='ltr'>floribus:</span> <span class='ocrx_word' id='word_1_160' title='bbox 697 817 761 837; x_wconf 91' lang='lat' dir='ltr'>tum</span> <span class='ocrx_word' id='word_1_161' title='bbox 773 804 892 839; x_wconf 84' lang='lat' dir='ltr'>dixisse,</span> <span class='ocrx_word' id='word_1_162' title='bbox 905 807 1006 835; x_wconf 85' lang='lat' dir='ltr'>mirari</span> <span class='ocrx_word' id='word_1_163' title='bbox 1015 806 1043 835; x_wconf 82' lang='lat' dir='ltr'>se</span> <span class='ocrx_word' id='word_1_164' title='bbox 1052 814 1117 835; x_wconf 90' lang='lat' dir='ltr'>non</span> <span class='ocrx_word' id='word_1_165' title='bbox 1130 813 1198 833; x_wconf 89' lang='lat' dir='ltr'>mo·</span> 
     </span>
     <span class='ocr_line' id='line_1_19' title="bbox 243 844 1199 892; baseline -0.008 -10"><span class='ocrx_word' id='word_1_166' title='bbox 243 852 285 882; x_wconf 78' lang='lat' dir='ltr'>do</span> <span class='ocrx_word' id='word_1_167' title='bbox 304 853 508 892; x_wconf 80' lang='lat' dir='ltr'>diligentiam,</span> <span class='ocrx_word' id='word_1_168' title='bbox 533 849 582 881; x_wconf 86' lang='lat' dir='ltr'>sed</span> <span class='ocrx_word' id='word_1_169' title='bbox 599 852 688 881; x_wconf 87' lang='lat' dir='ltr'>etiam</span> <span class='ocrx_word' id='word_1_170' title='bbox 706 848 867 879; x_wconf 75' lang='lat' dir='ltr'>sollertiam</span> <span class='ocrx_word' id='word_1_171' title='bbox 886 849 970 886; x_wconf 81' lang='lat' dir='ltr'>ejus.</span> <span class='ocrx_word' id='word_1_172' title='bbox 989 847 1005 877; x_wconf 80' lang='lat' dir='ltr'>a</span> <span class='ocrx_word' id='word_1_173' title='bbox 1024 856 1086 887; x_wconf 90' lang='lat' dir='ltr'>quo</span> <span class='ocrx_word' id='word_1_174' title='bbox 1106 844 1199 890; x_wconf 74' lang='lat' dir='ltr'>effen:</span> 
     </span>
     <span class='ocr_line' id='line_1_20' title="bbox 243 885 1196 933; baseline -0.007 -11"><span class='ocrx_word' id='word_1_175' title='bbox 243 895 294 924; x_wconf 85' lang='lat' dir='ltr'>illa</span> <span class='ocrx_word' id='word_1_176' title='bbox 313 894 449 923; x_wconf 78' lang='lat' dir='ltr'>dimensa</span> <span class='ocrx_word' id='word_1_177' title='bbox 460 913 468 926; x_wconf 91' lang='lat'>‚</span> <span class='ocrx_word' id='word_1_178' title='bbox 491 901 578 933; x_wconf 85' lang='lat' dir='ltr'>atque</span> <span class='ocrx_word' id='word_1_179' title='bbox 600 892 759 930; x_wconf 86' lang='lat' dir='ltr'>descripta:</span> <span class='ocrx_word' id='word_1_180' title='bbox 781 890 814 920; x_wconf 91' lang='lat'>&amp;</span> <span class='ocrx_word' id='word_1_181' title='bbox 833 891 861 919; x_wconf 89' lang='lat' dir='ltr'>ei</span> <span class='ocrx_word' id='word_1_182' title='bbox 879 892 989 928; x_wconf 83' lang='lat' dir='ltr'>Cyrum</span> <span class='ocrx_word' id='word_1_183' title='bbox 1008 885 1196 928; x_wconf 80' lang='lat' dir='ltr'>respondisse:</span> 
     </span>
     <span class='ocr_line' id='line_1_21' title="bbox 243 930 1197 975; baseline -0.007 -11"><span class='ocrx_word' id='word_1_184' title='bbox 243 936 348 975; x_wconf 59' lang='lat' dir='ltr'>,Atqui</span> <span class='ocrx_word' id='word_1_185' title='bbox 368 945 414 975; x_wconf 82' lang='lat' dir='ltr'>ego</span> <span class='ocrx_word' id='word_1_186' title='bbox 436 934 531 964; x_wconf 79' lang='lat' dir='ltr'>omnia</span> <span class='ocrx_word' id='word_1_187' title='bbox 550 931 820 973; x_wconf 71' lang='lat' dir='ltr'>istasnmdimenfus</span> <span class='ocrx_word' id='word_1_188' title='bbox 832 943 841 965; x_wconf 89' lang='lat'>·‚</span> <span class='ocrx_word' id='word_1_189' title='bbox 858 930 986 969; x_wconf 78' lang='lat' dir='ltr'>meisunr</span> <span class='ocrx_word' id='word_1_190' title='bbox 994 930 1097 959; x_wconf 79' lang='lat' dir='ltr'>ordines</span> <span class='ocrx_word' id='word_1_191' title='bbox 1106 950 1114 961; x_wconf 96' lang='lat'>,</span> <span class='ocrx_word' id='word_1_192' title='bbox 1135 938 1197 957; x_wconf 87' lang='lat' dir='ltr'>mea</span> 
     </span>
     <span class='ocr_line' id='line_1_22' title="bbox 241 971 1195 1018; baseline -0.006 -13"><span class='ocrx_word' id='word_1_193' title='bbox 241 976 385 1018; x_wconf 71' lang='lat' dir='ltr'>descriptio</span> <span class='ocrx_word' id='word_1_194' title='bbox 397 988 405 1010; x_wconf 77' lang='lat'>3</span> <span class='ocrx_word' id='word_1_195' title='bbox 415 984 509 1005; x_wconf 67' lang='lat' dir='ltr'>mmm</span> <span class='ocrx_word' id='word_1_196' title='bbox 518 976 606 1004; x_wconf 76' lang='lat' dir='ltr'>etiam</span> <span class='ocrx_word' id='word_1_197' title='bbox 614 972 870 1011; x_wconf 72' lang='lat' dir='ltr'>zstarumarhomm</span> <span class='ocrx_word' id='word_1_198' title='bbox 881 982 943 1001; x_wconf 76' lang='lat' dir='ltr'>msa</span> <span class='ocrx_word' id='word_1_199' title='bbox 951 982 1037 1001; x_wconf 82' lang='lat' dir='ltr'>manu</span> <span class='ocrx_word' id='word_1_200' title='bbox 1043 972 1111 1011; x_wconf 65' lang='lat' dir='ltr'>fimf</span> <span class='ocrx_word' id='word_1_201' title='bbox 1117 971 1195 1010; x_wconf 74' lang='lat' dir='ltr'>sata.</span> 
     </span>
    </p>
   </div>
   <div class='ocr_carea' id='block_1_5' title="bbox 241 1015 1219 1100">
    <p class='ocr_par' dir='ltr' id='par_1_5' title="bbox 241 1015 1219 1100">
     <span class='ocr_line' id='line_1_23' title="bbox 242 1015 1219 1058; baseline -0.006 -9"><span class='ocrx_word' id='word_1_202' title='bbox 242 1022 327 1050; x_wconf 87' lang='lat' dir='ltr'>Tum</span> <span class='ocrx_word' id='word_1_203' title='bbox 339 1017 528 1058; x_wconf 81' lang='lat' dir='ltr'>Lysandrum</span> <span class='ocrx_word' id='word_1_204' title='bbox 546 1019 742 1048; x_wconf 64' lang='lat' dir='ltr'>intuentem4</span> <span class='ocrx_word' id='word_1_205' title='bbox 752 1015 814 1054; x_wconf 84' lang='lat' dir='ltr'>ejus</span> <span class='ocrx_word' id='word_1_206' title='bbox 824 1024 983 1055; x_wconf 88' lang='lat' dir='ltr'>purpuram</span> <span class='ocrx_word' id='word_1_207' title='bbox 996 1033 1004 1047; x_wconf 91' lang='lat'>,</span> <span class='ocrx_word' id='word_1_208' title='bbox 1025 1015 1057 1044; x_wconf 90' lang='lat'>&amp;</span> <span class='ocrx_word' id='word_1_209' title='bbox 1068 1016 1199 1043; x_wconf 86' lang='lat' dir='ltr'>nitorem</span> <span class='ocrx_word' id='word_1_210' title='bbox 1217 1039 1219 1043; x_wconf 93' lang='lat'>.</span> 
     </span>
     <span class='ocr_line' id='line_1_24' title="bbox 241 1050 1219 1100; baseline -0.007 -10"><span class='ocrx_word' id='word_1_211' title='bbox 241 1062 395 1100; x_wconf 85' lang='lat' dir='ltr'>corporis,</span> <span class='ocrx_word' id='word_1_212' title='bbox 417 1068 616 1099; x_wconf 85' lang='lat' dir='ltr'>ornatumque</span> <span class='ocrx_word' id='word_1_213' title='bbox 636 1055 781 1089; x_wconf 86' lang='lat' dir='ltr'>Persicum</span> <span class='ocrx_word' id='word_1_214' title='bbox 803 1056 902 1086; x_wconf 90' lang='lat' dir='ltr'>multo</span> <span class='ocrx_word' id='word_1_215' title='bbox 920 1065 990 1085; x_wconf 82' lang='lat' dir='ltr'>auro</span> <span class='ocrx_word' id='word_1_216' title='bbox 1003 1076 1011 1089; x_wconf 93' lang='lat'>,</span> <span class='ocrx_word' id='word_1_217' title='bbox 1035 1055 1197 1094; x_wconf 87' lang='lat' dir='ltr'>multisque</span> <span class='ocrx_word' id='word_1_218' title='bbox 1217 1050 1219 1068; x_wconf 66' lang='lat'>&#39;¹</span> 
     </span>
    </p>
   </div>
   <div class='ocr_carea' id='block_1_6' title="bbox 239 1096 1217 2097">
    <p class='ocr_par' dir='ltr' id='par_1_6' title="bbox 239 1096 1217 2097">
     <span class='ocr_line' id='line_1_25' title="bbox 241 1096 1199 1142; baseline -0.007 -11"><span class='ocrx_word' id='word_1_219' title='bbox 241 1104 373 1142; x_wconf 80' lang='lat' dir='ltr'>gemmis</span> <span class='ocrx_word' id='word_1_220' title='bbox 383 1121 391 1134; x_wconf 92' lang='lat'><em>‚</em></span> <span class='ocrx_word' id='word_1_221' title='bbox 404 1099 510 1132; x_wconf 80' lang='lat' dir='ltr'>dixisse</span> <span class='ocrx_word' id='word_1_222' title='bbox 523 1111 528 1129; x_wconf 91' lang='lat'>:</span> <span class='ocrx_word' id='word_1_223' title='bbox 542 1104 554 1127; x_wconf 74' lang='grc' dir='ltr'><strong><em>ἴ</em></strong></span> <span class='ocrx_word' id='word_1_224' title='bbox 564 1099 633 1130; x_wconf 54' lang='lat' dir='ltr'>Rite*</span> <span class='ocrx_word' id='word_1_225' title='bbox 645 1097 709 1129; x_wconf 78' lang='lat' dir='ltr'>veri&gt;</span> <span class='ocrx_word' id='word_1_226' title='bbox 722 1107 750 1129; x_wconf 79' lang='lat' dir='ltr'>te</span> <span class='ocrx_word' id='word_1_227' title='bbox 761 1118 768 1131; x_wconf 93' lang='lat'>,</span> <span class='ocrx_word' id='word_1_228' title='bbox 777 1100 867 1138; x_wconf 84' lang='lat' dir='ltr'>Cyre,</span> <span class='ocrx_word' id='word_1_229' title='bbox 878 1096 991 1126; x_wconf 81' lang='lat' dir='ltr'>beatum</span> <span class='ocrx_word' id='word_1_230' title='bbox 999 1097 1098 1136; x_wconf 76' lang='lat' dir='ltr'>ferunt</span> <span class='ocrx_word' id='word_1_231' title='bbox 1108 1116 1116 1129; x_wconf 92' lang='lat'>‚</span> <span class='ocrx_word' id='word_1_232' title='bbox 1128 1106 1199 1136; x_wconf 77' lang='lat' dir='ltr'>quo-</span> 
     </span>
     <span class='ocr_line' id='line_1_26' title="bbox 243 1137 1197 1181; baseline -0.006 -9"><span class='ocrx_word' id='word_1_233' title='bbox 243 1153 322 1172; x_wconf 80' lang='lat' dir='ltr'>niam</span> <span class='ocrx_word' id='word_1_234' title='bbox 331 1143 439 1172; x_wconf 78' lang='lat' dir='ltr'>virtuti</span> <span class='ocrx_word' id='word_1_235' title='bbox 450 1150 502 1172; x_wconf 74' lang='lat' dir='ltr'>tua</span> <span class='ocrx_word' id='word_1_236' title='bbox 503 1141 625 1181; x_wconf 81' lang='lat' dir='ltr'>fortuna</span> <span class='ocrx_word' id='word_1_237' title='bbox 642 1139 788 1180; x_wconf 60' lang='lat' dir='ltr'>conjundia</span> <span class='ocrx_word' id='word_1_238' title='bbox 801 1138 853 1169; x_wconf 63' lang='lat' dir='ltr'>eff.</span> <span class='ocrx_word' id='word_1_239' title='bbox 879 1142 944 1169; x_wconf 88' lang='lat' dir='ltr'>Hac</span> <span class='ocrx_word' id='word_1_240' title='bbox 966 1141 1057 1180; x_wconf 84' lang='lat' dir='ltr'>igitur</span> <span class='ocrx_word' id='word_1_241' title='bbox 1077 1137 1197 1167; x_wconf 77' lang='lat' dir='ltr'>foi-tuna</span> 
     </span>
     <span class='ocr_line' id='line_1_27' title="bbox 241 1180 1197 1222; baseline -0.006 -8"><span class='ocrx_word' id='word_1_242' title='bbox 241 1184 300 1215; x_wconf 69' lang='lat' dir='ltr'>frui</span> <span class='ocrx_word' id='word_1_243' title='bbox 314 1185 385 1216; x_wconf 83' lang='lat' dir='ltr'>licet</span> <span class='ocrx_word' id='word_1_244' title='bbox 403 1184 524 1214; x_wconf 81' lang='lat' dir='ltr'>senibus</span> <span class='ocrx_word' id='word_1_245' title='bbox 540 1194 546 1214; x_wconf 87' lang='grc'>;</span> <span class='ocrx_word' id='word_1_246' title='bbox 568 1194 624 1214; x_wconf 85' lang='lat' dir='ltr'>nec</span> <span class='ocrx_word' id='word_1_247' title='bbox 641 1192 708 1214; x_wconf 83' lang='lat' dir='ltr'>aetas</span> <span class='ocrx_word' id='word_1_248' title='bbox 719 1182 867 1222; x_wconf 85' lang='lat' dir='ltr'>impedit,</span> <span class='ocrx_word' id='word_1_249' title='bbox 888 1191 949 1221; x_wconf 88' lang='lat' dir='ltr'>quo</span> <span class='ocrx_word' id='word_1_250' title='bbox 962 1180 1064 1210; x_wconf 79' lang='lat' dir='ltr'>minus</span> <span class='ocrx_word' id='word_1_251' title='bbox 1077 1180 1109 1209; x_wconf 71' lang='grc' dir='ltr'>δε</span> <span class='ocrx_word' id='word_1_252' title='bbox 1120 1188 1197 1209; x_wconf 86' lang='lat' dir='ltr'>cete-</span> 
     </span>
     <span class='ocr_line' id='line_1_28' title="bbox 239 1222 1199 1266; baseline -0.007 -10"><span class='ocrx_word' id='word_1_253' title='bbox 239 1236 339 1259; x_wconf 70' lang='lat' dir='ltr'>rarum</span> <span class='ocrx_word' id='word_1_254' title='bbox 351 1236 448 1256; x_wconf 84' lang='lat' dir='ltr'>rerum</span> <span class='ocrx_word' id='word_1_255' title='bbox 463 1246 473 1259; x_wconf 86' lang='lat'>‚</span> <span class='ocrx_word' id='word_1_256' title='bbox 495 1226 527 1256; x_wconf 90' lang='lat'>&amp;</span> <span class='ocrx_word' id='word_1_257' title='bbox 547 1227 688 1266; x_wconf 78' lang='lat' dir='ltr'>inprimis</span> <span class='ocrx_word' id='word_1_258' title='bbox 707 1227 768 1265; x_wconf 82' lang='lat' dir='ltr'>agri</span> <span class='ocrx_word' id='word_1_259' title='bbox 788 1223 909 1253; x_wconf 85' lang='lat' dir='ltr'>colendi</span> <span class='ocrx_word' id='word_1_260' title='bbox 928 1222 1023 1252; x_wconf 79' lang='lat' dir='ltr'>studia</span> <span class='ocrx_word' id='word_1_261' title='bbox 1042 1230 1199 1251; x_wconf 75' lang='lat' dir='ltr'>teneamus</span> 
     </span>
     <span class='ocr_line' id='line_1_29' title="bbox 239 1263 1197 1309; baseline -0.007 -11"><span class='ocrx_word' id='word_1_262' title='bbox 239 1265 258 1288; x_wconf 79' lang='lat'><strong>⁶</strong></span> <span class='ocrx_word' id='word_1_263' title='bbox 271 1268 406 1309; x_wconf 77' lang='lat' dir='ltr'>usquead</span> <span class='ocrx_word' id='word_1_264' title='bbox 427 1268 572 1300; x_wconf 84' lang='lat' dir='ltr'>ultimum</span> <span class='ocrx_word' id='word_1_265' title='bbox 592 1276 710 1306; x_wconf 88' lang='lat' dir='ltr'>tempus</span> <span class='ocrx_word' id='word_1_266' title='bbox 734 1264 904 1296; x_wconf 69' lang='lat' dir='ltr'>seneflmtis.</span> <span class='ocrx_word' id='word_1_267' title='bbox 927 1266 1063 1294; x_wconf 81' lang='lat' dir='ltr'>Marcum</span> <span class='ocrx_word' id='word_1_268' title='bbox 1074 1263 1197 1304; x_wconf 88' lang='lat' dir='ltr'>quidem</span> 
     </span>
     <span class='ocr_line' id='line_1_30' title="bbox 242 1303 1197 1348; baseline -0.006 -9"><span class='ocrx_word' id='word_1_269' title='bbox 242 1310 399 1340; x_wconf 86' lang='lat' dir='ltr'>Valerium</span> <span class='ocrx_word' id='word_1_270' title='bbox 408 1311 588 1341; x_wconf 74' lang='lat' dir='ltr'>Corvinum</span> <span class='ocrx_word' id='word_1_271' title='bbox 599 1310 769 1348; x_wconf 86' lang='lat' dir='ltr'>accepimus</span> <span class='ocrx_word' id='word_1_272' title='bbox 788 1313 802 1335; x_wconf 90' lang='grc'>7</span> <span class='ocrx_word' id='word_1_273' title='bbox 812 1306 848 1336; x_wconf 91' lang='lat' dir='ltr'>ad</span> <span class='ocrx_word' id='word_1_274' title='bbox 866 1303 1061 1336; x_wconf 81' lang='lat' dir='ltr'>centefimum</span> <span class='ocrx_word' id='word_1_275' title='bbox 1081 1314 1197 1335; x_wconf 87' lang='lat' dir='ltr'>annum</span> 
     </span>
     <span class='ocr_line' id='line_1_31' title="bbox 242 1346 1200 1392; baseline -0.007 -10"><span class='ocrx_word' id='word_1_276' title='bbox 242 1349 411 1392; x_wconf 70' lang='lat' dir='ltr'>perduxisse</span> <span class='ocrx_word' id='word_1_277' title='bbox 423 1371 431 1385; x_wconf 90' lang='lat'>,</span> <span class='ocrx_word' id='word_1_278' title='bbox 451 1349 523 1381; x_wconf 79' lang='lat' dir='ltr'>cum</span> <span class='ocrx_word' id='word_1_279' title='bbox 533 1348 604 1382; x_wconf 78' lang='lat' dir='ltr'>effer</span> <span class='ocrx_word' id='word_1_280' title='bbox 613 1349 742 1389; x_wconf 69' lang='lat' dir='ltr'>a&amp;ajani</span> <span class='ocrx_word' id='word_1_281' title='bbox 751 1357 835 1379; x_wconf 81' lang='lat' dir='ltr'>aetate</span> <span class='ocrx_word' id='word_1_282' title='bbox 845 1350 877 1378; x_wconf 88' lang='lat' dir='ltr'>in</span> <span class='ocrx_word' id='word_1_283' title='bbox 884 1350 960 1389; x_wconf 87' lang='lat' dir='ltr'>agris</span> <span class='ocrx_word' id='word_1_284' title='bbox 971 1367 979 1381; x_wconf 88' lang='lat'>‚</span> <span class='ocrx_word' id='word_1_285' title='bbox 1000 1347 1108 1387; x_wconf 86' lang='lat' dir='ltr'>eosque</span> <span class='ocrx_word' id='word_1_286' title='bbox 1117 1346 1200 1376; x_wconf 88' lang='lat' dir='ltr'>cole—</span> 
     </span>
     <span class='ocr_line' id='line_1_32' title="bbox 241 1387 1198 1433; baseline -0.007 -8"><span class='ocrx_word' id='word_1_287' title='bbox 241 1402 302 1425; x_wconf 78' lang='lat' dir='ltr'>ret:</span> <span class='ocrx_word' id='word_1_288' title='bbox 319 1393 404 1433; x_wconf 80' lang='lat' dir='ltr'>cujus</span> <span class='ocrx_word' id='word_1_289' title='bbox 424 1395 500 1423; x_wconf 86' lang='lat' dir='ltr'>inter</span> <span class='ocrx_word' id='word_1_290' title='bbox 517 1393 653 1432; x_wconf 87' lang='lat' dir='ltr'>primum</span> <span class='ocrx_word' id='word_1_291' title='bbox 672 1392 705 1423; x_wconf 88' lang='lat'>&amp;</span> <span class='ocrx_word' id='word_1_292' title='bbox 727 1391 844 1422; x_wconf 76' lang='lat' dir='ltr'>sextum</span> <span class='ocrx_word' id='word_1_293' title='bbox 867 1390 1075 1423; x_wconf 83' lang='lat' dir='ltr'>consulatum,</span> <span class='ocrx_word' id='word_1_294' title='bbox 1093 1388 1144 1418; x_wconf 85' lang='lat' dir='ltr'>sex</span> <span class='ocrx_word' id='word_1_295' title='bbox 1165 1387 1198 1418; x_wconf 70' lang='grc' dir='ltr'>δε</span> 
     </span>
     <span class='ocr_line' id='line_1_33' title="bbox 241 1430 1217 1476; baseline -0.006 -11"><span class='ocrx_word' id='word_1_296' title='bbox 241 1434 431 1476; x_wconf 79' lang='lat' dir='ltr'>quadraginta</span> <span class='ocrx_word' id='word_1_297' title='bbox 446 1443 519 1465; x_wconf 82' lang='lat' dir='ltr'>anni</span> <span class='ocrx_word' id='word_1_298' title='bbox 539 1433 747 1465; x_wconf 75' lang='lat' dir='ltr'>interfuerunt.</span> <span class='ocrx_word' id='word_1_299' title='bbox 783 1434 882 1473; x_wconf 87' lang='lat' dir='ltr'>itaque</span> <span class='ocrx_word' id='word_1_300' title='bbox 901 1440 1049 1472; x_wconf 84' lang='lat' dir='ltr'>quantum</span> <span class='ocrx_word' id='word_1_301' title='bbox 1070 1430 1196 1470; x_wconf 85' lang='lat' dir='ltr'>spatium</span> <span class='ocrx_word' id='word_1_302' title='bbox 1216 1446 1217 1450; x_wconf 68' lang='lat'><em>=</em></span> 
     </span>
     <span class='ocr_line' id='line_1_34' title="bbox 242 1471 1198 1515; baseline -0.003 -8"><span class='ocrx_word' id='word_1_303' title='bbox 242 1478 334 1508; x_wconf 84' lang='lat' dir='ltr'>aetatis</span> <span class='ocrx_word' id='word_1_304' title='bbox 345 1477 472 1515; x_wconf 84' lang='lat' dir='ltr'>majores</span> <span class='ocrx_word' id='word_1_305' title='bbox 481 1474 575 1506; x_wconf 85' lang='lat' dir='ltr'>nostri</span> <span class='ocrx_word' id='word_1_306' title='bbox 596 1475 633 1505; x_wconf 92' lang='lat' dir='ltr'>ad</span> <span class='ocrx_word' id='word_1_307' title='bbox 652 1473 815 1506; x_wconf 56' lang='lat' dir='ltr'>senectutis</span> <span class='ocrx_word' id='word_1_308' title='bbox 823 1475 948 1504; x_wconf 84' lang='lat' dir='ltr'>initium</span> <span class='ocrx_word' id='word_1_309' title='bbox 957 1471 1015 1503; x_wconf 86' lang='lat' dir='ltr'>effe</span> <span class='ocrx_word' id='word_1_310' title='bbox 1023 1473 1198 1504; x_wconf 76' lang='lat' dir='ltr'>voluerunt,</span> 
     </span>
     <span class='ocr_line' id='line_1_35' title="bbox 244 1515 1198 1555; baseline -0.006 -7"><span class='ocrx_word' id='word_1_311' title='bbox 244 1527 341 1548; x_wconf 89' lang='lat' dir='ltr'>tantus</span> <span class='ocrx_word' id='word_1_312' title='bbox 353 1518 399 1548; x_wconf 92' lang='lat' dir='ltr'>illi</span> <span class='ocrx_word' id='word_1_313' title='bbox 419 1517 522 1548; x_wconf 80' lang='lat' dir='ltr'>cursus</span> <span class='ocrx_word' id='word_1_314' title='bbox 541 1515 695 1547; x_wconf 86' lang='lat' dir='ltr'>honorum</span> <span class='ocrx_word' id='word_1_315' title='bbox 717 1515 786 1546; x_wconf 81' lang='lat' dir='ltr'>fuit.</span> <span class='ocrx_word' id='word_1_316' title='bbox 808 1524 894 1555; x_wconf 90' lang='lat' dir='ltr'>atque</span> <span class='ocrx_word' id='word_1_317' title='bbox 913 1516 978 1554; x_wconf 76' lang='lat' dir='ltr'>ejus</span> <span class='ocrx_word' id='word_1_318' title='bbox 987 1523 1122 1545; x_wconf 83' lang='lat' dir='ltr'>extrema</span> <span class='ocrx_word' id='word_1_319' title='bbox 1130 1521 1198 1543; x_wconf 83' lang='lat' dir='ltr'>aetas</span> 
     </span>
     <span class='ocr_line' id='line_1_36' title="bbox 246 1554 1197 1598; baseline -0.006 -9"><span class='ocrx_word' id='word_1_320' title='bbox 246 1559 304 1589; x_wconf 88' lang='lat' dir='ltr'>hoc</span> <span class='ocrx_word' id='word_1_321' title='bbox 316 1559 429 1589; x_wconf 82' lang='lat' dir='ltr'>beatior</span> <span class='ocrx_word' id='word_1_322' title='bbox 438 1577 447 1591; x_wconf 88' lang='lat'>‚</span> <span class='ocrx_word' id='word_1_323' title='bbox 458 1558 549 1598; x_wconf 65' lang='lat' dir='ltr'>quiim</span> <span class='ocrx_word' id='word_1_324' title='bbox 561 1558 661 1588; x_wconf 87' lang='lat' dir='ltr'>media</span> <span class='ocrx_word' id='word_1_325' title='bbox 672 1578 681 1591; x_wconf 89' lang='lat'>‚</span> <span class='ocrx_word' id='word_1_326' title='bbox 693 1557 775 1598; x_wconf 73' lang='lat' dir='ltr'>quod</span> <span class='ocrx_word' id='word_1_327' title='bbox 789 1556 973 1587; x_wconf 65' lang='lat' dir='ltr'>auetoritatis</span> <span class='ocrx_word' id='word_1_328' title='bbox 982 1556 1049 1595; x_wconf 88' lang='lat' dir='ltr'>plus</span> <span class='ocrx_word' id='word_1_329' title='bbox 1062 1554 1197 1587; x_wconf 87' lang='lat' dir='ltr'>habebat,</span> 
     </span>
     <span class='ocr_line' id='line_1_37' title="bbox 245 1596 1199 1640; baseline -0.007 -9"><span class='ocrx_word' id='word_1_330' title='bbox 245 1600 353 1633; x_wconf 83' lang='lat' dir='ltr'>laboris</span> <span class='ocrx_word' id='word_1_331' title='bbox 365 1598 435 1629; x_wconf 72' lang='lat' dir='ltr'>vei-o</span> <span class='ocrx_word' id='word_1_332' title='bbox 445 1600 559 1630; x_wconf 80' lang='lat' dir='ltr'>minus.</span> <span class='ocrx_word' id='word_1_333' title='bbox 580 1602 673 1640; x_wconf 47' lang='lat' dir='ltr'>apex</span> <span class='ocrx_word' id='word_1_334' title='bbox 690 1607 791 1628; x_wconf 88' lang='lat' dir='ltr'>autem</span> <span class='ocrx_word' id='word_1_335' title='bbox 806 1596 967 1628; x_wconf 71' lang='lat' dir='ltr'>seneElaitis</span> <span class='ocrx_word' id='word_1_336' title='bbox 979 1596 1021 1626; x_wconf 89' lang='lat' dir='ltr'>est</span> <span class='ocrx_word' id='word_1_337' title='bbox 1030 1596 1199 1626; x_wconf 59' lang='lat' dir='ltr'>austeritas.</span> 
     </span>
     <span class='ocr_line' id='line_1_38' title="bbox 249 1637 1198 1684; baseline -0.006 -12"><span class='ocrx_word' id='word_1_338' title='bbox 249 1644 367 1684; x_wconf 79' lang='lat' dir='ltr'>Qanta</span> <span class='ocrx_word' id='word_1_339' title='bbox 379 1640 437 1671; x_wconf 83' lang='lat' dir='ltr'>fuit</span> <span class='ocrx_word' id='word_1_340' title='bbox 446 1642 480 1671; x_wconf 88' lang='lat' dir='ltr'>in</span> <span class='ocrx_word' id='word_1_341' title='bbox 490 1642 524 1670; x_wconf 87' lang='lat' dir='ltr'>L.</span> <span class='ocrx_word' id='word_1_342' title='bbox 537 1642 660 1671; x_wconf 82' lang='lat' dir='ltr'>Caecilio</span> <span class='ocrx_word' id='word_1_343' title='bbox 671 1640 796 1669; x_wconf 84' lang='lat' dir='ltr'>Metello</span> <span class='ocrx_word' id='word_1_344' title='bbox 808 1645 818 1667; x_wconf 81' lang='lat'>?</span> <span class='ocrx_word' id='word_1_345' title='bbox 835 1647 944 1680; x_wconf 84' lang='lat' dir='ltr'>quanta</span> <span class='ocrx_word' id='word_1_346' title='bbox 961 1640 993 1668; x_wconf 87' lang='lat' dir='ltr'>in</span> <span class='ocrx_word' id='word_1_347' title='bbox 1005 1638 1101 1668; x_wconf 80' lang='lat' dir='ltr'>Atilio</span> <span class='ocrx_word' id='word_1_348' title='bbox 1116 1637 1198 1667; x_wconf 90' lang='lat' dir='ltr'>Cala-</span> 
     </span>
     <span class='ocr_line' id='line_1_39' title="bbox 246 1678 1195 1723; baseline -0.007 -8"><span class='ocrx_word' id='word_1_349' title='bbox 246 1685 312 1716; x_wconf 86' lang='lat' dir='ltr'>tino</span> <span class='ocrx_word' id='word_1_350' title='bbox 323 1687 334 1709; x_wconf 82' lang='lat'>?</span> <span class='ocrx_word' id='word_1_351' title='bbox 351 1685 385 1713; x_wconf 86' lang='lat' dir='ltr'>in</span> <span class='ocrx_word' id='word_1_352' title='bbox 398 1691 491 1723; x_wconf 87' lang='lat' dir='ltr'>quem</span> <span class='ocrx_word' id='word_1_353' title='bbox 508 1682 584 1713; x_wconf 86' lang='lat' dir='ltr'>&#39;illud</span> <span class='ocrx_word' id='word_1_354' title='bbox 595 1678 609 1701; x_wconf 81' lang='lat'>8</span> <span class='ocrx_word' id='word_1_355' title='bbox 621 1681 756 1722; x_wconf 86' lang='lat' dir='ltr'>elogium</span> <span class='ocrx_word' id='word_1_356' title='bbox 767 1682 894 1711; x_wconf 85' lang='lat' dir='ltr'>unicum</span> <span class='ocrx_word' id='word_1_357' title='bbox 908 1690 914 1710; x_wconf 92' lang='lat'>:</span> <span class='ocrx_word' id='word_1_358' title='bbox 935 1689 1103 1710; x_wconf 75' lang='lat' dir='ltr'>PLuRIMAE</span> <span class='ocrx_word' id='word_1_359' title='bbox 1119 1688 1195 1708; x_wconf 68' lang='lat' dir='ltr'>cou-</span> 
     </span>
     <span class='ocr_line' id='line_1_40' title="bbox 250 1730 1198 1757; baseline -0.006 -1"><span class='ocrx_word' id='word_1_360' title='bbox 250 1734 419 1756; x_wconf 69' lang='lat' dir='ltr'>seui-mur</span> <span class='ocrx_word' id='word_1_361' title='bbox 437 1732 562 1753; x_wconf 60' lang='lat' dir='ltr'>oiim-iss</span> <span class='ocrx_word' id='word_1_362' title='bbox 572 1743 582 1757; x_wconf 91' lang='lat'>‚</span> <span class='ocrx_word' id='word_1_363' title='bbox 600 1732 717 1753; x_wconf 68' lang='lat' dir='ltr'>popum</span> <span class='ocrx_word' id='word_1_364' title='bbox 729 1731 939 1752; x_wconf 77' lang='lat' dir='ltr'>PRIMAluuM</span> <span class='ocrx_word' id='word_1_365' title='bbox 948 1731 1057 1752; x_wconf 70' lang='lat' dir='ltr'>Futssss</span> <span class='ocrx_word' id='word_1_366' title='bbox 1069 1730 1198 1752; x_wconf 76' lang='lat' dir='ltr'>vmuM.</span> 
     </span>
     <span class='ocr_line' id='line_1_41' title="bbox 244 1763 1197 1803; baseline -0.003 -8"><span class='ocrx_word' id='word_1_367' title='bbox 244 1771 262 1795; x_wconf 88' lang='lat'>9</span> <span class='ocrx_word' id='word_1_368' title='bbox 275 1775 384 1797; x_wconf 89' lang='lat' dir='ltr'>notum</span> <span class='ocrx_word' id='word_1_369' title='bbox 407 1764 449 1796; x_wconf 89' lang='lat' dir='ltr'>est</span> <span class='ocrx_word' id='word_1_370' title='bbox 470 1773 568 1795; x_wconf 80' lang='lat' dir='ltr'>totum</span> <span class='ocrx_word' id='word_1_371' title='bbox 584 1774 704 1795; x_wconf 87' lang='lat' dir='ltr'>carmen</span> <span class='ocrx_word' id='word_1_372' title='bbox 716 1783 724 1798; x_wconf 87' lang='lat'>,</span> <span class='ocrx_word' id='word_1_373' title='bbox 744 1764 873 1794; x_wconf 87' lang='lat' dir='ltr'>incisum</span> <span class='ocrx_word' id='word_1_374' title='bbox 890 1765 924 1792; x_wconf 89' lang='lat' dir='ltr'>in</span> <span class='ocrx_word' id='word_1_375' title='bbox 942 1763 1105 1801; x_wconf 81' lang='lat' dir='ltr'>sepulchro.</span> <span class='ocrx_word' id='word_1_376' title='bbox 1125 1763 1197 1803; x_wconf 89' lang='lat' dir='ltr'>Jure</span> 
     </span>
     <span class='ocr_line' id='line_1_42' title="bbox 246 1802 1198 1849; baseline -0.006 -11"><span class='ocrx_word' id='word_1_377' title='bbox 246 1810 336 1849; x_wconf 84' lang='lat' dir='ltr'>igitur</span> <span class='ocrx_word' id='word_1_378' title='bbox 344 1809 458 1848; x_wconf 84' lang='lat' dir='ltr'>gravis,</span> <span class='ocrx_word' id='word_1_379' title='bbox 483 1807 568 1845; x_wconf 85' lang='lat' dir='ltr'>cujus</span> <span class='ocrx_word' id='word_1_380' title='bbox 587 1806 624 1836; x_wconf 87' lang='lat' dir='ltr'>de</span> <span class='ocrx_word' id='word_1_381' title='bbox 643 1804 780 1835; x_wconf 79' lang='lat' dir='ltr'>laudibus</span> <span class='ocrx_word' id='word_1_382' title='bbox 805 1805 931 1835; x_wconf 77' lang='lat' dir='ltr'>omnium</span> <span class='ocrx_word' id='word_1_383' title='bbox 945 1802 1017 1834; x_wconf 84' lang='lat' dir='ltr'>effer</span> <span class='ocrx_word' id='word_1_384' title='bbox 1027 1804 1113 1842; x_wconf 84' lang='lat' dir='ltr'>fama</span> <span class='ocrx_word' id='word_1_385' title='bbox 1123 1813 1198 1833; x_wconf 78' lang='lat' dir='ltr'>con—</span> 
     </span>
     <span class='ocr_line' id='line_1_43' title="bbox 244 1844 1197 1890; baseline -0.006 -10"><span class='ocrx_word' id='word_1_386' title='bbox 244 1851 384 1881; x_wconf 85' lang='lat' dir='ltr'>sentiens.</span> <span class='ocrx_word' id='word_1_387' title='bbox 406 1850 506 1890; x_wconf 82' lang='lat' dir='ltr'>Qem</span> <span class='ocrx_word' id='word_1_388' title='bbox 516 1849 615 1878; x_wconf 86' lang='lat' dir='ltr'>virum</span> <span class='ocrx_word' id='word_1_389' title='bbox 626 1850 657 1878; x_wconf 87' lang='lat' dir='ltr'>P.</span> <span class='ocrx_word' id='word_1_390' title='bbox 668 1845 799 1877; x_wconf 84' lang='lat' dir='ltr'>Crafl&#39;um</span> <span class='ocrx_word' id='word_1_391' title='bbox 812 1866 820 1880; x_wconf 92' lang='lat'>,</span> <span class='ocrx_word' id='word_1_392' title='bbox 842 1855 937 1886; x_wconf 87' lang='lat' dir='ltr'>nuper</span> <span class='ocrx_word' id='word_1_393' title='bbox 946 1844 1123 1886; x_wconf 84' lang='lat' dir='ltr'>pontificem</span> <span class='ocrx_word' id='word_1_394' title='bbox 1133 1855 1197 1875; x_wconf 87' lang='lat' dir='ltr'>ma-</span> 
     </span>
     <span class='ocr_line' id='line_1_44' title="bbox 244 1886 1196 1930; baseline -0.003 -10"><span class='ocrx_word' id='word_1_395' title='bbox 244 1893 364 1922; x_wconf 82' lang='lat' dir='ltr'>ximum</span> <span class='ocrx_word' id='word_1_396' title='bbox 379 1910 389 1923; x_wconf 81' lang='lat'>,</span> <span class='ocrx_word' id='word_1_397' title='bbox 399 1899 490 1930; x_wconf 87' lang='lat' dir='ltr'>quem</span> <span class='ocrx_word' id='word_1_398' title='bbox 500 1888 600 1929; x_wconf 82' lang='lat' dir='ltr'>postea</span> <span class='ocrx_word' id='word_1_399' title='bbox 610 1891 654 1919; x_wconf 91' lang='lat' dir='ltr'>M.</span> <span class='ocrx_word' id='word_1_400' title='bbox 671 1888 820 1928; x_wconf 88' lang='lat' dir='ltr'>Lepidum</span> <span class='ocrx_word' id='word_1_401' title='bbox 831 1888 940 1918; x_wconf 89' lang='lat' dir='ltr'>eodem</span> <span class='ocrx_word' id='word_1_402' title='bbox 950 1886 1112 1918; x_wconf 88' lang='lat' dir='ltr'>sacerdotio</span> <span class='ocrx_word' id='word_1_403' title='bbox 1121 1896 1196 1927; x_wconf 87' lang='lat' dir='ltr'>prae-</span> 
     </span>
     <span class='ocr_line' id='line_1_45' title="bbox 244 1928 1195 1972; baseline -0.005 -9"><span class='ocrx_word' id='word_1_404' title='bbox 244 1933 341 1964; x_wconf 88' lang='lat' dir='ltr'>ditum</span> <span class='ocrx_word' id='word_1_405' title='bbox 357 1932 510 1962; x_wconf 79' lang='lat' dir='ltr'>vidimus?</span> <span class='ocrx_word' id='word_1_406' title='bbox 523 1930 605 1972; x_wconf 84' lang='lat' dir='ltr'>Qid</span> <span class='ocrx_word' id='word_1_407' title='bbox 616 1931 653 1961; x_wconf 88' lang='lat' dir='ltr'>de</span> <span class='ocrx_word' id='word_1_408' title='bbox 660 1931 766 1961; x_wconf 82' lang='lat' dir='ltr'>Paullo</span> <span class='ocrx_word' id='word_1_409' title='bbox 778 1950 786 1963; x_wconf 85' lang='lat'>,</span> <span class='ocrx_word' id='word_1_410' title='bbox 800 1938 849 1960; x_wconf 90' lang='lat' dir='ltr'>aut</span> <span class='ocrx_word' id='word_1_411' title='bbox 859 1928 1000 1960; x_wconf 86' lang='lat' dir='ltr'>Africano</span> <span class='ocrx_word' id='word_1_412' title='bbox 1009 1930 1126 1969; x_wconf 89' lang='lat' dir='ltr'>loquar?</span> <span class='ocrx_word' id='word_1_413' title='bbox 1135 1938 1195 1963; x_wconf 89' lang='lat' dir='ltr'>aut,</span> 
     </span>
     <span class='ocr_line' id='line_1_46' title="bbox 246 1969 1216 2013; baseline -0.006 -8"><span class='ocrx_word' id='word_1_414' title='bbox 246 1983 347 2013; x_wconf 78' lang='lat' dir='ltr'>utJam</span> <span class='ocrx_word' id='word_1_415' title='bbox 358 1974 426 2004; x_wconf 78' lang='lat' dir='ltr'>ante</span> <span class='ocrx_word' id='word_1_416' title='bbox 437 1973 473 2004; x_wconf 85' lang='lat' dir='ltr'>de</span> <span class='ocrx_word' id='word_1_417' title='bbox 484 1975 646 2003; x_wconf 85' lang='lat' dir='ltr'>Maximo?</span> <span class='ocrx_word' id='word_1_418' title='bbox 665 1981 795 2012; x_wconf 87' lang='lat' dir='ltr'>quorum</span> <span class='ocrx_word' id='word_1_419' title='bbox 808 1981 873 2002; x_wconf 79' lang='lat' dir='ltr'>NON</span> <span class='ocrx_word' id='word_1_420' title='bbox 886 1973 917 2001; x_wconf 92' lang='lat' dir='ltr'>in</span> <span class='ocrx_word' id='word_1_421' title='bbox 929 1971 1074 2001; x_wconf 87' lang='lat' dir='ltr'>sententia</span> <span class='ocrx_word' id='word_1_422' title='bbox 1084 1969 1199 2005; x_wconf 75' lang='lat' dir='ltr'>solum,</span> <span class='ocrx_word' id='word_1_423' title='bbox 1213 1979 1216 2003; x_wconf 73' lang='lat' dir='ltr'><em>r</em></span> 
     </span>
     <span class='ocr_line' id='line_1_47' title="bbox 245 2011 1197 2049; baseline -0.005 -3"><span class='ocrx_word' id='word_1_424' title='bbox 245 2016 295 2049; x_wconf 86' lang='lat' dir='ltr'>sed</span> <span class='ocrx_word' id='word_1_425' title='bbox 308 2017 397 2046; x_wconf 88' lang='lat' dir='ltr'>etiam</span> <span class='ocrx_word' id='word_1_426' title='bbox 416 2016 447 2044; x_wconf 92' lang='lat' dir='ltr'>in</span> <span class='ocrx_word' id='word_1_427' title='bbox 470 2023 544 2044; x_wconf 88' lang='lat' dir='ltr'>nutu</span> <span class='ocrx_word' id='word_1_428' title='bbox 566 2012 707 2044; x_wconf 87' lang='lat' dir='ltr'>refidebat</span> <span class='ocrx_word' id='word_1_429' title='bbox 729 2012 894 2044; x_wconf 61' lang='lat' dir='ltr'>auetoritas.</span> <span class='ocrx_word' id='word_1_430' title='bbox 919 2014 1038 2043; x_wconf 55' lang='lat' dir='ltr'>Hisne-r</span> <span class='ocrx_word' id='word_1_431' title='bbox 1049 2011 1197 2047; x_wconf 68' lang='lat' dir='ltr'>seneehis,</span> 
     </span>
     <span class='ocr_line' id='line_1_48' title="bbox 245 2053 1197 2097; baseline -0.004 -10"><span class='ocrx_word' id='word_1_432' title='bbox 245 2058 389 2087; x_wconf 85' lang='lat' dir='ltr'>honorata</span> <span class='ocrx_word' id='word_1_433' title='bbox 397 2056 556 2097; x_wconf 68' lang='lat' dir='ltr'>praesertim</span> <span class='ocrx_word' id='word_1_434' title='bbox 570 2075 579 2088; x_wconf 81' lang='lat'>‚</span> <span class='ocrx_word' id='word_1_435' title='bbox 591 2064 705 2086; x_wconf 83' lang='lat' dir='ltr'>tantam</span> <span class='ocrx_word' id='word_1_436' title='bbox 713 2054 919 2085; x_wconf 67' lang='lat' dir='ltr'>auetoritatem</span> <span class='ocrx_word' id='word_1_437' title='bbox 931 2075 940 2088; x_wconf 86' lang='lat'>,</span> <span class='ocrx_word' id='word_1_438' title='bbox 960 2063 993 2085; x_wconf 90' lang='lat' dir='ltr'>ut</span> <span class='ocrx_word' id='word_1_439' title='bbox 1002 2064 1034 2085; x_wconf 91' lang='lat' dir='ltr'>ea</span> <span class='ocrx_word' id='word_1_440' title='bbox 1043 2054 1137 2094; x_wconf 86' lang='lat' dir='ltr'>pluris</span> <span class='ocrx_word' id='word_1_441' title='bbox 1151 2053 1197 2088; x_wconf 85' lang='lat' dir='ltr'>sit,</span> 
     </span>
    </p>
   </div>
   <div class='ocr_carea' id='block_1_7' title="bbox 243 2136 1199 2221">
    <p class='ocr_par' dir='ltr' id='par_1_7' title="bbox 243 2136 1199 2221">
     <span class='ocr_line' id='line_1_49' title="bbox 244 2136 1197 2179; baseline -0.003 -8"><span class='ocrx_word' id='word_1_442' title='bbox 244 2151 283 2173; x_wconf 89' lang='lat' dir='ltr'>ne</span> <span class='ocrx_word' id='word_1_443' title='bbox 302 2148 488 2170; x_wconf 85' lang='lat' dir='ltr'>mementote</span> <span class='ocrx_word' id='word_1_444' title='bbox 499 2158 507 2172; x_wconf 90' lang='lat'>,</span> <span class='ocrx_word' id='word_1_445' title='bbox 523 2149 588 2169; x_wconf 88' lang='lat' dir='ltr'>eam</span> <span class='ocrx_word' id='word_1_446' title='bbox 599 2149 649 2169; x_wconf 87' lang='lat' dir='ltr'>me</span> <span class='ocrx_word' id='word_1_447' title='bbox 660 2138 776 2169; x_wconf 88' lang='lat' dir='ltr'>laudare</span> <span class='ocrx_word' id='word_1_448' title='bbox 787 2137 970 2169; x_wconf 70' lang='lat' dir='ltr'>sene6imtem</span> <span class='ocrx_word' id='word_1_449' title='bbox 985 2158 993 2172; x_wconf 91' lang='lat'>,</span> <span class='ocrx_word' id='word_1_450' title='bbox 1011 2148 1076 2179; x_wconf 88' lang='lat' dir='ltr'>quae</span> <span class='ocrx_word' id='word_1_451' title='bbox 1087 2136 1197 2168; x_wconf 86' lang='lat' dir='ltr'>funda-</span> 
     </span>
     <span class='ocr_line' id='line_1_50' title="bbox 243 2177 1199 2221; baseline -0.001 -9"><span class='ocrx_word' id='word_1_452' title='bbox 243 2184 355 2213; x_wconf 84' lang='lat' dir='ltr'>mentis</span> <span class='ocrx_word' id='word_1_453' title='bbox 378 2181 583 2211; x_wconf 85' lang='lat' dir='ltr'>adolescentiae</span> <span class='ocrx_word' id='word_1_454' title='bbox 601 2179 764 2211; x_wconf 89' lang='lat' dir='ltr'>constituta</span> <span class='ocrx_word' id='word_1_455' title='bbox 783 2178 815 2210; x_wconf 85' lang='lat' dir='ltr'>sit</span> <span class='ocrx_word' id='word_1_456' title='bbox 836 2200 845 2213; x_wconf 92' lang='lat'>‚</span> <span class='ocrx_word' id='word_1_457' title='bbox 879 2190 918 2210; x_wconf 87' lang='lat' dir='ltr'>ex</span> <span class='ocrx_word' id='word_1_458' title='bbox 935 2189 997 2221; x_wconf 88' lang='lat' dir='ltr'>quo</span> <span class='ocrx_word' id='word_1_459' title='bbox 1016 2180 1046 2210; x_wconf 89' lang='lat' dir='ltr'>id</span> <span class='ocrx_word' id='word_1_460' title='bbox 1068 2177 1199 2211; x_wconf 82' lang='lat' dir='ltr'>efficitur</span> 
     </span>
    </p>
   </div>
   <div class='ocr_carea' id='block_1_8' title="bbox 698 100 1312 150">
    <p class='ocr_par' dir='ltr' id='par_1_8' title="bbox 698 100 1312 150">
     <span class='ocr_line' id='line_1_51' title="bbox 698 100 1312 150; baseline -0.002 -1"><span class='ocrx_word' id='word_1_461' title='bbox 698 102 766 150; x_wconf 69' lang='lat' dir='ltr'>ta,</span> <span class='ocrx_word' id='word_1_462' title='bbox 815 100 878 148; x_wconf 59' lang='grc' dir='ltr'><strong>Ἱῖ</strong></span> <span class='ocrx_word' id='word_1_463' title='bbox 930 102 988 148; x_wconf 61' lang='lat'>&lt;2</span> <span class='ocrx_word' id='word_1_464' title='bbox 1067 101 1108 145; x_wconf 78' lang='lat'>&lt;3</span> <span class='ocrx_word' id='word_1_465' title='bbox 1149 115 1179 146; x_wconf 82' lang='lat' dir='ltr'>A</span> <span class='ocrx_word' id='word_1_466' title='bbox 1216 109 1249 148; x_wconf 62' lang='grc' dir='ltr'>τ</span> <span class='ocrx_word' id='word_1_467' title='bbox 1285 117 1312 147; x_wconf 87' lang='lat' dir='ltr'>o</span> 
     </span>
    </p>
   </div>
   <div class='ocr_carea' id='block_1_9' title="bbox 1211 365 1225 2291">
    <p class='ocr_par' dir='ltr' id='par_1_9' title="bbox 1211 365 1225 2291">
     <span class='ocr_line' id='line_1_52' title="bbox 1211 365 1225 2291; baseline 0 0"><span class='ocrx_word' id='word_1_468' title='bbox 1211 365 1225 2291; x_wconf 95' lang='lat' dir='ltr'> </span> 
     </span>
    </p>
   </div>
   <div class='ocr_carea' id='block_1_10' title="bbox 242 2221 1197 2305">
    <p class='ocr_par' dir='ltr' id='par_1_10' title="bbox 242 2221 1197 2305">
     <span class='ocr_line' id='line_1_53' title="bbox 243 2221 1196 2265; baseline -0.002 -11"><span class='ocrx_word' id='word_1_469' title='bbox 243 2224 338 2265; x_wconf 81' lang='lat' dir='ltr'>(quod</span> <span class='ocrx_word' id='word_1_470' title='bbox 349 2233 403 2264; x_wconf 89' lang='lat' dir='ltr'>ego</span> <span class='ocrx_word' id='word_1_471' title='bbox 414 2232 523 2263; x_wconf 79' lang='lat' dir='ltr'>magno</span> <span class='ocrx_word' id='word_1_472' title='bbox 542 2222 696 2263; x_wconf 87' lang='lat' dir='ltr'>quondam</span> <span class='ocrx_word' id='word_1_473' title='bbox 715 2232 784 2252; x_wconf 91' lang='lat' dir='ltr'>cum</span> <span class='ocrx_word' id='word_1_474' title='bbox 803 2221 916 2252; x_wconf 74' lang='lat' dir='ltr'>afl&#39;ensu</span> <span class='ocrx_word' id='word_1_475' title='bbox 931 2223 1074 2252; x_wconf 81' lang='lat' dir='ltr'>omnium</span> <span class='ocrx_word' id='word_1_476' title='bbox 1085 2222 1150 2253; x_wconf 88' lang='lat' dir='ltr'>dixi</span> <span class='ocrx_word' id='word_1_477' title='bbox 1164 2233 1169 2252; x_wconf 81' lang='lat' dir='ltr'><em>z</em></span> <span class='ocrx_word' id='word_1_478' title='bbox 1186 2224 1196 2263; x_wconf 95' lang='lat'>)</span> 
     </span>
     <span class='ocr_line' id='line_1_54' title="bbox 242 2263 1197 2305; baseline 0.002 -12"><span class='ocrx_word' id='word_1_479' title='bbox 242 2266 392 2305; x_wconf 65' lang='lat' dir='ltr'>‚Miseram</span> <span class='ocrx_word' id='word_1_480' title='bbox 404 2263 634 2304; x_wconf 65' lang='lat' dir='ltr'>effisbnestutem‚</span> <span class='ocrx_word' id='word_1_481' title='bbox 645 2274 704 2305; x_wconf 72' lang='lat' dir='ltr'>qua</span> <span class='ocrx_word' id='word_1_482' title='bbox 709 2265 739 2304; x_wconf 72' lang='lat' dir='ltr'>st:</span> <span class='ocrx_word' id='word_1_483' title='bbox 746 2264 868 2293; x_wconf 80' lang='lat' dir='ltr'>oratione</span> <span class='ocrx_word' id='word_1_484' title='bbox 874 2263 1034 2303; x_wconf 74' lang='lat' dir='ltr'>defi’nderet.</span> <span class='ocrx_word' id='word_1_485' title='bbox 1047 2273 1111 2294; x_wconf 89' lang='lat' dir='ltr'>non</span> <span class='ocrx_word' id='word_1_486' title='bbox 1119 2266 1197 2300; x_wconf 88' lang='lat' dir='ltr'>cani,</span> 
     </span>
    </p>
   </div>
   <div class='ocr_carea' id='block_1_11' title="bbox 670 2356 682 2363">
    <p class='ocr_par' dir='ltr' id='par_1_11' title="bbox 670 2356 682 2363">
     <span class='ocr_line' id='line_1_55' title="bbox 670 2356 682 2363; baseline 0 0"><span class='ocrx_word' id='word_1_487' title='bbox 670 2356 682 2363; x_wconf 38' lang='grc' dir='ltr'><strong>ὁ</strong></span> 
     </span>
    </p>
   </div>
   <div class='ocr_carea' id='block_1_12' title="bbox 242 2377 1205 3058">
    <p class='ocr_par' dir='ltr' id='par_1_12' title="bbox 246 2377 1203 2452">
     <span class='ocr_line' id='line_1_56' title="bbox 282 2377 1203 2412; baseline -0.001 -8"><span class='ocrx_word' id='word_1_488' title='bbox 282 2387 305 2405; x_wconf 83' lang='lat'>1.</span> <span class='ocrx_word' id='word_1_489' title='bbox 325 2381 416 2411; x_wconf 71' lang='lat' dir='ltr'>Qiefi&#39;</span> <span class='ocrx_word' id='word_1_490' title='bbox 424 2380 451 2404; x_wconf 83' lang='lat' dir='ltr'>de</span> <span class='ocrx_word' id='word_1_491' title='bbox 460 2378 548 2403; x_wconf 74' lang='lat' dir='ltr'>tuenda</span> <span class='ocrx_word' id='word_1_492' title='bbox 567 2387 592 2403; x_wconf 71' lang='lat' dir='ltr'>re</span> <span class='ocrx_word' id='word_1_493' title='bbox 605 2378 752 2412; x_wconf 64' lang='lat' dir='ltr'>familiari]</span> <span class='ocrx_word' id='word_1_494' title='bbox 774 2379 841 2404; x_wconf 67' lang='lat' dir='ltr'>Feri:</span> <span class='ocrx_word' id='word_1_495' title='bbox 852 2377 987 2404; x_wconf 88' lang='lat' dir='ltr'>habuerim</span> <span class='ocrx_word' id='word_1_496' title='bbox 1010 2377 1100 2404; x_wconf 83' lang='lat' dir='ltr'>omnia</span> <span class='ocrx_word' id='word_1_497' title='bbox 1117 2377 1203 2404; x_wconf 80' lang='lat' dir='ltr'>isthaec</span> 
     </span>
     <span class='ocr_line' id='line_1_57' title="bbox 246 2414 662 2452; baseline -0.007 -11"><span class='ocrx_word' id='word_1_498' title='bbox 246 2425 296 2452; x_wconf 82' lang='lat' dir='ltr'>pro</span> <span class='ocrx_word' id='word_1_499' title='bbox 306 2417 487 2441; x_wconf 79' lang='lat' dir='ltr'>additamento</span> <span class='ocrx_word' id='word_1_500' title='bbox 497 2414 662 2449; x_wconf 82' lang='lat' dir='ltr'>interpretis.</span> 
     </span>
    </p>

    <p class='ocr_par' dir='ltr' id='par_1_13' title="bbox 246 2448 1204 2514">
     <span class='ocr_line' id='line_1_58' title="bbox 283 2448 1204 2485; baseline -0.001 -9"><span class='ocrx_word' id='word_1_501' title='bbox 283 2460 311 2476; x_wconf 84' lang='lat'>2.</span> <span class='ocrx_word' id='word_1_502' title='bbox 332 2452 430 2476; x_wconf 73' lang='lat' dir='ltr'>Nihilei</span> <span class='ocrx_word' id='word_1_503' title='bbox 439 2458 487 2476; x_wconf 74' lang='lat' dir='ltr'>tam</span> <span class='ocrx_word' id='word_1_504' title='bbox 498 2450 599 2483; x_wconf 65' lang='lat' dir='ltr'>regale]</span> <span class='ocrx_word' id='word_1_505' title='bbox 616 2449 670 2476; x_wconf 77' lang='lat' dir='ltr'>Pal.</span> <span class='ocrx_word' id='word_1_506' title='bbox 682 2448 733 2476; x_wconf 79' lang='lat' dir='ltr'>sec,</span> <span class='ocrx_word' id='word_1_507' title='bbox 744 2448 858 2475; x_wconf 84' lang='lat' dir='ltr'>exclusit</span> <span class='ocrx_word' id='word_1_508' title='bbox 870 2449 989 2475; x_wconf 82' lang='lat' dir='ltr'>voculam</span> <span class='ocrx_word' id='word_1_509' title='bbox 1001 2451 1020 2475; x_wconf 85' lang='lat' dir='ltr'>ei</span> <span class='ocrx_word' id='word_1_510' title='bbox 1032 2458 1039 2479; x_wconf 82' lang='lat'>3</span> <span class='ocrx_word' id='word_1_511' title='bbox 1051 2457 1109 2485; x_wconf 86' lang='lat' dir='ltr'>quae</span> <span class='ocrx_word' id='word_1_512' title='bbox 1119 2448 1204 2476; x_wconf 83' lang='lat' dir='ltr'>nescio</span> 
     </span>
     <span class='ocr_line' id='line_1_59' title="bbox 246 2485 518 2514; baseline -0.011 0"><span class='ocrx_word' id='word_1_513' title='bbox 246 2496 277 2514; x_wconf 81' lang='lat' dir='ltr'>an</span> <span class='ocrx_word' id='word_1_514' title='bbox 291 2486 376 2513; x_wconf 81' lang='lat' dir='ltr'>adesse</span> <span class='ocrx_word' id='word_1_515' title='bbox 385 2485 518 2512; x_wconf 82' lang='lat' dir='ltr'>debuerit.</span> 
     </span>
    </p>

    <p class='ocr_par' dir='ltr' id='par_1_14' title="bbox 244 2519 1205 2655">
     <span class='ocr_line' id='line_1_60' title="bbox 288 2519 1205 2557; baseline -0.003 -9"><span class='ocrx_word' id='word_1_516' title='bbox 288 2530 313 2557; x_wconf 88' lang='lat'>3.</span> <span class='ocrx_word' id='word_1_517' title='bbox 332 2523 381 2554; x_wconf 68' lang='lat' dir='ltr'>Qi</span> <span class='ocrx_word' id='word_1_518' title='bbox 390 2524 534 2555; x_wconf 74' lang='lat' dir='ltr'>afflarentur</span> <span class='ocrx_word' id='word_1_519' title='bbox 543 2521 685 2555; x_wconf 55' lang='lat' dir='ltr'>&amp;floriburfl</span> <span class='ocrx_word' id='word_1_520' title='bbox 707 2520 749 2546; x_wconf 82' lang='lat' dir='ltr'>Sic</span> <span class='ocrx_word' id='word_1_521' title='bbox 760 2522 787 2546; x_wconf 66' lang='grc' dir='ltr'>ὅτ</span> <span class='ocrx_word' id='word_1_522' title='bbox 798 2520 866 2547; x_wconf 81' lang='lat' dir='ltr'>Pall.</span> <span class='ocrx_word' id='word_1_523' title='bbox 877 2520 922 2546; x_wconf 80' lang='lat' dir='ltr'>nifi</span> <span class='ocrx_word' id='word_1_524' title='bbox 934 2519 1004 2555; x_wconf 81' lang='lat' dir='ltr'>quod</span> <span class='ocrx_word' id='word_1_525' title='bbox 1016 2519 1066 2546; x_wconf 82' lang='lat' dir='ltr'>sec.</span> <span class='ocrx_word' id='word_1_526' title='bbox 1087 2523 1205 2555; x_wconf 74' lang='lat' dir='ltr'>aflarctur</span> 
     </span>
     <span class='ocr_line' id='line_1_61' title="bbox 244 2556 1205 2591; baseline -0.001 -8"><span class='ocrx_word' id='word_1_527' title='bbox 244 2560 350 2590; x_wconf 69' lang='lat' dir='ltr'>floribus.</span> <span class='ocrx_word' id='word_1_528' title='bbox 371 2557 494 2584; x_wconf 73' lang='lat' dir='ltr'>Gis-anius</span> <span class='ocrx_word' id='word_1_529' title='bbox 514 2556 626 2583; x_wconf 72' lang='lat' dir='ltr'>obn-ulit</span> <span class='ocrx_word' id='word_1_530' title='bbox 646 2557 744 2582; x_wconf 83' lang='lat' dir='ltr'>criticis</span> <span class='ocrx_word' id='word_1_531' title='bbox 764 2558 895 2590; x_wconf 73' lang='lat' dir='ltr'>adstarent.</span> <span class='ocrx_word' id='word_1_532' title='bbox 921 2556 1069 2582; x_wconf 78' lang='lat' dir='ltr'>Gulielmio</span> <span class='ocrx_word' id='word_1_533' title='bbox 1087 2556 1205 2591; x_wconf 78' lang='lat' dir='ltr'>placebat</span> 
     </span>
     <span class='ocr_line' id='line_1_62' title="bbox 245 2592 1203 2655; baseline 0 -36"><span class='ocrx_word' id='word_1_534' title='bbox 245 2596 396 2655; x_wconf 45' lang='lat' dir='ltr'>efflqgrarent</span> <span class='ocrx_word' id='word_1_535' title='bbox 407 2613 415 2625; x_wconf 85' lang='lat'>‚</span> <span class='ocrx_word' id='word_1_536' title='bbox 436 2592 509 2628; x_wconf 85' lang='lat' dir='ltr'>quod</span> <span class='ocrx_word' id='word_1_537' title='bbox 528 2593 555 2619; x_wconf 88' lang='lat' dir='ltr'>in</span> <span class='ocrx_word' id='word_1_538' title='bbox 568 2593 671 2626; x_wconf 73' lang='lat' dir='ltr'>Ciu-acii</span> <span class='ocrx_word' id='word_1_539' title='bbox 683 2592 773 2619; x_wconf 84' lang='lat' dir='ltr'>codice</span> <span class='ocrx_word' id='word_1_540' title='bbox 784 2592 898 2619; x_wconf 80' lang='lat' dir='ltr'>exstaret</span> <span class='ocrx_word' id='word_1_541' title='bbox 912 2611 920 2624; x_wconf 92' lang='lat'>,</span> <span class='ocrx_word' id='word_1_542' title='bbox 940 2594 1131 2625; x_wconf 72' lang='lat' dir='ltr'>efflagrarentur.</span> <span class='ocrx_word' id='word_1_543' title='bbox 1151 2602 1203 2619; x_wconf 85' lang='lat' dir='ltr'>non</span> 
     </span>
     <span class='ocr_line' id='line_1_63' title="bbox 246 2638 325 2655; baseline 0.013 -1"><span class='ocrx_word' id='word_1_544' title='bbox 246 2638 287 2655; x_wconf 83' lang='lat' dir='ltr'>ma</span> <span class='ocrx_word' id='word_1_545' title='bbox 302 2639 325 2655; x_wconf 87' lang='lat' dir='ltr'>e.</span> 
     </span>
    </p>

    <p class='ocr_par' dir='ltr' id='par_1_15' title="bbox 281 2663 1203 2698">
     <span class='ocr_line' id='line_1_64' title="bbox 281 2663 1203 2698; baseline -0.002 -8"><span class='ocrx_word' id='word_1_546' title='bbox 281 2673 308 2697; x_wconf 85' lang='lat'>4.</span> <span class='ocrx_word' id='word_1_547' title='bbox 327 2669 464 2697; x_wconf 78' lang='lat' dir='ltr'>&#39;Purpuram</span> <span class='ocrx_word' id='word_1_548' title='bbox 474 2666 534 2698; x_wconf 72' lang='lat' dir='ltr'>ejus,</span> <span class='ocrx_word' id='word_1_549' title='bbox 543 2664 572 2694; x_wconf 65' lang='grc' dir='ltr'>ὠ·</span> <span class='ocrx_word' id='word_1_550' title='bbox 581 2666 627 2689; x_wconf 69' lang='lat' dir='ltr'>nito</span> <span class='ocrx_word' id='word_1_551' title='bbox 632 2673 679 2689; x_wconf 76' lang='lat' dir='ltr'>rem</span> <span class='ocrx_word' id='word_1_552' title='bbox 689 2665 797 2697; x_wconf 71' lang='lat' dir='ltr'>corporis,</span> <span class='ocrx_word' id='word_1_553' title='bbox 809 2664 987 2697; x_wconf 64' lang='lat' dir='ltr'>ornatumque]</span> <span class='ocrx_word' id='word_1_554' title='bbox 1001 2663 1058 2690; x_wconf 81' lang='lat' dir='ltr'>Pal.</span> <span class='ocrx_word' id='word_1_555' title='bbox 1070 2670 1133 2690; x_wconf 84' lang='lat' dir='ltr'>tert.</span> <span class='ocrx_word' id='word_1_556' title='bbox 1143 2672 1203 2697; x_wconf 84' lang='lat' dir='ltr'>pur-</span> 
     </span>
    </p>

    <p class='ocr_par' dir='ltr' id='par_1_16' title="bbox 242 2699 1202 2982">
     <span class='ocr_line' id='line_1_65' title="bbox 242 2699 1202 2735; baseline 0 -11"><span class='ocrx_word' id='word_1_557' title='bbox 242 2707 328 2732; x_wconf 80' lang='lat' dir='ltr'>puram</span> <span class='ocrx_word' id='word_1_558' title='bbox 341 2702 389 2733; x_wconf 73' lang='lat' dir='ltr'>ejnr</span> <span class='ocrx_word' id='word_1_559' title='bbox 399 2702 495 2733; x_wconf 78' lang='lat' dir='ltr'>corporis</span> <span class='ocrx_word' id='word_1_560' title='bbox 505 2707 710 2734; x_wconf 72' lang='lat' dir='ltr'>ornamentumque</span> <span class='ocrx_word' id='word_1_561' title='bbox 719 2712 728 2732; x_wconf 74' lang='lat'>‚-</span> <span class='ocrx_word' id='word_1_562' title='bbox 748 2708 776 2726; x_wconf 92' lang='lat' dir='ltr'>ut</span> <span class='ocrx_word' id='word_1_563' title='bbox 787 2699 897 2735; x_wconf 69' lang='lat' dir='ltr'>suspicer</span> <span class='ocrx_word' id='word_1_564' title='bbox 908 2699 974 2725; x_wconf 82' lang='lat' dir='ltr'>&#39;illud</span> <span class='ocrx_word' id='word_1_565' title='bbox 988 2719 996 2731; x_wconf 83' lang='lat'>‚</span> <span class='ocrx_word' id='word_1_566' title='bbox 1007 2701 1036 2729; x_wconf 61' lang='grc' dir='ltr'>(ἓν</span> <span class='ocrx_word' id='word_1_567' title='bbox 1045 2702 1141 2725; x_wconf 74' lang='lat' dir='ltr'>nitorem</span> <span class='ocrx_word' id='word_1_568' title='bbox 1151 2710 1172 2725; x_wconf 83' lang='lat' dir='ltr'>co</span> <span class='ocrx_word' id='word_1_569' title='bbox 1177 2709 1202 2724; x_wconf 89' lang='lat' dir='ltr'>r-</span> 
     </span>
     <span class='ocr_line' id='line_1_66' title="bbox 243 2735 1201 2767; baseline 0.003 -8"><span class='ocrx_word' id='word_1_570' title='bbox 243 2736 305 2767; x_wconf 73' lang='lat' dir='ltr'>porit</span> <span class='ocrx_word' id='word_1_571' title='bbox 318 2755 325 2766; x_wconf 90' lang='lat'>,</span> <span class='ocrx_word' id='word_1_572' title='bbox 343 2736 392 2762; x_wconf 78' lang='lat' dir='ltr'>effi:</span> <span class='ocrx_word' id='word_1_573' title='bbox 404 2738 418 2762; x_wconf 74' lang='lat' dir='ltr'>a</span> <span class='ocrx_word' id='word_1_574' title='bbox 431 2746 506 2762; x_wconf 80' lang='lat' dir='ltr'>iiianu</span> <span class='ocrx_word' id='word_1_575' title='bbox 520 2743 662 2762; x_wconf 71' lang='lat' dir='ltr'>extraneat</span> <span class='ocrx_word' id='word_1_576' title='bbox 683 2735 758 2762; x_wconf 78' lang='lat' dir='ltr'>ninii</span> <span class='ocrx_word' id='word_1_577' title='bbox 777 2745 809 2762; x_wconf 81' lang='lat' dir='ltr'>eo</span> <span class='ocrx_word' id='word_1_578' title='bbox 820 2736 927 2761; x_wconf 75' lang='lat' dir='ltr'>&#39;Pullius</span> <span class='ocrx_word' id='word_1_579' title='bbox 939 2735 1056 2761; x_wconf 78' lang='lat' dir='ltr'>reddidit</span> <span class='ocrx_word' id='word_1_580' title='bbox 1068 2735 1134 2761; x_wconf 86' lang='lat' dir='ltr'>illud</span> <span class='ocrx_word' id='word_1_581' title='bbox 1146 2737 1201 2762; x_wconf 84' lang='lat' dir='ltr'>Xe-</span> 
     </span>
     <span class='ocr_line' id='line_1_67' title="bbox 247 2771 1120 2806; baseline -0.001 -9"><span class='ocrx_word' id='word_1_582' title='bbox 247 2772 397 2805; x_wconf 72' lang='lat' dir='ltr'>nophontis,</span> <span class='ocrx_word' id='word_1_583' title='bbox 410 2775 447 2805; x_wconf 58' lang='lat' dir='ltr'>m)</span> <span class='ocrx_word' id='word_1_584' title='bbox 457 2776 498 2803; x_wconf 66' lang='grc' dir='ltr'>τῆς</span> <span class='ocrx_word' id='word_1_585' title='bbox 510 2775 584 2803; x_wconf 72' lang='grc' dir='ltr'>ὀτμῆς</span> <span class='ocrx_word' id='word_1_586' title='bbox 596 2773 750 2803; x_wconf 55' lang='grc' dir='ltr'>ἂισᾶὁμενξῇη</span> <span class='ocrx_word' id='word_1_587' title='bbox 761 2771 833 2806; x_wconf 86' lang='lat' dir='ltr'>qnod</span> <span class='ocrx_word' id='word_1_588' title='bbox 845 2771 993 2797; x_wconf 71' lang='lat' dir='ltr'>verosimile</span> <span class='ocrx_word' id='word_1_589' title='bbox 1004 2771 1120 2798; x_wconf 82' lang='lat' dir='ltr'>videtur.</span> 
     </span>
     <span class='ocr_line' id='line_1_68' title="bbox 248 2806 1200 2846; baseline 0.002 -16"><span class='ocrx_word' id='word_1_590' title='bbox 248 2840 254 2846; x_wconf 49' lang='grc'><em>·</em></span> <span class='ocrx_word' id='word_1_591' title='bbox 288 2815 312 2838; x_wconf 80' lang='lat'>5.</span> <span class='ocrx_word' id='word_1_592' title='bbox 331 2810 381 2832; x_wconf 67' lang='lat' dir='ltr'>Rite</span> <span class='ocrx_word' id='word_1_593' title='bbox 392 2810 443 2833; x_wconf 75' lang='lat' dir='ltr'>verb</span> <span class='ocrx_word' id='word_1_594' title='bbox 458 2812 546 2843; x_wconf 69' lang='lat' dir='ltr'>teCyre</span> <span class='ocrx_word' id='word_1_595' title='bbox 558 2827 565 2839; x_wconf 85' lang='lat'>,</span> <span class='ocrx_word' id='word_1_596' title='bbox 576 2808 643 2840; x_wconf 57' lang='grc' dir='ltr'>ὡς]</span> <span class='ocrx_word' id='word_1_597' title='bbox 665 2809 752 2842; x_wconf 78' lang='lat' dir='ltr'>Vulgo</span> <span class='ocrx_word' id='word_1_598' title='bbox 762 2808 838 2833; x_wconf 69' lang='lat' dir='ltr'>Reffi.</span> <span class='ocrx_word' id='word_1_599' title='bbox 858 2807 926 2834; x_wconf 64' lang='lat' dir='ltr'>male</span> <span class='ocrx_word' id='word_1_600' title='bbox 940 2826 947 2838; x_wconf 81' lang='grc'><em>,</em></span> <span class='ocrx_word' id='word_1_601' title='bbox 960 2809 986 2833; x_wconf 76' lang='lat' dir='ltr'>St</span> <span class='ocrx_word' id='word_1_602' title='bbox 997 2814 1090 2833; x_wconf 66' lang='lat' dir='ltr'>contra</span> <span class='ocrx_word' id='word_1_603' title='bbox 1101 2807 1131 2832; x_wconf 92' lang='lat' dir='ltr'>ll.</span> <span class='ocrx_word' id='word_1_604' title='bbox 1144 2806 1200 2832; x_wconf 77' lang='lat' dir='ltr'>mss.</span> 
     </span>
     <span class='ocr_line' id='line_1_69' title="bbox 246 2839 1202 2878; baseline 0.002 -12"><span class='ocrx_word' id='word_1_605' title='bbox 246 2842 334 2876; x_wconf 83' lang='lat' dir='ltr'>inquit</span> <span class='ocrx_word' id='word_1_606' title='bbox 345 2843 514 2869; x_wconf 80' lang='lat' dir='ltr'>Gulielmius.</span> <span class='ocrx_word' id='word_1_607' title='bbox 535 2846 561 2869; x_wconf 76' lang='lat' dir='ltr'>Sc</span> <span class='ocrx_word' id='word_1_608' title='bbox 574 2844 638 2869; x_wconf 78' lang='lat' dir='ltr'>vero</span> <span class='ocrx_word' id='word_1_609' title='bbox 648 2844 684 2869; x_wconf 80' lang='lat' dir='ltr'>ita</span> <span class='ocrx_word' id='word_1_610' title='bbox 703 2852 808 2878; x_wconf 82' lang='lat' dir='ltr'>quoque</span> <span class='ocrx_word' id='word_1_611' title='bbox 820 2843 845 2869; x_wconf 91' lang='lat' dir='ltr'>in</span> <span class='ocrx_word' id='word_1_612' title='bbox 858 2843 949 2869; x_wconf 87' lang='lat' dir='ltr'>multis</span> <span class='ocrx_word' id='word_1_613' title='bbox 960 2841 1010 2869; x_wconf 83' lang='lat' dir='ltr'>suis</span> <span class='ocrx_word' id='word_1_614' title='bbox 1031 2839 1107 2868; x_wconf 77' lang='lat' dir='ltr'>fuiffe</span> <span class='ocrx_word' id='word_1_615' title='bbox 1119 2842 1202 2868; x_wconf 83' lang='lat' dir='ltr'>refert</span> 
     </span>
     <span class='ocr_line' id='line_1_70' title="bbox 249 2876 1202 2914; baseline 0.003 -13"><span class='ocrx_word' id='word_1_616' title='bbox 249 2876 379 2903; x_wconf 61' lang='lat' dir='ltr'>stiffi-idus</span> <span class='ocrx_word' id='word_1_617' title='bbox 400 2879 502 2910; x_wconf 51' lang='lat' dir='ltr'>nostem</span> <span class='ocrx_word' id='word_1_618' title='bbox 521 2880 548 2904; x_wconf 85' lang='lat'>&amp;</span> <span class='ocrx_word' id='word_1_619' title='bbox 570 2878 602 2905; x_wconf 89' lang='lat' dir='ltr'>de</span> <span class='ocrx_word' id='word_1_620' title='bbox 622 2879 705 2905; x_wconf 86' lang='lat' dir='ltr'>tribus</span> <span class='ocrx_word' id='word_1_621' title='bbox 718 2879 781 2905; x_wconf 79' lang='lat' dir='ltr'>item</span> <span class='ocrx_word' id='word_1_622' title='bbox 802 2878 853 2904; x_wconf 79' lang='lat' dir='ltr'>suis</span> <span class='ocrx_word' id='word_1_623' title='bbox 873 2879 982 2905; x_wconf 81' lang='lat' dir='ltr'>testatur</span> <span class='ocrx_word' id='word_1_624' title='bbox 1002 2878 1087 2904; x_wconf 80' lang='lat' dir='ltr'>Aldus</span> <span class='ocrx_word' id='word_1_625' title='bbox 1099 2879 1202 2914; x_wconf 81' lang='lat' dir='ltr'>Nepos.</span> 
     </span>
     <span class='ocr_line' id='line_1_71' title="bbox 249 2912 1202 2950; baseline 0.003 -13"><span class='ocrx_word' id='word_1_626' title='bbox 249 2912 363 2938; x_wconf 75' lang='lat' dir='ltr'>Palatini</span> <span class='ocrx_word' id='word_1_627' title='bbox 375 2920 460 2939; x_wconf 75' lang='lat' dir='ltr'>tamen</span> <span class='ocrx_word' id='word_1_628' title='bbox 475 2915 585 2948; x_wconf 78' lang='lat' dir='ltr'>vulgatis</span> <span class='ocrx_word' id='word_1_629' title='bbox 596 2915 661 2941; x_wconf 87' lang='lat' dir='ltr'>olim</span> <span class='ocrx_word' id='word_1_630' title='bbox 672 2914 762 2941; x_wconf 78' lang='lat' dir='ltr'>favent</span> <span class='ocrx_word' id='word_1_631' title='bbox 774 2934 782 2947; x_wconf 82' lang='lat'><strong><em>‚</em></strong></span> <span class='ocrx_word' id='word_1_632' title='bbox 795 2914 840 2941; x_wconf 81' lang='lat' dir='ltr'>uisi</span> <span class='ocrx_word' id='word_1_633' title='bbox 851 2914 922 2950; x_wconf 87' lang='lat' dir='ltr'>quod</span> <span class='ocrx_word' id='word_1_634' title='bbox 933 2913 982 2940; x_wconf 83' lang='lat' dir='ltr'>sec.</span> <span class='ocrx_word' id='word_1_635' title='bbox 992 2918 1068 2940; x_wconf 72' lang='lat' dir='ltr'>Rene.</span> <span class='ocrx_word' id='word_1_636' title='bbox 1081 2922 1202 2950; x_wconf 84' lang='lat' dir='ltr'>quartus,</span> 
     </span>
     <span class='ocr_line' id='line_1_72' title="bbox 248 2949 570 2982; baseline 0.009 -10"><span class='ocrx_word' id='word_1_637' title='bbox 248 2950 313 2973; x_wconf 65' lang='lat' dir='ltr'>Refle</span> <span class='ocrx_word' id='word_1_638' title='bbox 322 2951 378 2982; x_wconf 83' lang='lat' dir='ltr'>Cyre</span> <span class='ocrx_word' id='word_1_639' title='bbox 387 2956 419 2974; x_wconf 77' lang='lat' dir='ltr'>re.</span> <span class='ocrx_word' id='word_1_640' title='bbox 435 2949 485 2974; x_wconf 78' lang='lat' dir='ltr'>sine</span> <span class='ocrx_word' id='word_1_641' title='bbox 497 2952 570 2975; x_wconf 73' lang='lat' dir='ltr'>vero.</span> 
     </span>
    </p>

    <p class='ocr_par' dir='ltr' id='par_1_17' title="bbox 248 2984 1205 3058">
     <span class='ocr_line' id='line_1_73' title="bbox 285 2984 1205 3023; baseline 0.002 -14"><span class='ocrx_word' id='word_1_642' title='bbox 285 2984 319 3023; x_wconf 70' lang='lat'>⁶:</span> <span class='ocrx_word' id='word_1_643' title='bbox 333 2984 404 3016; x_wconf 69' lang='lat' dir='ltr'>Ly&#39;que</span> <span class='ocrx_word' id='word_1_644' title='bbox 425 2984 579 3023; x_wconf 39' lang='lat' dir='ltr'>adult-imum</span> <span class='ocrx_word' id='word_1_645' title='bbox 593 2987 707 3019; x_wconf 58' lang='lat' dir='ltr'>tempus-,fl</span> <span class='ocrx_word' id='word_1_646' title='bbox 730 2985 892 3012; x_wconf 82' lang='lat' dir='ltr'>Gulielmius</span> <span class='ocrx_word' id='word_1_647' title='bbox 900 2985 1075 3019; x_wconf 72' lang='lat' dir='ltr'>abjiciendum</span> <span class='ocrx_word' id='word_1_648' title='bbox 1096 2985 1205 3021; x_wconf 79' lang='lat' dir='ltr'>putabat</span> 
     </span>
     <span class='ocr_line' id='line_1_74' title="bbox 248 3018 1203 3058; baseline 0.003 -14"><span class='ocrx_word' id='word_1_649' title='bbox 248 3019 290 3049; x_wconf 63' lang='lat' dir='ltr'>ad,</span> <span class='ocrx_word' id='word_1_650' title='bbox 304 3018 355 3045; x_wconf 44' lang='lat' dir='ltr'>title</span> <span class='ocrx_word' id='word_1_651' title='bbox 365 3019 512 3045; x_wconf 77' lang='lat' dir='ltr'>Metelliani</span> <span class='ocrx_word' id='word_1_652' title='bbox 525 3020 631 3046; x_wconf 76' lang='lat' dir='ltr'>codicis.</span> <span class='ocrx_word' id='word_1_653' title='bbox 653 3031 736 3055; x_wconf 81' lang='lat' dir='ltr'>neque</span> <span class='ocrx_word' id='word_1_654' title='bbox 747 3021 885 3058; x_wconf 79' lang='lat' dir='ltr'>improbo:</span> <span class='ocrx_word' id='word_1_655' title='bbox 907 3021 951 3048; x_wconf 86' lang='lat' dir='ltr'>sed</span> <span class='ocrx_word' id='word_1_656' title='bbox 963 3022 1007 3048; x_wconf 92' lang='lat' dir='ltr'>uni</span> <span class='ocrx_word' id='word_1_657' title='bbox 1021 3021 1090 3047; x_wconf 84' lang='lat' dir='ltr'>libro</span> <span class='ocrx_word' id='word_1_658' title='bbox 1101 3029 1203 3047; x_wconf 80' lang='lat' dir='ltr'>tantum</span> 
     </span>
    </p>
   </div>
   <div class='ocr_carea' id='block_1_13' title="bbox 248 3055 1228 3090">
    <p class='ocr_par' dir='ltr' id='par_1_18' title="bbox 248 3055 1228 3090">
     <span class='ocr_line' id='line_1_75' title="bbox 248 3055 1228 3090; baseline 0.002 -10"><span class='ocrx_word' id='word_1_659' title='bbox 248 3055 364 3080; x_wconf 80' lang='lat' dir='ltr'>trib-iere</span> <span class='ocrx_word' id='word_1_660' title='bbox 375 3063 476 3090; x_wconf 81' lang='lat' dir='ltr'>nequeo</span> <span class='ocrx_word' id='word_1_661' title='bbox 489 3073 496 3085; x_wconf 86' lang='lat'>,</span> <span class='ocrx_word' id='word_1_662' title='bbox 517 3062 545 3080; x_wconf 83' lang='lat' dir='ltr'>iit</span> <span class='ocrx_word' id='word_1_663' title='bbox 555 3055 644 3081; x_wconf 76' lang='lat' dir='ltr'>abeam</span> <span class='ocrx_word' id='word_1_664' title='bbox 657 3059 671 3082; x_wconf 75' lang='lat' dir='ltr'>:l</span> <span class='ocrx_word' id='word_1_665' title='bbox 692 3057 808 3084; x_wconf 61' lang='lat' dir='ltr'>leetimie</span> <span class='ocrx_word' id='word_1_666' title='bbox 818 3058 937 3084; x_wconf 84' lang='lat' dir='ltr'>oninium</span> <span class='ocrx_word' id='word_1_667' title='bbox 954 3058 1103 3084; x_wconf 75' lang='lat' dir='ltr'>nationum.</span> <span class='ocrx_word' id='word_1_668' title='bbox 1124 3057 1141 3083; x_wconf 80' lang='lat' dir='ltr'>si</span> <span class='ocrx_word' id='word_1_669' title='bbox 1152 3057 1206 3083; x_wconf 88' lang='lat' dir='ltr'>duo</span> <span class='ocrx_word' id='word_1_670' title='bbox 1226 3079 1228 3082; x_wconf 92' lang='lat'>.</span> 
     </span>
    </p>
   </div>
   <div class='ocr_carea' id='block_1_14' title="bbox 247 3089 1209 3163">
    <p class='ocr_par' dir='ltr' id='par_1_19' title="bbox 247 3089 1209 3163">
     <span class='ocr_line' id='line_1_76' title="bbox 247 3089 630 3121; baseline 0 -5"><span class='ocrx_word' id='word_1_671' title='bbox 247 3090 341 3121; x_wconf 67' lang='lat' dir='ltr'>client,</span> <span class='ocrx_word' id='word_1_672' title='bbox 352 3089 437 3116; x_wconf 72' lang='lat' dir='ltr'>forsan</span> <span class='ocrx_word' id='word_1_673' title='bbox 448 3091 616 3116; x_wconf 57' lang='lat' dir='ltr'>conniverent</span> <span class='ocrx_word' id='word_1_674' title='bbox 624 3110 630 3116; x_wconf 86' lang='lat'>.</span> 
     </span>
     <span class='ocr_line' id='line_1_77' title="bbox 281 3127 1209 3163; baseline 0.003 -10"><span class='ocrx_word' id='word_1_675' title='bbox 281 3135 309 3161; x_wconf 91' lang='lat'>7.</span> <span class='ocrx_word' id='word_1_676' title='bbox 329 3127 383 3154; x_wconf 55' lang='lat' dir='ltr'>(Ad</span> <span class='ocrx_word' id='word_1_677' title='bbox 390 3128 532 3160; x_wconf 70' lang='lat' dir='ltr'>centesimum</span> <span class='ocrx_word' id='word_1_678' title='bbox 541 3128 795 3163; x_wconf 62' lang='lat' dir='ltr'>annnmperduxifflz]</span> <span class='ocrx_word' id='word_1_679' title='bbox 819 3128 929 3156; x_wconf 76' lang='lat' dir='ltr'>Sicmff.</span> <span class='ocrx_word' id='word_1_680' title='bbox 944 3138 1036 3156; x_wconf 82' lang='lat' dir='ltr'>omncs</span> <span class='ocrx_word' id='word_1_681' title='bbox 1047 3128 1209 3156; x_wconf 80' lang='lat' dir='ltr'>Gulielmia-</span> 
     </span>
    </p>
   </div>
   <div class='ocr_carea' id='block_1_15' title="bbox 1225 2385 1230 3129">
    <p class='ocr_par' dir='ltr' id='par_1_20' title="bbox 1225 2385 1230 3129">
     <span class='ocr_line' id='line_1_78' title="bbox 1225 2385 1230 3129; baseline 0 0"><span class='ocrx_word' id='word_1_682' title='bbox 1225 2385 1230 3129; x_wconf 95' lang='lat' dir='ltr'> </span> 
     </span>
    </p>
   </div>
   <div class='ocr_carea' id='block_1_16' title="bbox 1396 98 1708 161">
    <p class='ocr_par' dir='ltr' id='par_1_21' title="bbox 1396 98 1708 161">
     <span class='ocr_line' id='line_1_79' title="bbox 1396 98 1708 161; baseline 0.003 -14"><span class='ocrx_word' id='word_1_683' title='bbox 1396 98 1635 161; x_wconf 65' lang='lat' dir='ltr'>hd.sJ·o</span> <span class='ocrx_word' id='word_1_684' title='bbox 1671 117 1708 148; x_wconf 78' lang='lat' dir='ltr'>R</span> 
     </span>
    </p>
   </div>
   <div class='ocr_carea' id='block_1_17' title="bbox 1231 179 2190 512">
    <p class='ocr_par' dir='ltr' id='par_1_22' title="bbox 1231 179 2190 512">
     <span class='ocr_line' id='line_1_80' title="bbox 1232 179 2189 225; baseline 0.007 -15"><span class='ocrx_word' id='word_1_685' title='bbox 1232 190 1296 211; x_wconf 89' lang='lat' dir='ltr'>non</span> <span class='ocrx_word' id='word_1_686' title='bbox 1306 189 1384 221; x_wconf 77' lang='lat' dir='ltr'>ruga:</span> <span class='ocrx_word' id='word_1_687' title='bbox 1395 179 1516 220; x_wconf 75' lang='lat' dir='ltr'>repente</span> <span class='ocrx_word' id='word_1_688' title='bbox 1528 182 1559 200; x_wconf 85' lang='lat'>¹0</span> <span class='ocrx_word' id='word_1_689' title='bbox 1568 179 1774 210; x_wconf 68' lang='lat' dir='ltr'>aueritatem</span> <span class='ocrx_word' id='word_1_690' title='bbox 1788 182 1913 223; x_wconf 80' lang='lat' dir='ltr'>arripere</span> <span class='ocrx_word' id='word_1_691' title='bbox 1920 182 2042 225; x_wconf 76' lang='lat' dir='ltr'>poss‘unt</span> <span class='ocrx_word' id='word_1_692' title='bbox 2052 194 2059 215; x_wconf 77' lang='lat' dir='ltr'><em>z</em></span> <span class='ocrx_word' id='word_1_693' title='bbox 2071 184 2118 216; x_wconf 87' lang='lat' dir='ltr'>sed</span> <span class='ocrx_word' id='word_1_694' title='bbox 2129 186 2189 217; x_wconf 77' lang='lat' dir='ltr'>ho-</span> 
     </span>
     <span class='ocr_line' id='line_1_81' title="bbox 1232 221 2187 262; baseline 0.004 -9"><span class='ocrx_word' id='word_1_695' title='bbox 1232 222 1314 253; x_wconf 64' lang='lat' dir='ltr'>neste</span> <span class='ocrx_word' id='word_1_696' title='bbox 1333 222 1396 253; x_wconf 70' lang='lat' dir='ltr'>aEta</span> <span class='ocrx_word' id='word_1_697' title='bbox 1404 222 1535 262; x_wconf 83' lang='lat' dir='ltr'>superior</span> <span class='ocrx_word' id='word_1_698' title='bbox 1543 230 1610 252; x_wconf 81' lang='lat' dir='ltr'>aetas</span> <span class='ocrx_word' id='word_1_699' title='bbox 1619 221 1733 252; x_wconf 67' lang='lat' dir='ltr'>fruetus</span> <span class='ocrx_word' id='word_1_700' title='bbox 1741 225 1818 262; x_wconf 87' lang='lat' dir='ltr'>capit</span> <span class='ocrx_word' id='word_1_701' title='bbox 1834 224 2014 257; x_wconf 71' lang='lat' dir='ltr'>auEimritatis</span> <span class='ocrx_word' id='word_1_702' title='bbox 2024 236 2187 258; x_wconf 71' lang='lat' dir='ltr'>exuemus.</span> 
     </span>
     <span class='ocr_line' id='line_1_82' title="bbox 1233 263 2188 310; baseline 0.005 -15"><span class='ocrx_word' id='word_1_703' title='bbox 1233 267 1320 295; x_wconf 61' lang='lat' dir='ltr'>Hinc</span> <span class='ocrx_word' id='word_1_704' title='bbox 1331 273 1421 294; x_wconf 68' lang='lat' dir='ltr'>emm</span> <span class='ocrx_word' id='word_1_705' title='bbox 1431 264 1493 304; x_wconf 87' lang='lat' dir='ltr'>ipsa</span> <span class='ocrx_word' id='word_1_706' title='bbox 1503 263 1569 294; x_wconf 90' lang='lat' dir='ltr'>sunt</span> <span class='ocrx_word' id='word_1_707' title='bbox 1579 263 1845 304; x_wconf 74' lang='lat' dir='ltr'>honorabilin‚quae</span> <span class='ocrx_word' id='word_1_708' title='bbox 1854 266 1993 298; x_wconf 84' lang='lat' dir='ltr'>videntur</span> <span class='ocrx_word' id='word_1_709' title='bbox 2001 269 2088 303; x_wconf 81' lang='lat' dir='ltr'>levia,</span> <span class='ocrx_word' id='word_1_710' title='bbox 2099 279 2188 310; x_wconf 86' lang='lat' dir='ltr'>atque</span> 
     </span>
     <span class='ocr_line' id='line_1_83' title="bbox 1231 305 2185 350; baseline 0.003 -13"><span class='ocrx_word' id='word_1_711' title='bbox 1231 308 1410 338; x_wconf 72' lang='lat' dir='ltr'>communie</span> <span class='ocrx_word' id='word_1_712' title='bbox 1421 325 1430 339; x_wconf 61' lang='lat'><strong>³</strong></span> <span class='ocrx_word' id='word_1_713' title='bbox 1455 305 1587 338; x_wconf 79' lang='lat' dir='ltr'>salutari,</span> <span class='ocrx_word' id='word_1_714' title='bbox 1616 307 1733 346; x_wconf 82' lang='lat' dir='ltr'>appeti,</span> <span class='ocrx_word' id='word_1_715' title='bbox 1761 306 1884 340; x_wconf 87' lang='lat' dir='ltr'>decedi,</span> <span class='ocrx_word' id='word_1_716' title='bbox 1911 306 2014 350; x_wconf 77' lang='lat' dir='ltr'>assurgi</span> <span class='ocrx_word' id='word_1_717' title='bbox 2027 330 2036 343; x_wconf 83' lang='lat'>‚</span> <span class='ocrx_word' id='word_1_718' title='bbox 2065 310 2185 345; x_wconf 82' lang='lat' dir='ltr'>deduci.</span> 
     </span>
     <span class='ocr_line' id='line_1_84' title="bbox 1234 346 2186 387; baseline 0.006 -9"><span class='ocrx_word' id='word_1_719' title='bbox 1234 347 1354 381; x_wconf 83' lang='lat' dir='ltr'>reduci,</span> <span class='ocrx_word' id='word_1_720' title='bbox 1373 346 1509 378; x_wconf 85' lang='lat' dir='ltr'>consuli:</span> <span class='ocrx_word' id='word_1_721' title='bbox 1531 356 1596 387; x_wconf 84' lang='lat' dir='ltr'>quae</span> <span class='ocrx_word' id='word_1_722' title='bbox 1606 346 1640 377; x_wconf 73' lang='grc' dir='ltr'>δε</span> <span class='ocrx_word' id='word_1_723' title='bbox 1650 346 1727 387; x_wconf 88' lang='lat' dir='ltr'>apud</span> <span class='ocrx_word' id='word_1_724' title='bbox 1742 357 1799 378; x_wconf 89' lang='lat' dir='ltr'>nos</span> <span class='ocrx_word' id='word_1_725' title='bbox 1808 367 1818 381; x_wconf 86' lang='lat'>,</span> <span class='ocrx_word' id='word_1_726' title='bbox 1842 347 1917 378; x_wconf 90' lang='lat' dir='ltr'>&amp;in</span> <span class='ocrx_word' id='word_1_727' title='bbox 1929 350 1995 380; x_wconf 85' lang='lat' dir='ltr'>aliis</span> <span class='ocrx_word' id='word_1_728' title='bbox 2004 352 2186 387; x_wconf 73' lang='lat' dir='ltr'>civitatibus,</span> 
     </span>
     <span class='ocr_line' id='line_1_85' title="bbox 1236 389 2186 429; baseline 0.004 -10"><span class='ocrx_word' id='word_1_729' title='bbox 1236 398 1268 419; x_wconf 86' lang='lat' dir='ltr'>ut</span> <span class='ocrx_word' id='word_1_730' title='bbox 1278 398 1401 429; x_wconf 87' lang='lat' dir='ltr'>quaeque</span> <span class='ocrx_word' id='word_1_731' title='bbox 1425 390 1541 429; x_wconf 90' lang='lat' dir='ltr'>optime</span> <span class='ocrx_word' id='word_1_732' title='bbox 1551 397 1662 419; x_wconf 86' lang='lat' dir='ltr'>morata</span> <span class='ocrx_word' id='word_1_733' title='bbox 1672 408 1681 423; x_wconf 88' lang='lat'>,</span> <span class='ocrx_word' id='word_1_734' title='bbox 1703 391 1742 419; x_wconf 89' lang='lat' dir='ltr'>ita</span> <span class='ocrx_word' id='word_1_735' title='bbox 1753 389 1975 429; x_wconf 69' lang='lat' dir='ltr'>diligentissime</span> <span class='ocrx_word' id='word_1_736' title='bbox 1985 391 2186 425; x_wconf 87' lang='lat' dir='ltr'>observantur.</span> 
     </span>
     <span class='ocr_line' id='line_1_86' title="bbox 1236 429 2189 471; baseline 0.006 -11"><span class='ocrx_word' id='word_1_737' title='bbox 1236 431 1421 471; x_wconf 80' lang='lat' dir='ltr'>Lysandrum</span> <span class='ocrx_word' id='word_1_738' title='bbox 1431 429 1708 463; x_wconf 66' lang='lat' dir='ltr'>Lacedaemonium,</span> <span class='ocrx_word' id='word_1_739' title='bbox 1716 431 1801 470; x_wconf 87' lang='lat' dir='ltr'>cujus</span> <span class='ocrx_word' id='word_1_740' title='bbox 1813 430 1907 461; x_wconf 73' lang='lat' dir='ltr'>modo</span> <span class='ocrx_word' id='word_1_741' title='bbox 1918 434 2105 464; x_wconf 83' lang='lat' dir='ltr'>mentionem</span> <span class='ocrx_word' id='word_1_742' title='bbox 2116 434 2189 469; x_wconf 87' lang='lat' dir='ltr'>feci.</span> 
     </span>
     <span class='ocr_line' id='line_1_87' title="bbox 1236 472 2190 512; baseline 0.001 -10"><span class='ocrx_word' id='word_1_743' title='bbox 1236 472 1334 503; x_wconf 85' lang='lat' dir='ltr'>dicere</span> <span class='ocrx_word' id='word_1_744' title='bbox 1342 474 1426 502; x_wconf 85' lang='lat' dir='ltr'>aiunt</span> <span class='ocrx_word' id='word_1_745' title='bbox 1443 472 1566 502; x_wconf 88' lang='lat' dir='ltr'>solitum</span> <span class='ocrx_word' id='word_1_746' title='bbox 1578 491 1586 505; x_wconf 85' lang='lat'>‚</span> <span class='ocrx_word' id='word_1_747' title='bbox 1607 472 1798 502; x_wconf 58' lang='lat' dir='ltr'>Lacedaemone</span> <span class='ocrx_word' id='word_1_748' title='bbox 1816 472 1864 510; x_wconf 71' lang='lat' dir='ltr'><em>ff</em></span> <span class='ocrx_word' id='word_1_749' title='bbox 1885 472 2090 512; x_wconf 75' lang='lat' dir='ltr'>honestiffimnm</span> <span class='ocrx_word' id='word_1_750' title='bbox 2097 476 2190 506; x_wconf 80' lang='lat' dir='ltr'>domi-</span> 
     </span>
    </p>
   </div>
   <div class='ocr_carea' id='block_1_18' title="bbox 1216 512 2189 554">
    <p class='ocr_par' dir='ltr' id='par_1_23' title="bbox 1216 512 2189 554">
     <span class='ocr_line' id='line_1_88' title="bbox 1216 512 2189 554; baseline 0.005 -11"><span class='ocrx_word' id='word_1_751' title='bbox 1216 539 1218 544; x_wconf 82' lang='lat'>.</span> <span class='ocrx_word' id='word_1_752' title='bbox 1235 514 1334 543; x_wconf 79' lang='lat' dir='ltr'>cilium</span> <span class='ocrx_word' id='word_1_753' title='bbox 1348 512 1505 553; x_wconf 47' lang='lat' dir='ltr'>senestuti&amp;</span> <span class='ocrx_word' id='word_1_754' title='bbox 1539 513 1685 554; x_wconf 89' lang='lat' dir='ltr'>nusquam</span> <span class='ocrx_word' id='word_1_755' title='bbox 1706 516 1790 544; x_wconf 88' lang='lat' dir='ltr'>enirn</span> <span class='ocrx_word' id='word_1_756' title='bbox 1811 523 1926 545; x_wconf 88' lang='lat' dir='ltr'>tantum</span> <span class='ocrx_word' id='word_1_757' title='bbox 1944 516 2083 546; x_wconf 88' lang='lat' dir='ltr'>tribuitur</span> <span class='ocrx_word' id='word_1_758' title='bbox 2100 520 2189 552; x_wconf 83' lang='lat' dir='ltr'>aetati.</span> 
     </span>
    </p>
   </div>
   <div class='ocr_carea' id='block_1_19' title="bbox 1235 554 2201 1389">
    <p class='ocr_par' dir='ltr' id='par_1_24' title="bbox 1235 554 2201 1389">
     <span class='ocr_line' id='line_1_89' title="bbox 1235 554 2190 597; baseline 0.002 -10"><span class='ocrx_word' id='word_1_759' title='bbox 1235 556 1381 596; x_wconf 84' lang='lat' dir='ltr'>nusquam</span> <span class='ocrx_word' id='word_1_760' title='bbox 1399 555 1442 586; x_wconf 87' lang='lat' dir='ltr'>est</span> <span class='ocrx_word' id='word_1_761' title='bbox 1461 554 1596 586; x_wconf 71' lang='lat' dir='ltr'>sene&amp;us</span> <span class='ocrx_word' id='word_1_762' title='bbox 1611 557 1805 586; x_wconf 85' lang='lat' dir='ltr'>honoratior:</span> <span class='ocrx_word' id='word_1_763' title='bbox 1832 558 1906 597; x_wconf 88' lang='lat' dir='ltr'>quin</span> <span class='ocrx_word' id='word_1_764' title='bbox 1924 558 2014 587; x_wconf 89' lang='lat' dir='ltr'>etiarn</span> <span class='ocrx_word' id='word_1_765' title='bbox 2033 561 2190 590; x_wconf 79' lang='lat' dir='ltr'>memoriae</span> 
     </span>
     <span class='ocr_line' id='line_1_90' title="bbox 1236 596 2201 638; baseline 0.003 -11"><span class='ocrx_word' id='word_1_766' title='bbox 1236 599 1386 638; x_wconf 87' lang='lat' dir='ltr'>proditum</span> <span class='ocrx_word' id='word_1_767' title='bbox 1411 596 1470 631; x_wconf 86' lang='lat' dir='ltr'>est,</span> <span class='ocrx_word' id='word_1_768' title='bbox 1490 596 1561 628; x_wconf 75' lang='lat' dir='ltr'>cum</span> <span class='ocrx_word' id='word_1_769' title='bbox 1573 598 1720 631; x_wconf 86' lang='lat' dir='ltr'>Athenis,</span> <span class='ocrx_word' id='word_1_770' title='bbox 1738 597 1818 628; x_wconf 90' lang='lat' dir='ltr'>ludis</span> <span class='ocrx_word' id='word_1_771' title='bbox 1830 618 1838 630; x_wconf 96' lang='lat'>,</span> <span class='ocrx_word' id='word_1_772' title='bbox 1858 597 1980 638; x_wconf 88' lang='lat' dir='ltr'>quidam</span> <span class='ocrx_word' id='word_1_773' title='bbox 1998 601 2031 628; x_wconf 93' lang='lat' dir='ltr'>in</span> <span class='ocrx_word' id='word_1_774' title='bbox 2044 601 2201 633; x_wconf 26' lang='lat' dir='ltr'>theatrum.</span> 
     </span>
     <span class='ocr_line' id='line_1_91' title="bbox 1236 637 2192 681; baseline 0.003 -12"><span class='ocrx_word' id='word_1_775' title='bbox 1236 639 1356 681; x_wconf 87' lang='lat' dir='ltr'>grandis</span> <span class='ocrx_word' id='word_1_776' title='bbox 1374 648 1443 670; x_wconf 80' lang='lat' dir='ltr'>natu</span> <span class='ocrx_word' id='word_1_777' title='bbox 1466 637 1610 672; x_wconf 79' lang='lat' dir='ltr'>veniffet‚</span> <span class='ocrx_word' id='word_1_778' title='bbox 1628 641 1660 669; x_wconf 88' lang='lat' dir='ltr'>in</span> <span class='ocrx_word' id='word_1_779' title='bbox 1680 649 1790 680; x_wconf 85' lang='lat' dir='ltr'>magno</span> <span class='ocrx_word' id='word_1_780' title='bbox 1807 639 1942 669; x_wconf 80' lang='lat' dir='ltr'>consess&#39;u</span> <span class='ocrx_word' id='word_1_781' title='bbox 1956 640 2057 670; x_wconf 90' lang='lat' dir='ltr'>locum</span> <span class='ocrx_word' id='word_1_782' title='bbox 2068 641 2192 672; x_wconf 77' lang='lat' dir='ltr'>eiasuis</span> 
     </span>
     <span class='ocr_line' id='line_1_92' title="bbox 1235 679 2193 721; baseline 0.002 -10"><span class='ocrx_word' id='word_1_783' title='bbox 1235 681 1355 712; x_wconf 87' lang='lat' dir='ltr'>civibus</span> <span class='ocrx_word' id='word_1_784' title='bbox 1376 682 1522 721; x_wconf 85' lang='lat' dir='ltr'>nusquam</span> <span class='ocrx_word' id='word_1_785' title='bbox 1540 680 1659 711; x_wconf 87' lang='lat' dir='ltr'>datum:</span> <span class='ocrx_word' id='word_1_786' title='bbox 1679 679 1749 711; x_wconf 75' lang='lat' dir='ltr'>cum</span> <span class='ocrx_word' id='word_1_787' title='bbox 1770 689 1870 711; x_wconf 90' lang='lat' dir='ltr'>autem</span> <span class='ocrx_word' id='word_1_788' title='bbox 1888 681 1924 712; x_wconf 92' lang='lat' dir='ltr'>ad</span> <span class='ocrx_word' id='word_1_789' title='bbox 1944 682 2193 713; x_wconf 72' lang='lat' dir='ltr'>Lacedaemonios</span> 
     </span>
     <span class='ocr_line' id='line_1_93' title="bbox 1240 721 2194 763; baseline 0.001 -9"><span class='ocrx_word' id='word_1_790' title='bbox 1240 721 1392 755; x_wconf 80' lang='lat' dir='ltr'>acceffiss&#39;et</span> <span class='ocrx_word' id='word_1_791' title='bbox 1403 743 1412 756; x_wconf 92' lang='lat'>‚</span> <span class='ocrx_word' id='word_1_792' title='bbox 1430 726 1455 742; x_wconf 85' lang='lat'>¹¹</span> <span class='ocrx_word' id='word_1_793' title='bbox 1474 724 1526 762; x_wconf 90' lang='lat' dir='ltr'>qui</span> <span class='ocrx_word' id='word_1_794' title='bbox 1538 721 1612 752; x_wconf 76' lang='lat' dir='ltr'>cum</span> <span class='ocrx_word' id='word_1_795' title='bbox 1626 723 1713 763; x_wconf 87' lang='lat' dir='ltr'>legati</span> <span class='ocrx_word' id='word_1_796' title='bbox 1723 721 1827 755; x_wconf 74' lang='lat' dir='ltr'>essent,</span> <span class='ocrx_word' id='word_1_797' title='bbox 1837 723 1870 752; x_wconf 90' lang='lat' dir='ltr'>in</span> <span class='ocrx_word' id='word_1_798' title='bbox 1881 723 1949 753; x_wconf 90' lang='lat' dir='ltr'>loco</span> <span class='ocrx_word' id='word_1_799' title='bbox 1958 733 2039 753; x_wconf 82' lang='lat' dir='ltr'>certo</span> <span class='ocrx_word' id='word_1_800' title='bbox 2048 724 2194 755; x_wconf 86' lang='lat' dir='ltr'>consede-</span> 
     </span>
     <span class='ocr_line' id='line_1_94' title="bbox 1237 762 2193 798; baseline 0.001 -3"><span class='ocrx_word' id='word_1_801' title='bbox 1237 774 1321 798; x_wconf 82' lang='lat' dir='ltr'>rant,</span> <span class='ocrx_word' id='word_1_802' title='bbox 1339 762 1555 795; x_wconf 81' lang='lat' dir='ltr'>consurrexiss&#39;e</span> <span class='ocrx_word' id='word_1_803' title='bbox 1570 767 1691 794; x_wconf 85' lang='lat' dir='ltr'>omneis</span> <span class='ocrx_word' id='word_1_804' title='bbox 1702 783 1710 797; x_wconf 92' lang='lat'>,</span> <span class='ocrx_word' id='word_1_805' title='bbox 1733 765 1766 794; x_wconf 88' lang='lat'>&amp;</span> <span class='ocrx_word' id='word_1_806' title='bbox 1784 765 1885 794; x_wconf 84' lang='lat' dir='ltr'>seriem</span> <span class='ocrx_word' id='word_1_807' title='bbox 1896 765 1984 794; x_wconf 87' lang='lat' dir='ltr'>illum</span> <span class='ocrx_word' id='word_1_808' title='bbox 1995 764 2100 796; x_wconf 79' lang='lat' dir='ltr'>sefl&#39;um</span> <span class='ocrx_word' id='word_1_809' title='bbox 2112 775 2193 796; x_wconf 85' lang='lat' dir='ltr'>rece-</span> 
     </span>
     <span class='ocr_line' id='line_1_95' title="bbox 1238 804 2193 848; baseline 0.001 -12"><span class='ocrx_word' id='word_1_810' title='bbox 1238 806 1322 848; x_wconf 78' lang='lat' dir='ltr'>piss&#39;e.</span> <span class='ocrx_word' id='word_1_811' title='bbox 1345 807 1452 847; x_wconf 90' lang='lat' dir='ltr'>quibus</span> <span class='ocrx_word' id='word_1_812' title='bbox 1470 805 1541 836; x_wconf 77' lang='lat' dir='ltr'>curn</span> <span class='ocrx_word' id='word_1_813' title='bbox 1562 806 1576 836; x_wconf 73' lang='lat' dir='ltr'>a</span> <span class='ocrx_word' id='word_1_814' title='bbox 1597 805 1708 836; x_wconf 69' lang='lat' dir='ltr'>cun&amp;o</span> <span class='ocrx_word' id='word_1_815' title='bbox 1726 804 1863 836; x_wconf 81' lang='lat' dir='ltr'>conseffu</span> <span class='ocrx_word' id='word_1_816' title='bbox 1879 806 1996 846; x_wconf 84' lang='lat' dir='ltr'>plausus</span> <span class='ocrx_word' id='word_1_817' title='bbox 2006 805 2193 838; x_wconf 81' lang='lat' dir='ltr'>essetrnulti-</span> 
     </span>
     <span class='ocr_line' id='line_1_96' title="bbox 1239 846 2191 889; baseline -0.001 -10"><span class='ocrx_word' id='word_1_818' title='bbox 1239 849 1309 889; x_wconf 84' lang='lat' dir='ltr'>plex</span> <span class='ocrx_word' id='word_1_819' title='bbox 1329 849 1432 881; x_wconf 85' lang='lat' dir='ltr'>datus,</span> <span class='ocrx_word' id='word_1_820' title='bbox 1454 846 1561 878; x_wconf 87' lang='lat' dir='ltr'>dixisse</span> <span class='ocrx_word' id='word_1_821' title='bbox 1583 858 1621 878; x_wconf 84' lang='lat' dir='ltr'>ex</span> <span class='ocrx_word' id='word_1_822' title='bbox 1642 849 1681 878; x_wconf 90' lang='lat' dir='ltr'>iis</span> <span class='ocrx_word' id='word_1_823' title='bbox 1699 847 1870 887; x_wconf 83' lang='lat' dir='ltr'>quendam,</span> <span class='ocrx_word' id='word_1_824' title='bbox 1902 848 2096 888; x_wconf 57' lang='lat' dir='ltr'>,Athenienfiu</span> <span class='ocrx_word' id='word_1_825' title='bbox 2109 849 2191 889; x_wconf 79' lang='lat' dir='ltr'>scire,</span> 
     </span>
     <span class='ocr_line' id='line_1_97' title="bbox 1237 889 2190 932; baseline 0.002 -13"><span class='ocrx_word' id='word_1_826' title='bbox 1237 901 1295 932; x_wconf 66' lang='lat' dir='ltr'>qua</span> <span class='ocrx_word' id='word_1_827' title='bbox 1304 889 1378 920; x_wconf 61' lang='lat' dir='ltr'>resta</span> <span class='ocrx_word' id='word_1_828' title='bbox 1389 889 1485 928; x_wconf 81' lang='lat' dir='ltr'>effent,</span> <span class='ocrx_word' id='word_1_829' title='bbox 1501 889 1653 930; x_wconf 79' lang='lat' dir='ltr'>sedfacere</span> <span class='ocrx_word' id='word_1_830' title='bbox 1670 891 1745 919; x_wconf 72' lang='lat' dir='ltr'>nolle.</span> <span class='ocrx_word' id='word_1_831' title='bbox 1769 889 1867 919; x_wconf 89' lang='lat' dir='ltr'>Multa</span> <span class='ocrx_word' id='word_1_832' title='bbox 1886 891 1919 920; x_wconf 91' lang='lat' dir='ltr'>in</span> <span class='ocrx_word' id='word_1_833' title='bbox 1937 889 2038 920; x_wconf 84' lang='lat' dir='ltr'>nostro</span> <span class='ocrx_word' id='word_1_834' title='bbox 2058 891 2190 932; x_wconf 78' lang='lat' dir='ltr'>collegio</span> 
     </span>
     <span class='ocr_line' id='line_1_98' title="bbox 1235 932 2194 972; baseline 0.001 -10"><span class='ocrx_word' id='word_1_835' title='bbox 1235 934 1385 972; x_wconf 77' lang='lat' dir='ltr'>praeclara:</span> <span class='ocrx_word' id='word_1_836' title='bbox 1410 932 1458 962; x_wconf 88' lang='lat' dir='ltr'>scd</span> <span class='ocrx_word' id='word_1_837' title='bbox 1477 932 1553 964; x_wconf 89' lang='lat' dir='ltr'>hoc,</span> <span class='ocrx_word' id='word_1_838' title='bbox 1575 932 1610 962; x_wconf 86' lang='lat' dir='ltr'>de</span> <span class='ocrx_word' id='word_1_839' title='bbox 1633 933 1837 972; x_wconf 88' lang='lat' dir='ltr'>quoagimus,</span> <span class='ocrx_word' id='word_1_840' title='bbox 1858 933 2017 971; x_wconf 86' lang='lat' dir='ltr'>inprimis,</span> <span class='ocrx_word' id='word_1_841' title='bbox 2039 932 2137 972; x_wconf 91' lang='lat' dir='ltr'>quod,</span> <span class='ocrx_word' id='word_1_842' title='bbox 2160 940 2194 963; x_wconf 81' lang='lat' dir='ltr'>ut</span> 
     </span>
     <span class='ocr_line' id='line_1_99' title="bbox 1237 973 2191 1015; baseline 0 -11"><span class='ocrx_word' id='word_1_843' title='bbox 1237 975 1360 1015; x_wconf 86' lang='lat' dir='ltr'>quisque</span> <span class='ocrx_word' id='word_1_844' title='bbox 1370 983 1451 1004; x_wconf 84' lang='lat' dir='ltr'>aetate</span> <span class='ocrx_word' id='word_1_845' title='bbox 1474 974 1625 1004; x_wconf 85' lang='lat' dir='ltr'>antecellit</span> <span class='ocrx_word' id='word_1_846' title='bbox 1639 993 1647 1006; x_wconf 84' lang='lat'>,</span> <span class='ocrx_word' id='word_1_847' title='bbox 1670 975 1710 1003; x_wconf 84' lang='lat' dir='ltr'>ita</span> <span class='ocrx_word' id='word_1_848' title='bbox 1722 973 1875 1003; x_wconf 82' lang='lat' dir='ltr'>sententiae</span> <span class='ocrx_word' id='word_1_849' title='bbox 1885 975 2086 1013; x_wconf 86' lang='lat' dir='ltr'>principatum</span> <span class='ocrx_word' id='word_1_850' title='bbox 2100 982 2191 1004; x_wconf 89' lang='lat' dir='ltr'>tenet:</span> 
     </span>
     <span class='ocr_line' id='line_1_100' title="bbox 1239 1014 2192 1056; baseline 0.001 -11"><span class='ocrx_word' id='word_1_851' title='bbox 1239 1027 1336 1056; x_wconf 88' lang='lat' dir='ltr'>neque</span> <span class='ocrx_word' id='word_1_852' title='bbox 1354 1014 1455 1046; x_wconf 79' lang='lat' dir='ltr'>solum</span> <span class='ocrx_word' id='word_1_853' title='bbox 1474 1016 1589 1045; x_wconf 83' lang='lat' dir='ltr'>honore</span> <span class='ocrx_word' id='word_1_854' title='bbox 1607 1014 1850 1044; x_wconf 84' lang='lat' dir='ltr'>antecedentibus</span> <span class='ocrx_word' id='word_1_855' title='bbox 1862 1034 1870 1047; x_wconf 85' lang='lat'><em>‚</em></span> <span class='ocrx_word' id='word_1_856' title='bbox 1891 1014 1938 1045; x_wconf 79' lang='lat' dir='ltr'>sed</span> <span class='ocrx_word' id='word_1_857' title='bbox 1958 1016 1994 1044; x_wconf 86' lang='lat' dir='ltr'>iis</span> <span class='ocrx_word' id='word_1_858' title='bbox 2008 1017 2097 1046; x_wconf 88' lang='lat' dir='ltr'>etiam</span> <span class='ocrx_word' id='word_1_859' title='bbox 2109 1036 2116 1049; x_wconf 86' lang='lat'>,</span> <span class='ocrx_word' id='word_1_860' title='bbox 2138 1016 2192 1056; x_wconf 86' lang='lat' dir='ltr'>qui</span> 
     </span>
     <span class='ocr_line' id='line_1_101' title="bbox 1238 1057 2190 1097; baseline 0 -10"><span class='ocrx_word' id='word_1_861' title='bbox 1238 1066 1308 1087; x_wconf 85' lang='lat' dir='ltr'>curn</span> <span class='ocrx_word' id='word_1_862' title='bbox 1329 1059 1457 1096; x_wconf 87' lang='lat' dir='ltr'>imperio</span> <span class='ocrx_word' id='word_1_863' title='bbox 1476 1057 1562 1089; x_wconf 89' lang='lat' dir='ltr'>sunt,</span> <span class='ocrx_word' id='word_1_864' title='bbox 1585 1057 1713 1096; x_wconf 89' lang='lat' dir='ltr'>majores</span> <span class='ocrx_word' id='word_1_865' title='bbox 1728 1065 1798 1085; x_wconf 91' lang='lat' dir='ltr'>natu</span> <span class='ocrx_word' id='word_1_866' title='bbox 1817 1065 1939 1096; x_wconf 87' lang='lat' dir='ltr'>augures</span> <span class='ocrx_word' id='word_1_867' title='bbox 1957 1065 2190 1097; x_wconf 76' lang='lat' dir='ltr'>anteponuntur-</span> 
     </span>
     <span class='ocr_line' id='line_1_102' title="bbox 1240 1097 2192 1141; baseline 0 -12"><span class='ocrx_word' id='word_1_868' title='bbox 1240 1103 1323 1141; x_wconf 75' lang='lat' dir='ltr'>QAE</span> <span class='ocrx_word' id='word_1_869' title='bbox 1334 1108 1413 1134; x_wconf 65' lang='lat' dir='ltr'>suiu-</span> <span class='ocrx_word' id='word_1_870' title='bbox 1423 1100 1512 1139; x_wconf 87' lang='lat' dir='ltr'>igitur</span> <span class='ocrx_word' id='word_1_871' title='bbox 1525 1099 1691 1137; x_wconf 71' lang='lat' dir='ltr'>voluptates</span> <span class='ocrx_word' id='word_1_872' title='bbox 1700 1099 1832 1137; x_wconf 85' lang='lat' dir='ltr'>corporis</span> <span class='ocrx_word' id='word_1_873' title='bbox 1842 1107 1913 1127; x_wconf 88' lang='lat' dir='ltr'>cum</span> <span class='ocrx_word' id='word_1_874' title='bbox 1924 1097 2107 1129; x_wconf 67' lang='lat' dir='ltr'>au&amp;oritatis</span> <span class='ocrx_word' id='word_1_875' title='bbox 2115 1109 2192 1139; x_wconf 73' lang='lat' dir='ltr'>prae-</span> 
     </span>
     <span class='ocr_line' id='line_1_103' title="bbox 1241 1137 2189 1180; baseline -0.001 -9"><span class='ocrx_word' id='word_1_876' title='bbox 1241 1145 1312 1171; x_wconf 88' lang='lat' dir='ltr'>miis</span> <span class='ocrx_word' id='word_1_877' title='bbox 1321 1140 1548 1180; x_wconf 76' lang='lat' dir='ltr'>comparandae?</span> <span class='ocrx_word' id='word_1_878' title='bbox 1568 1140 1677 1180; x_wconf 89' lang='lat' dir='ltr'>quibus</span> <span class='ocrx_word' id='word_1_879' title='bbox 1687 1139 1905 1179; x_wconf 78' lang='lat' dir='ltr'>quisplendide</span> <span class='ocrx_word' id='word_1_880' title='bbox 1919 1137 1959 1168; x_wconf 76' lang='lat' dir='ltr'>ui&#39;i</span> <span class='ocrx_word' id='word_1_881' title='bbox 1970 1139 2055 1175; x_wconf 78' lang='lat' dir='ltr'>sunt,</span> <span class='ocrx_word' id='word_1_882' title='bbox 2078 1142 2100 1170; x_wconf 89' lang='lat' dir='ltr'>ii</span> <span class='ocrx_word' id='word_1_883' title='bbox 2111 1142 2189 1170; x_wconf 86' lang='lat' dir='ltr'>mihi</span> 
     </span>
     <span class='ocr_line' id='line_1_104' title="bbox 1239 1179 2192 1222; baseline -0.002 -9"><span class='ocrx_word' id='word_1_884' title='bbox 1239 1183 1378 1213; x_wconf 82' lang='lat' dir='ltr'>videntur</span> <span class='ocrx_word' id='word_1_885' title='bbox 1387 1182 1518 1212; x_wconf 71' lang='lat' dir='ltr'>fabulam</span> <span class='ocrx_word' id='word_1_886' title='bbox 1530 1183 1623 1212; x_wconf 84' lang='lat' dir='ltr'>aetatis</span> <span class='ocrx_word' id='word_1_887' title='bbox 1632 1179 1773 1222; x_wconf 74' lang='lat' dir='ltr'>peregisse</span> <span class='ocrx_word' id='word_1_888' title='bbox 1784 1200 1793 1214; x_wconf 95' lang='lat'>,</span> <span class='ocrx_word' id='word_1_889' title='bbox 1813 1191 1869 1211; x_wconf 85' lang='lat' dir='ltr'>nec</span> <span class='ocrx_word' id='word_1_890' title='bbox 1879 1190 2031 1222; x_wconf 86' lang='lat' dir='ltr'>tamquam</span> <span class='ocrx_word' id='word_1_891' title='bbox 2041 1183 2192 1212; x_wconf 82' lang='lat' dir='ltr'>inexerci-</span> 
     </span>
     <span class='ocr_line' id='line_1_105' title="bbox 1238 1221 2191 1264; baseline -0.002 -10"><span class='ocrx_word' id='word_1_892' title='bbox 1238 1228 1288 1255; x_wconf 81' lang='lat' dir='ltr'>tati</span> <span class='ocrx_word' id='word_1_893' title='bbox 1304 1224 1484 1258; x_wconf 80' lang='lat' dir='ltr'>histriones,</span> <span class='ocrx_word' id='word_1_894' title='bbox 1504 1225 1537 1252; x_wconf 88' lang='lat' dir='ltr'>in</span> <span class='ocrx_word' id='word_1_895' title='bbox 1555 1232 1693 1254; x_wconf 76' lang='lat' dir='ltr'>exn-emo</span> <span class='ocrx_word' id='word_1_896' title='bbox 1710 1222 1776 1252; x_wconf 66' lang='lat' dir='ltr'>astu</span> <span class='ocrx_word' id='word_1_897' title='bbox 1788 1221 1940 1252; x_wconf 77' lang='lat' dir='ltr'>corruifl&#39;e.</span> <span class='ocrx_word' id='word_1_898' title='bbox 1964 1222 2191 1264; x_wconf 71' lang='lat' dir='ltr'>Atsuntmorosn‘,</span> 
     </span>
     <span class='ocr_line' id='line_1_106' title="bbox 1241 1262 2191 1305; baseline 0 -11"><span class='ocrx_word' id='word_1_899' title='bbox 1241 1268 1275 1298; x_wconf 71' lang='lat'>&amp;-</span> <span class='ocrx_word' id='word_1_900' title='bbox 1284 1267 1367 1294; x_wconf 69' lang='lat' dir='ltr'>anxii</span> <span class='ocrx_word' id='word_1_901' title='bbox 1377 1285 1385 1299; x_wconf 87' lang='lat'>,</span> <span class='ocrx_word' id='word_1_902' title='bbox 1398 1266 1432 1297; x_wconf 68' lang='grc' dir='ltr'>ὠ·</span> <span class='ocrx_word' id='word_1_903' title='bbox 1442 1262 1571 1294; x_wconf 64' lang='lat' dir='ltr'>iracundi</span> <span class='ocrx_word' id='word_1_904' title='bbox 1581 1285 1588 1299; x_wconf 86' lang='lat'>,</span> <span class='ocrx_word' id='word_1_905' title='bbox 1606 1266 1640 1297; x_wconf 64' lang='lat'>&amp;-</span> <span class='ocrx_word' id='word_1_906' title='bbox 1649 1264 1852 1304; x_wconf 67' lang='lat' dir='ltr'>difficilesftnes</span> <span class='ocrx_word' id='word_1_907' title='bbox 1865 1275 1870 1293; x_wconf 87' lang='grc'>;</span> <span class='ocrx_word' id='word_1_908' title='bbox 1881 1263 1901 1294; x_wconf 82' lang='lat' dir='ltr'>si</span> <span class='ocrx_word' id='word_1_909' title='bbox 1911 1263 2032 1305; x_wconf 88' lang='lat' dir='ltr'>quaerim</span> <span class='ocrx_word' id='word_1_910' title='bbox 2039 1275 2073 1295; x_wconf 89' lang='lat' dir='ltr'>us</span> <span class='ocrx_word' id='word_1_911' title='bbox 2082 1285 2090 1299; x_wconf 88' lang='lat'>‚</span> <span class='ocrx_word' id='word_1_912' title='bbox 2102 1267 2191 1295; x_wconf 77' lang='lat' dir='ltr'>etiam</span> 
     </span>
     <span class='ocr_line' id='line_1_107' title="bbox 1237 1306 2194 1340; baseline -0.001 -3"><span class='ocrx_word' id='word_1_913' title='bbox 1237 1310 1333 1337; x_wconf 72' lang='lat' dir='ltr'>avari.</span> <span class='ocrx_word' id='word_1_914' title='bbox 1357 1309 1405 1338; x_wconf 86' lang='lat' dir='ltr'>sed</span> <span class='ocrx_word' id='word_1_915' title='bbox 1420 1309 1499 1340; x_wconf 79' lang='lat' dir='ltr'>haec,</span> <span class='ocrx_word' id='word_1_916' title='bbox 1525 1317 1647 1336; x_wconf 70' lang='lat' dir='ltr'>monum</span> <span class='ocrx_word' id='word_1_917' title='bbox 1659 1309 1731 1336; x_wconf 85' lang='lat' dir='ltr'>vitia</span> <span class='ocrx_word' id='word_1_918' title='bbox 1742 1307 1827 1339; x_wconf 86' lang='lat' dir='ltr'>sunt,</span> <span class='ocrx_word' id='word_1_919' title='bbox 1850 1316 1911 1336; x_wconf 86' lang='lat' dir='ltr'>nori</span> <span class='ocrx_word' id='word_1_920' title='bbox 1924 1326 1933 1339; x_wconf 93' lang='lat'><em>‚</em></span> <span class='ocrx_word' id='word_1_921' title='bbox 1953 1306 2126 1337; x_wconf 68' lang='lat' dir='ltr'>seneE&#39;mtis.</span> <span class='ocrx_word' id='word_1_922' title='bbox 2149 1310 2194 1337; x_wconf 88' lang='lat' dir='ltr'>Ac</span> 
     </span>
     <span class='ocr_line' id='line_1_108' title="bbox 1240 1347 2193 1389; baseline -0.002 -9"><span class='ocrx_word' id='word_1_923' title='bbox 1240 1349 1392 1380; x_wconf 82' lang='lat' dir='ltr'>morositas</span> <span class='ocrx_word' id='word_1_924' title='bbox 1411 1359 1532 1383; x_wconf 83' lang='lat' dir='ltr'>tamen,</span> <span class='ocrx_word' id='word_1_925' title='bbox 1552 1350 1583 1378; x_wconf 75' lang='grc' dir='ltr'>δε</span> <span class='ocrx_word' id='word_1_926' title='bbox 1602 1358 1633 1378; x_wconf 82' lang='lat' dir='ltr'>ea</span> <span class='ocrx_word' id='word_1_927' title='bbox 1652 1350 1743 1382; x_wconf 88' lang='lat' dir='ltr'>vitia,</span> <span class='ocrx_word' id='word_1_928' title='bbox 1764 1357 1830 1388; x_wconf 83' lang='lat' dir='ltr'>quae</span> <span class='ocrx_word' id='word_1_929' title='bbox 1851 1348 1935 1381; x_wconf 88' lang='lat' dir='ltr'>dixi,</span> <span class='ocrx_word' id='word_1_930' title='bbox 1958 1348 2066 1379; x_wconf 85' lang='lat' dir='ltr'>habent</span> <span class='ocrx_word' id='word_1_931' title='bbox 2079 1347 2193 1389; x_wconf 84' lang='lat' dir='ltr'>aliquid</span> 
     </span>
    </p>
   </div>
   <div class='ocr_carea' id='block_1_20' title="bbox 1240 1389 2227 1430">
    <p class='ocr_par' dir='ltr' id='par_1_25' title="bbox 1240 1389 2227 1430">
     <span class='ocr_line' id='line_1_109' title="bbox 1240 1389 2227 1430; baseline -0.002 -8"><span class='ocrx_word' id='word_1_932' title='bbox 1240 1392 1457 1424; x_wconf 81' lang='lat' dir='ltr'>excusationis,</span> <span class='ocrx_word' id='word_1_933' title='bbox 1479 1400 1543 1420; x_wconf 91' lang='lat' dir='ltr'>non</span> <span class='ocrx_word' id='word_1_934' title='bbox 1562 1391 1643 1420; x_wconf 84' lang='lat' dir='ltr'>illius</span> <span class='ocrx_word' id='word_1_935' title='bbox 1660 1390 1782 1430; x_wconf 88' lang='lat' dir='ltr'>quidem</span> <span class='ocrx_word' id='word_1_936' title='bbox 1806 1389 1888 1427; x_wconf 68' lang='lat' dir='ltr'>iustae</span> <span class='ocrx_word' id='word_1_937' title='bbox 1902 1409 1910 1424; x_wconf 81' lang='lat'>‚</span> <span class='ocrx_word' id='word_1_938' title='bbox 1931 1389 1980 1419; x_wconf 87' lang='lat' dir='ltr'>sed</span> <span class='ocrx_word' id='word_1_939' title='bbox 1998 1400 2064 1430; x_wconf 85' lang='lat' dir='ltr'>quae</span> <span class='ocrx_word' id='word_1_940' title='bbox 2073 1391 2192 1430; x_wconf 87' lang='lat' dir='ltr'>probari</span> <span class='ocrx_word' id='word_1_941' title='bbox 2225 1418 2227 1420; x_wconf 79' lang='grc'>,</span> 
     </span>
    </p>
   </div>
   <div class='ocr_carea' id='block_1_21' title="bbox 1235 1431 2199 2342">
    <p class='ocr_par' dir='ltr' id='par_1_26' title="bbox 1235 1431 2196 2305">
     <span class='ocr_line' id='line_1_110' title="bbox 1238 1431 2190 1474; baseline -0.004 -10"><span class='ocrx_word' id='word_1_942' title='bbox 1238 1432 1320 1474; x_wconf 82' lang='lat' dir='ltr'>poffe</span> <span class='ocrx_word' id='word_1_943' title='bbox 1331 1434 1475 1464; x_wconf 81' lang='lat' dir='ltr'>videatur.</span> <span class='ocrx_word' id='word_1_944' title='bbox 1498 1441 1655 1462; x_wconf 86' lang='lat' dir='ltr'>contemni</span> <span class='ocrx_word' id='word_1_945' title='bbox 1666 1433 1693 1461; x_wconf 84' lang='lat' dir='ltr'>se</span> <span class='ocrx_word' id='word_1_946' title='bbox 1703 1440 1826 1471; x_wconf 83' lang='lat' dir='ltr'>putarit,</span> <span class='ocrx_word' id='word_1_947' title='bbox 1845 1431 1972 1471; x_wconf 88' lang='lat' dir='ltr'>despici,</span> <span class='ocrx_word' id='word_1_948' title='bbox 1993 1431 2092 1462; x_wconf 87' lang='lat' dir='ltr'>illudi.</span> <span class='ocrx_word' id='word_1_949' title='bbox 2115 1441 2190 1472; x_wconf 86' lang='lat' dir='ltr'>prae-</span> 
     </span>
     <span class='ocr_line' id='line_1_111' title="bbox 1239 1470 2191 1513; baseline -0.002 -8"><span class='ocrx_word' id='word_1_950' title='bbox 1239 1485 1315 1506; x_wconf 86' lang='lat' dir='ltr'>terea</span> <span class='ocrx_word' id='word_1_951' title='bbox 1329 1485 1366 1505; x_wconf 80' lang='lat' dir='ltr'>tN</span> <span class='ocrx_word' id='word_1_952' title='bbox 1377 1484 1528 1504; x_wconf 72' lang='lat' dir='ltr'>FRAGILI</span> <span class='ocrx_word' id='word_1_953' title='bbox 1550 1482 1672 1513; x_wconf 89' lang='lat' dir='ltr'>corpore</span> <span class='ocrx_word' id='word_1_954' title='bbox 1691 1473 1793 1503; x_wconf 87' lang='lat' dir='ltr'>odiosa</span> <span class='ocrx_word' id='word_1_955' title='bbox 1804 1474 1906 1502; x_wconf 90' lang='lat' dir='ltr'>omnis</span> <span class='ocrx_word' id='word_1_956' title='bbox 1914 1470 2040 1503; x_wconf 83' lang='lat' dir='ltr'>offenfio</span> <span class='ocrx_word' id='word_1_957' title='bbox 2050 1472 2101 1504; x_wconf 87' lang='lat' dir='ltr'>est.</span> <span class='ocrx_word' id='word_1_958' title='bbox 2124 1483 2191 1513; x_wconf 78' lang='lat' dir='ltr'>qua:</span> 
     </span>
     <span class='ocr_line' id='line_1_112' title="bbox 1240 1514 2190 1548; baseline -0.003 -1"><span class='ocrx_word' id='word_1_959' title='bbox 1240 1526 1341 1547; x_wconf 90' lang='lat' dir='ltr'>tamen</span> <span class='ocrx_word' id='word_1_960' title='bbox 1351 1517 1455 1546; x_wconf 81' lang='lat' dir='ltr'>omnia</span> <span class='ocrx_word' id='word_1_961' title='bbox 1472 1515 1604 1545; x_wconf 88' lang='lat' dir='ltr'>dulciora</span> <span class='ocrx_word' id='word_1_962' title='bbox 1623 1515 1689 1544; x_wconf 90' lang='lat' dir='ltr'>sunt</span> <span class='ocrx_word' id='word_1_963' title='bbox 1707 1515 1739 1544; x_wconf 92' lang='lat'>&amp;</span> <span class='ocrx_word' id='word_1_964' title='bbox 1750 1514 1885 1544; x_wconf 90' lang='lat' dir='ltr'>moribus</span> <span class='ocrx_word' id='word_1_965' title='bbox 1897 1514 1985 1544; x_wconf 87' lang='lat' dir='ltr'>bonis</span> <span class='ocrx_word' id='word_1_966' title='bbox 1996 1535 2004 1548; x_wconf 96' lang='lat'>,</span> <span class='ocrx_word' id='word_1_967' title='bbox 2026 1515 2058 1544; x_wconf 91' lang='lat'>&amp;</span> <span class='ocrx_word' id='word_1_968' title='bbox 2067 1515 2190 1544; x_wconf 83' lang='lat' dir='ltr'>artibus:</span> 
     </span>
     <span class='ocr_line' id='line_1_113' title="bbox 1238 1554 2193 1599; baseline -0.004 -11"><span class='ocrx_word' id='word_1_969' title='bbox 1238 1559 1328 1599; x_wconf 86' lang='lat' dir='ltr'>idque</span> <span class='ocrx_word' id='word_1_970' title='bbox 1339 1566 1403 1587; x_wconf 86' lang='lat' dir='ltr'>tum</span> <span class='ocrx_word' id='word_1_971' title='bbox 1415 1559 1446 1585; x_wconf 92' lang='lat' dir='ltr'>iri</span> <span class='ocrx_word' id='word_1_972' title='bbox 1456 1558 1514 1586; x_wconf 89' lang='lat' dir='ltr'>vita</span> <span class='ocrx_word' id='word_1_973' title='bbox 1525 1575 1534 1589; x_wconf 80' lang='lat'>,</span> <span class='ocrx_word' id='word_1_974' title='bbox 1545 1565 1611 1586; x_wconf 87' lang='lat' dir='ltr'>turn</span> <span class='ocrx_word' id='word_1_975' title='bbox 1621 1557 1653 1585; x_wconf 89' lang='lat' dir='ltr'>in</span> <span class='ocrx_word' id='word_1_976' title='bbox 1665 1555 1749 1586; x_wconf 89' lang='lat' dir='ltr'>scena</span> <span class='ocrx_word' id='word_1_977' title='bbox 1759 1555 1887 1596; x_wconf 86' lang='lat' dir='ltr'>intelligi</span> <span class='ocrx_word' id='word_1_978' title='bbox 1897 1554 1993 1595; x_wconf 85' lang='lat' dir='ltr'>potest</span> <span class='ocrx_word' id='word_1_979' title='bbox 2001 1566 2039 1586; x_wconf 88' lang='lat' dir='ltr'>ex</span> <span class='ocrx_word' id='word_1_980' title='bbox 2049 1558 2085 1585; x_wconf 90' lang='lat' dir='ltr'>iis</span> <span class='ocrx_word' id='word_1_981' title='bbox 2094 1555 2193 1586; x_wconf 81' lang='lat' dir='ltr'>fratri-</span> 
     </span>
     <span class='ocr_line' id='line_1_114' title="bbox 1239 1597 2190 1641; baseline -0.003 -12"><span class='ocrx_word' id='word_1_982' title='bbox 1239 1600 1314 1633; x_wconf 92' lang='lat' dir='ltr'>bus,</span> <span class='ocrx_word' id='word_1_983' title='bbox 1335 1600 1385 1641; x_wconf 91' lang='lat' dir='ltr'>qui</span> <span class='ocrx_word' id='word_1_984' title='bbox 1408 1599 1441 1628; x_wconf 91' lang='lat' dir='ltr'>in</span> <span class='ocrx_word' id='word_1_985' title='bbox 1462 1598 1606 1638; x_wconf 85' lang='lat' dir='ltr'>Adelphis</span> <span class='ocrx_word' id='word_1_986' title='bbox 1625 1597 1698 1627; x_wconf 75' lang='lat' dir='ltr'>sunt.</span> <span class='ocrx_word' id='word_1_987' title='bbox 1720 1606 1830 1637; x_wconf 85' lang='lat' dir='ltr'>quanta</span> <span class='ocrx_word' id='word_1_988' title='bbox 1846 1597 1881 1627; x_wconf 82' lang='lat' dir='ltr'>in</span> <span class='ocrx_word' id='word_1_989' title='bbox 1898 1597 1989 1627; x_wconf 86' lang='lat' dir='ltr'>altero</span> <span class='ocrx_word' id='word_1_990' title='bbox 2006 1597 2116 1628; x_wconf 86' lang='lat' dir='ltr'>duritas</span> <span class='ocrx_word' id='word_1_991' title='bbox 2129 1617 2136 1631; x_wconf 76' lang='lat'>‚</span> <span class='ocrx_word' id='word_1_992' title='bbox 2156 1599 2190 1627; x_wconf 85' lang='lat' dir='ltr'>in</span> 
     </span>
     <span class='ocr_line' id='line_1_115' title="bbox 1238 1638 2193 1671; baseline -0.003 0"><span class='ocrx_word' id='word_1_993' title='bbox 1238 1642 1329 1671; x_wconf 87' lang='lat' dir='ltr'>altero</span> <span class='ocrx_word' id='word_1_994' title='bbox 1345 1641 1492 1671; x_wconf 87' lang='lat' dir='ltr'>comitas!</span> <span class='ocrx_word' id='word_1_995' title='bbox 1511 1642 1558 1670; x_wconf 88' lang='lat' dir='ltr'>Sic</span> <span class='ocrx_word' id='word_1_996' title='bbox 1568 1639 1596 1668; x_wconf 90' lang='lat' dir='ltr'>se</span> <span class='ocrx_word' id='word_1_997' title='bbox 1619 1648 1665 1668; x_wconf 88' lang='lat' dir='ltr'>res</span> <span class='ocrx_word' id='word_1_998' title='bbox 1685 1638 1782 1669; x_wconf 77' lang='lat' dir='ltr'>habet.</span> <span class='ocrx_word' id='word_1_999' title='bbox 1806 1648 1846 1669; x_wconf 72' lang='lat' dir='ltr'>ur</span> <span class='ocrx_word' id='word_1_1000' title='bbox 1866 1647 1959 1668; x_wconf 75' lang='grc' dir='ltr'>εΝιΜ</span> <span class='ocrx_word' id='word_1_1001' title='bbox 1971 1648 2034 1669; x_wconf 91' lang='lat' dir='ltr'>non</span> <span class='ocrx_word' id='word_1_1002' title='bbox 2044 1648 2137 1668; x_wconf 89' lang='lat' dir='ltr'>omne</span> <span class='ocrx_word' id='word_1_1003' title='bbox 2145 1641 2193 1668; x_wconf 84' lang='lat' dir='ltr'>vi-</span> 
     </span>
     <span class='ocr_line' id='line_1_116' title="bbox 1239 1678 2189 1716; baseline -0.002 -4"><span class='ocrx_word' id='word_1_1004' title='bbox 1239 1693 1314 1712; x_wconf 91' lang='lat' dir='ltr'>num</span> <span class='ocrx_word' id='word_1_1005' title='bbox 1326 1702 1335 1716; x_wconf 86' lang='lat'>,</span> <span class='ocrx_word' id='word_1_1006' title='bbox 1356 1680 1394 1711; x_wconf 88' lang='lat' dir='ltr'>fic</span> <span class='ocrx_word' id='word_1_1007' title='bbox 1411 1690 1475 1711; x_wconf 91' lang='lat' dir='ltr'>non</span> <span class='ocrx_word' id='word_1_1008' title='bbox 1485 1681 1589 1710; x_wconf 88' lang='lat' dir='ltr'>omnis</span> <span class='ocrx_word' id='word_1_1009' title='bbox 1598 1687 1665 1710; x_wconf 81' lang='lat' dir='ltr'>aetas</span> <span class='ocrx_word' id='word_1_1010' title='bbox 1676 1678 1817 1709; x_wconf 88' lang='lat' dir='ltr'>vetustate</span> <span class='ocrx_word' id='word_1_1011' title='bbox 1828 1680 1978 1709; x_wconf 82' lang='lat' dir='ltr'>coacescit.</span> <span class='ocrx_word' id='word_1_1012' title='bbox 2003 1680 2189 1710; x_wconf 85' lang='lat' dir='ltr'>severitatem</span> 
     </span>
     <span class='ocr_line' id='line_1_117' title="bbox 1239 1719 2192 1762; baseline -0.003 -9"><span class='ocrx_word' id='word_1_1013' title='bbox 1239 1726 1273 1753; x_wconf 90' lang='lat' dir='ltr'>in</span> <span class='ocrx_word' id='word_1_1014' title='bbox 1285 1722 1434 1753; x_wconf 73' lang='lat' dir='ltr'>seneEtute</span> <span class='ocrx_word' id='word_1_1015' title='bbox 1442 1722 1540 1762; x_wconf 90' lang='lat' dir='ltr'>probo</span> <span class='ocrx_word' id='word_1_1016' title='bbox 1551 1740 1559 1755; x_wconf 92' lang='lat'>‚</span> <span class='ocrx_word' id='word_1_1017' title='bbox 1579 1721 1628 1751; x_wconf 87' lang='lat' dir='ltr'>sed</span> <span class='ocrx_word' id='word_1_1018' title='bbox 1646 1730 1712 1751; x_wconf 88' lang='lat' dir='ltr'>eam</span> <span class='ocrx_word' id='word_1_1019' title='bbox 1730 1719 1814 1759; x_wconf 81' lang='lat' dir='ltr'>(ficut</span> <span class='ocrx_word' id='word_1_1020' title='bbox 1822 1720 1888 1760; x_wconf 88' lang='lat' dir='ltr'>alia)</span> <span class='ocrx_word' id='word_1_1021' title='bbox 1899 1720 2051 1751; x_wconf 89' lang='lat' dir='ltr'>modicam</span> <span class='ocrx_word' id='word_1_1022' title='bbox 2061 1731 2067 1749; x_wconf 83' lang='lat' dir='ltr'>z</span> <span class='ocrx_word' id='word_1_1023' title='bbox 2079 1720 2192 1751; x_wconf 84' lang='lat' dir='ltr'>acerbi·</span> 
     </span>
     <span class='ocr_line' id='line_1_118' title="bbox 1238 1761 2192 1803; baseline -0.003 -8"><span class='ocrx_word' id='word_1_1024' title='bbox 1238 1773 1327 1796; x_wconf 89' lang='lat' dir='ltr'>tatem</span> <span class='ocrx_word' id='word_1_1025' title='bbox 1341 1764 1427 1794; x_wconf 89' lang='lat' dir='ltr'>nullo</span> <span class='ocrx_word' id='word_1_1026' title='bbox 1438 1762 1543 1793; x_wconf 89' lang='lat' dir='ltr'>modo.</span> <span class='ocrx_word' id='word_1_1027' title='bbox 1561 1763 1682 1793; x_wconf 87' lang='lat' dir='ltr'>avaritia</span> <span class='ocrx_word' id='word_1_1028' title='bbox 1690 1761 1764 1792; x_wconf 71' lang='lat' dir='ltr'>verb</span> <span class='ocrx_word' id='word_1_1029' title='bbox 1776 1761 1876 1792; x_wconf 88' lang='lat' dir='ltr'>senilis</span> <span class='ocrx_word' id='word_1_1030' title='bbox 1886 1761 1959 1803; x_wconf 90' lang='lat' dir='ltr'>quid</span> <span class='ocrx_word' id='word_1_1031' title='bbox 1970 1761 2023 1793; x_wconf 90' lang='lat' dir='ltr'>sibi</span> <span class='ocrx_word' id='word_1_1032' title='bbox 2032 1762 2115 1796; x_wconf 91' lang='lat' dir='ltr'>velit,</span> <span class='ocrx_word' id='word_1_1033' title='bbox 2127 1771 2192 1792; x_wconf 89' lang='lat' dir='ltr'>non</span> 
     </span>
     <span class='ocr_line' id='line_1_119' title="bbox 1236 1801 2191 1846; baseline -0.003 -9"><span class='ocrx_word' id='word_1_1034' title='bbox 1236 1807 1383 1846; x_wconf 86' lang='lat' dir='ltr'>intelligo.</span> <span class='ocrx_word' id='word_1_1035' title='bbox 1408 1814 1527 1835; x_wconf 66' lang='lat' dir='ltr'>poa-esa·</span> <span class='ocrx_word' id='word_1_1036' title='bbox 1546 1805 1630 1834; x_wconf 89' lang='lat' dir='ltr'>enim</span> <span class='ocrx_word' id='word_1_1037' title='bbox 1649 1803 1813 1845; x_wconf 84' lang='lat' dir='ltr'>quidquam</span> <span class='ocrx_word' id='word_1_1038' title='bbox 1827 1801 1885 1834; x_wconf 84' lang='lat' dir='ltr'>effe</span> <span class='ocrx_word' id='word_1_1039' title='bbox 1894 1803 2065 1838; x_wconf 83' lang='lat' dir='ltr'>absurdius,</span> <span class='ocrx_word' id='word_1_1040' title='bbox 2086 1803 2191 1846; x_wconf 76' lang='lat' dir='ltr'>quam,</span> 
     </span>
     <span class='ocr_line' id='line_1_120' title="bbox 1236 1844 2192 1889; baseline -0.003 -11"><span class='ocrx_word' id='word_1_1041' title='bbox 1236 1858 1298 1889; x_wconf 92' lang='lat' dir='ltr'>quo</span> <span class='ocrx_word' id='word_1_1042' title='bbox 1311 1846 1416 1877; x_wconf 78' lang='lat' dir='ltr'>minus</span> <span class='ocrx_word' id='word_1_1043' title='bbox 1429 1847 1485 1876; x_wconf 87' lang='lat' dir='ltr'>viae</span> <span class='ocrx_word' id='word_1_1044' title='bbox 1494 1844 1579 1876; x_wconf 87' lang='lat' dir='ltr'>restat</span> <span class='ocrx_word' id='word_1_1045' title='bbox 1589 1864 1598 1880; x_wconf 88' lang='lat'>,</span> <span class='ocrx_word' id='word_1_1046' title='bbox 1620 1855 1657 1875; x_wconf 88' lang='lat' dir='ltr'>eo</span> <span class='ocrx_word' id='word_1_1047' title='bbox 1666 1845 1733 1885; x_wconf 87' lang='lat' dir='ltr'>plus</span> <span class='ocrx_word' id='word_1_1048' title='bbox 1743 1846 1844 1877; x_wconf 87' lang='lat' dir='ltr'>viatici</span> <span class='ocrx_word' id='word_1_1049' title='bbox 1853 1849 2004 1886; x_wconf 79' lang='lat' dir='ltr'>quaerere?</span> <span class='ocrx_word' id='word_1_1050' title='bbox 2022 1848 2131 1887; x_wconf 84' lang='lat' dir='ltr'>Qarta</span> <span class='ocrx_word' id='word_1_1051' title='bbox 2143 1855 2192 1876; x_wconf 88' lang='lat' dir='ltr'>re·</span> 
     </span>
     <span class='ocr_line' id='line_1_121' title="bbox 1237 1886 2193 1930; baseline -0.004 -9"><span class='ocrx_word' id='word_1_1052' title='bbox 1237 1891 1289 1921; x_wconf 85' lang='lat' dir='ltr'>stat</span> <span class='ocrx_word' id='word_1_1053' title='bbox 1299 1890 1399 1923; x_wconf 73' lang='lat' dir='ltr'>causa,</span> <span class='ocrx_word' id='word_1_1054' title='bbox 1419 1898 1485 1930; x_wconf 85' lang='lat' dir='ltr'>quae</span> <span class='ocrx_word' id='word_1_1055' title='bbox 1504 1887 1639 1918; x_wconf 75' lang='lat' dir='ltr'>maxime</span> <span class='ocrx_word' id='word_1_1056' title='bbox 1659 1897 1764 1928; x_wconf 86' lang='lat' dir='ltr'>angere</span> <span class='ocrx_word' id='word_1_1057' title='bbox 1778 1907 1786 1921; x_wconf 88' lang='lat'>‚</span> <span class='ocrx_word' id='word_1_1058' title='bbox 1803 1895 1889 1927; x_wconf 88' lang='lat' dir='ltr'>atque</span> <span class='ocrx_word' id='word_1_1059' title='bbox 1908 1886 2066 1918; x_wconf 86' lang='lat' dir='ltr'>sollicitam</span> <span class='ocrx_word' id='word_1_1060' title='bbox 2087 1887 2193 1918; x_wconf 87' lang='lat' dir='ltr'>habere</span> 
     </span>
     <span class='ocr_line' id='line_1_122' title="bbox 1236 1928 2193 1974; baseline -0.003 -12"><span class='ocrx_word' id='word_1_1061' title='bbox 1236 1931 1372 1962; x_wconf 88' lang='lat' dir='ltr'>nostram</span> <span class='ocrx_word' id='word_1_1062' title='bbox 1382 1939 1500 1961; x_wconf 85' lang='lat' dir='ltr'>aetatem</span> <span class='ocrx_word' id='word_1_1063' title='bbox 1510 1929 1629 1960; x_wconf 82' lang='lat' dir='ltr'>videtur</span> <span class='ocrx_word' id='word_1_1064' title='bbox 1639 1948 1647 1962; x_wconf 91' lang='lat'>,</span> <span class='ocrx_word' id='word_1_1065' title='bbox 1671 1928 1923 1974; x_wconf 55' lang='lat' dir='ltr'>,Appropinquatio</span> <span class='ocrx_word' id='word_1_1066' title='bbox 1932 1930 2025 1959; x_wconf 70' lang='lat' dir='ltr'>mortis</span> <span class='ocrx_word' id='word_1_1067' title='bbox 2036 1939 2041 1958; x_wconf 92' lang='lat'>:</span> <span class='ocrx_word' id='word_1_1068' title='bbox 2052 1939 2117 1970; x_wconf 84' lang='lat' dir='ltr'>quae</span> <span class='ocrx_word' id='word_1_1069' title='bbox 2129 1938 2193 1959; x_wconf 87' lang='lat' dir='ltr'>cei·-</span> 
     </span>
     <span class='ocr_line' id='line_1_123' title="bbox 1237 1969 2191 2012; baseline -0.004 -8"><span class='ocrx_word' id='word_1_1070' title='bbox 1237 1974 1267 2004; x_wconf 78' lang='lat' dir='ltr'>te</span> <span class='ocrx_word' id='word_1_1071' title='bbox 1282 1973 1298 2003; x_wconf 74' lang='lat' dir='ltr'>a</span> <span class='ocrx_word' id='word_1_1072' title='bbox 1308 1972 1459 2004; x_wconf 68' lang='lat' dir='ltr'>senectute</span> <span class='ocrx_word' id='word_1_1073' title='bbox 1469 1981 1531 2002; x_wconf 89' lang='lat' dir='ltr'>non</span> <span class='ocrx_word' id='word_1_1074' title='bbox 1541 1970 1639 2012; x_wconf 87' lang='lat' dir='ltr'>potest</span> <span class='ocrx_word' id='word_1_1075' title='bbox 1652 1971 1740 2011; x_wconf 90' lang='lat' dir='ltr'>longe</span> <span class='ocrx_word' id='word_1_1076' title='bbox 1751 1969 1857 2001; x_wconf 87' lang='lat' dir='ltr'>abesse.</span> <span class='ocrx_word' id='word_1_1077' title='bbox 1875 1972 1900 1999; x_wconf 90' lang='lat' dir='ltr'>O</span> <span class='ocrx_word' id='word_1_1078' title='bbox 1912 1980 2066 2001; x_wconf 68' lang='lat' dir='ltr'>Misenum</span> <span class='ocrx_word' id='word_1_1079' title='bbox 2077 1971 2191 2004; x_wconf 82' lang='lat' dir='ltr'>senem,</span> 
     </span>
     <span class='ocr_line' id='line_1_124' title="bbox 1235 2011 2194 2056; baseline -0.004 -10"><span class='ocrx_word' id='word_1_1080' title='bbox 1235 2017 1287 2056; x_wconf 88' lang='lat' dir='ltr'>qui</span> <span class='ocrx_word' id='word_1_1081' title='bbox 1300 2023 1428 2045; x_wconf 85' lang='lat' dir='ltr'>mortem</span> <span class='ocrx_word' id='word_1_1082' title='bbox 1447 2012 1703 2044; x_wconf 83' lang='lat' dir='ltr'>contemnendam</span> <span class='ocrx_word' id='word_1_1083' title='bbox 1721 2011 1779 2043; x_wconf 84' lang='lat' dir='ltr'>effe</span> <span class='ocrx_word' id='word_1_1084' title='bbox 1798 2014 1830 2042; x_wconf 92' lang='lat' dir='ltr'>in</span> <span class='ocrx_word' id='word_1_1085' title='bbox 1849 2020 1909 2042; x_wconf 87' lang='lat' dir='ltr'>tam</span> <span class='ocrx_word' id='word_1_1086' title='bbox 1929 2012 2015 2052; x_wconf 84' lang='lat' dir='ltr'>longa</span> <span class='ocrx_word' id='word_1_1087' title='bbox 2035 2021 2116 2043; x_wconf 83' lang='lat' dir='ltr'>aetate</span> <span class='ocrx_word' id='word_1_1088' title='bbox 2129 2021 2194 2042; x_wconf 84' lang='lat' dir='ltr'>non</span> 
     </span>
     <span class='ocr_line' id='line_1_125' title="bbox 1238 2051 2196 2096; baseline -0.004 -9"><span class='ocrx_word' id='word_1_1089' title='bbox 1238 2057 1347 2087; x_wconf 87' lang='lat' dir='ltr'>viderit</span> <span class='ocrx_word' id='word_1_1090' title='bbox 1359 2059 1364 2085; x_wconf 87' lang='lat'>¹.</span> <span class='ocrx_word' id='word_1_1091' title='bbox 1384 2065 1450 2096; x_wconf 87' lang='lat' dir='ltr'>quae</span> <span class='ocrx_word' id='word_1_1092' title='bbox 1468 2063 1519 2085; x_wconf 86' lang='lat' dir='ltr'>aut</span> <span class='ocrx_word' id='word_1_1093' title='bbox 1536 2054 1626 2095; x_wconf 73' lang='lat' dir='ltr'>plane</span> <span class='ocrx_word' id='word_1_1094' title='bbox 1638 2053 1814 2095; x_wconf 82' lang='lat' dir='ltr'>negligenda</span> <span class='ocrx_word' id='word_1_1095' title='bbox 1826 2052 1868 2084; x_wconf 89' lang='lat' dir='ltr'>est</span> <span class='ocrx_word' id='word_1_1096' title='bbox 1879 2074 1888 2088; x_wconf 89' lang='lat'>,</span> <span class='ocrx_word' id='word_1_1097' title='bbox 1908 2051 1928 2082; x_wconf 86' lang='lat' dir='ltr'><strong>fi</strong></span> <span class='ocrx_word' id='word_1_1098' title='bbox 1938 2055 2071 2084; x_wconf 88' lang='lat' dir='ltr'>omnino</span> <span class='ocrx_word' id='word_1_1099' title='bbox 2082 2053 2196 2084; x_wconf 82' lang='lat' dir='ltr'>exstin-</span> 
     </span>
     <span class='ocr_line' id='line_1_126' title="bbox 1237 2093 2195 2140; baseline -0.003 -12"><span class='ocrx_word' id='word_1_1100' title='bbox 1237 2101 1300 2140; x_wconf 89' lang='lat' dir='ltr'>guit</span> <span class='ocrx_word' id='word_1_1101' title='bbox 1308 2099 1446 2128; x_wconf 88' lang='lat' dir='ltr'>animum</span> <span class='ocrx_word' id='word_1_1102' title='bbox 1460 2108 1469 2132; x_wconf 80' lang='lat'>3</span> <span class='ocrx_word' id='word_1_1103' title='bbox 1488 2105 1538 2127; x_wconf 85' lang='lat' dir='ltr'>aut</span> <span class='ocrx_word' id='word_1_1104' title='bbox 1559 2097 1649 2126; x_wconf 86' lang='lat' dir='ltr'>etiam</span> <span class='ocrx_word' id='word_1_1105' title='bbox 1670 2094 1795 2136; x_wconf 88' lang='lat' dir='ltr'>optanda</span> <span class='ocrx_word' id='word_1_1106' title='bbox 1808 2115 1816 2128; x_wconf 84' lang='lat'>,</span> <span class='ocrx_word' id='word_1_1107' title='bbox 1832 2093 1854 2124; x_wconf 91' lang='lat' dir='ltr'>fi</span> <span class='ocrx_word' id='word_1_1108' title='bbox 1872 2094 1972 2136; x_wconf 78' lang='lat' dir='ltr'>aliquo</span> <span class='ocrx_word' id='word_1_1109' title='bbox 1983 2105 2052 2125; x_wconf 84' lang='lat' dir='ltr'>eum</span> <span class='ocrx_word' id='word_1_1110' title='bbox 2064 2095 2195 2129; x_wconf 83' lang='lat' dir='ltr'>deducit,</span> 
     </span>
     <span class='ocr_line' id='line_1_127' title="bbox 1241 2137 2196 2178; baseline -0.004 -8"><span class='ocrx_word' id='word_1_1111' title='bbox 1241 2140 1291 2170; x_wconf 91' lang='lat' dir='ltr'>ubi</span> <span class='ocrx_word' id='word_1_1112' title='bbox 1304 2139 1336 2170; x_wconf 88' lang='lat' dir='ltr'>fit</span> <span class='ocrx_word' id='word_1_1113' title='bbox 1348 2139 1466 2170; x_wconf 88' lang='lat' dir='ltr'>futurus</span> <span class='ocrx_word' id='word_1_1114' title='bbox 1488 2146 1624 2168; x_wconf 86' lang='lat' dir='ltr'>aeternus.</span> <span class='ocrx_word' id='word_1_1115' title='bbox 1648 2139 1740 2178; x_wconf 87' lang='lat' dir='ltr'>Atqui</span> <span class='ocrx_word' id='word_1_1116' title='bbox 1751 2138 1872 2167; x_wconf 83' lang='lat' dir='ltr'>tertium</span> <span class='ocrx_word' id='word_1_1117' title='bbox 1883 2137 1960 2167; x_wconf 72' lang='lat' dir='ltr'>certe</span> <span class='ocrx_word' id='word_1_1118' title='bbox 1975 2137 2196 2167; x_wconf 84' lang='lat' dir='ltr'>nihilinveniri</span> 
     </span>
     <span class='ocr_line' id='line_1_128' title="bbox 1237 2177 2196 2222; baseline -0.004 -10"><span class='ocrx_word' id='word_1_1119' title='bbox 1237 2181 1345 2222; x_wconf 89' lang='lat' dir='ltr'>potest.</span> <span class='ocrx_word' id='word_1_1120' title='bbox 1362 2180 1445 2220; x_wconf 90' lang='lat' dir='ltr'>Quid</span> <span class='ocrx_word' id='word_1_1121' title='bbox 1458 2181 1549 2221; x_wconf 86' lang='lat' dir='ltr'>igitur</span> <span class='ocrx_word' id='word_1_1122' title='bbox 1558 2181 1695 2213; x_wconf 89' lang='lat' dir='ltr'>timeam,</span> <span class='ocrx_word' id='word_1_1123' title='bbox 1706 2177 1726 2208; x_wconf 86' lang='lat' dir='ltr'>si</span> <span class='ocrx_word' id='word_1_1124' title='bbox 1740 2188 1787 2208; x_wconf 87' lang='lat' dir='ltr'>aut</span> <span class='ocrx_word' id='word_1_1125' title='bbox 1798 2188 1862 2208; x_wconf 89' lang='lat' dir='ltr'>non</span> <span class='ocrx_word' id='word_1_1126' title='bbox 1873 2178 1963 2209; x_wconf 88' lang='lat' dir='ltr'>miser</span> <span class='ocrx_word' id='word_1_1127' title='bbox 1973 2177 2039 2218; x_wconf 85' lang='lat' dir='ltr'>post</span> <span class='ocrx_word' id='word_1_1128' title='bbox 2050 2187 2196 2212; x_wconf 75' lang='lat' dir='ltr'>mortem.</span> 
     </span>
     <span class='ocr_line' id='line_1_129' title="bbox 1236 2219 2194 2261; baseline -0.004 -8"><span class='ocrx_word' id='word_1_1129' title='bbox 1236 2232 1286 2253; x_wconf 84' lang='lat' dir='ltr'>aut</span> <span class='ocrx_word' id='word_1_1130' title='bbox 1307 2223 1408 2253; x_wconf 87' lang='lat' dir='ltr'>beatus</span> <span class='ocrx_word' id='word_1_1131' title='bbox 1426 2224 1517 2252; x_wconf 86' lang='lat' dir='ltr'>etiam</span> <span class='ocrx_word' id='word_1_1132' title='bbox 1539 2220 1658 2251; x_wconf 83' lang='lat' dir='ltr'>futurus</span> <span class='ocrx_word' id='word_1_1133' title='bbox 1677 2221 1765 2251; x_wconf 84' lang='lat' dir='ltr'>sum?</span> <span class='ocrx_word' id='word_1_1134' title='bbox 1786 2230 1967 2261; x_wconf 88' lang='lat' dir='ltr'>quamquam</span> <span class='ocrx_word' id='word_1_1135' title='bbox 1985 2229 2063 2259; x_wconf 75' lang='lat' dir='ltr'>Q1s</span> <span class='ocrx_word' id='word_1_1136' title='bbox 2080 2219 2194 2250; x_wconf 80' lang='lat' dir='ltr'>esttam</span> 
     </span>
     <span class='ocr_line' id='line_1_130' title="bbox 1238 2261 2195 2305; baseline -0.005 -9"><span class='ocrx_word' id='word_1_1137' title='bbox 1238 2264 1343 2296; x_wconf 86' lang='lat' dir='ltr'>stultus</span> <span class='ocrx_word' id='word_1_1138' title='bbox 1355 2285 1364 2299; x_wconf 86' lang='lat'>‚</span> <span class='ocrx_word' id='word_1_1139' title='bbox 1387 2265 1523 2305; x_wconf 85' lang='lat' dir='ltr'>quamvis</span> <span class='ocrx_word' id='word_1_1140' title='bbox 1533 2262 1565 2293; x_wconf 85' lang='lat' dir='ltr'>sit</span> <span class='ocrx_word' id='word_1_1141' title='bbox 1578 2262 1748 2293; x_wconf 88' lang='lat' dir='ltr'>adolescens</span> <span class='ocrx_word' id='word_1_1142' title='bbox 1758 2281 1767 2296; x_wconf 84' lang='lat'>‚</span> <span class='ocrx_word' id='word_1_1143' title='bbox 1787 2263 1835 2293; x_wconf 90' lang='lat' dir='ltr'>cui</span> <span class='ocrx_word' id='word_1_1144' title='bbox 1849 2261 1883 2292; x_wconf 85' lang='lat' dir='ltr'>sit</span> <span class='ocrx_word' id='word_1_1145' title='bbox 1891 2262 2079 2303; x_wconf 83' lang='lat' dir='ltr'>exploratum</span> <span class='ocrx_word' id='word_1_1146' title='bbox 2091 2281 2100 2295; x_wconf 86' lang='lat'>,</span> <span class='ocrx_word' id='word_1_1147' title='bbox 2122 2261 2150 2291; x_wconf 90' lang='lat' dir='ltr'>se</span> <span class='ocrx_word' id='word_1_1148' title='bbox 2159 2261 2195 2292; x_wconf 91' lang='lat' dir='ltr'>ad</span> 
     </span>
    </p>

    <p class='ocr_par' dir='ltr' id='par_1_27' title="bbox 2093 2303 2199 2342">
     <span class='ocr_line' id='line_1_131' title="bbox 2093 2303 2199 2342; baseline 0 -10"><span class='ocrx_word' id='word_1_1149' title='bbox 2093 2303 2199 2342; x_wconf 84' lang='lat' dir='ltr'>vespe-</span> 
     </span>
    </p>
   </div>
   <div class='ocr_carea' id='block_1_22' title="bbox 1242 2371 2205 3126">
    <p class='ocr_par' dir='ltr' id='par_1_28' title="bbox 1244 2371 2205 2545">
     <span class='ocr_line' id='line_1_132' title="bbox 1246 2371 2205 2411; baseline -0.007 -8"><span class='ocrx_word' id='word_1_1150' title='bbox 1246 2377 1285 2407; x_wconf 86' lang='lat' dir='ltr'>ui,</span> <span class='ocrx_word' id='word_1_1151' title='bbox 1298 2375 1435 2411; x_wconf 87' lang='lat' dir='ltr'>repudiato</span> <span class='ocrx_word' id='word_1_1152' title='bbox 1446 2376 1494 2402; x_wconf 88' lang='lat' dir='ltr'>illo</span> <span class='ocrx_word' id='word_1_1153' title='bbox 1505 2375 1614 2409; x_wconf 79' lang='lat' dir='ltr'>vulgato</span> <span class='ocrx_word' id='word_1_1154' title='bbox 1627 2395 1635 2407; x_wconf 86' lang='lat'>‚</span> <span class='ocrx_word' id='word_1_1155' title='bbox 1654 2383 1742 2400; x_wconf 77' lang='lat' dir='ltr'>annum</span> <span class='ocrx_word' id='word_1_1156' title='bbox 1751 2377 1832 2399; x_wconf 79' lang='lat' dir='ltr'>vitam</span> <span class='ocrx_word' id='word_1_1157' title='bbox 1838 2374 1976 2408; x_wconf 75' lang='lat' dir='ltr'>produxiffi.</span> <span class='ocrx_word' id='word_1_1158' title='bbox 1995 2372 2154 2407; x_wconf 77' lang='lat' dir='ltr'>adducitque</span> <span class='ocrx_word' id='word_1_1159' title='bbox 2163 2371 2205 2403; x_wconf 42' lang='grc' dir='ltr'>(ἰ-Χ</span> 
     </span>
     <span class='ocr_line' id='line_1_133' title="bbox 1247 2409 2200 2446; baseline -0.006 -8"><span class='ocrx_word' id='word_1_1160' title='bbox 1247 2412 1335 2438; x_wconf 82' lang='lat' dir='ltr'>niilem</span> <span class='ocrx_word' id='word_1_1161' title='bbox 1349 2412 1434 2438; x_wconf 88' lang='lat' dir='ltr'>locum</span> <span class='ocrx_word' id='word_1_1162' title='bbox 1448 2416 1462 2438; x_wconf 74' lang='lat' dir='ltr'>e</span> <span class='ocrx_word' id='word_1_1163' title='bbox 1474 2411 1612 2438; x_wconf 85' lang='lat' dir='ltr'>Censorini</span> <span class='ocrx_word' id='word_1_1164' title='bbox 1625 2410 1693 2437; x_wconf 83' lang='lat' dir='ltr'>libro</span> <span class='ocrx_word' id='word_1_1165' title='bbox 1713 2409 1910 2446; x_wconf 81' lang='lat' dir='ltr'>antiquiffiino:</span> <span class='ocrx_word' id='word_1_1166' title='bbox 1932 2410 1984 2442; x_wconf 69' lang='grc' dir='ltr'>Ῥῌό</span> <span class='ocrx_word' id='word_1_1167' title='bbox 1993 2409 2181 2441; x_wconf 63' lang='lat' dir='ltr'>zirimitis-Timo</span> <span class='ocrx_word' id='word_1_1168' title='bbox 2191 2417 2200 2432; x_wconf 83' lang='lat'>.-</span> 
     </span>
     <span class='ocr_line' id='line_1_134' title="bbox 1246 2442 2197 2481; baseline -0.006 -7"><span class='ocrx_word' id='word_1_1169' title='bbox 1246 2448 1437 2481; x_wconf 72' lang='lat' dir='ltr'>Multosfieorum</span> <span class='ocrx_word' id='word_1_1170' title='bbox 1447 2450 1534 2473; x_wconf 66' lang='lat' dir='ltr'>civium</span> <span class='ocrx_word' id='word_1_1171' title='bbox 1551 2446 1585 2471; x_wconf 82' lang='lat' dir='ltr'>ad</span> <span class='ocrx_word' id='word_1_1172' title='bbox 1593 2449 1655 2472; x_wconf 77' lang='lat' dir='ltr'>hanc</span> <span class='ocrx_word' id='word_1_1173' title='bbox 1664 2453 1755 2471; x_wconf 64' lang='lat' dir='ltr'>etatem</span> <span class='ocrx_word' id='word_1_1174' title='bbox 1768 2446 1894 2478; x_wconf 71' lang='lat' dir='ltr'>perducere</span> <span class='ocrx_word' id='word_1_1175' title='bbox 1902 2446 2028 2470; x_wconf 70' lang='lat' dir='ltr'>videbam.</span> <span class='ocrx_word' id='word_1_1176' title='bbox 2050 2446 2116 2469; x_wconf 72' lang='lat' dir='ltr'>Mox</span> <span class='ocrx_word' id='word_1_1177' title='bbox 2126 2442 2197 2468; x_wconf 85' lang='lat' dir='ltr'>idem</span> 
     </span>
     <span class='ocr_line' id='line_1_135' title="bbox 1245 2478 2199 2519; baseline -0.003 -10"><span class='ocrx_word' id='word_1_1178' title='bbox 1245 2483 1355 2519; x_wconf 81' lang='lat' dir='ltr'>sci-ipsit,</span> <span class='ocrx_word' id='word_1_1179' title='bbox 1370 2483 1420 2508; x_wconf 70' lang='lat' dir='ltr'>ciim</span> <span class='ocrx_word' id='word_1_1180' title='bbox 1432 2484 1484 2518; x_wconf 76' lang='lat' dir='ltr'>effct</span> <span class='ocrx_word' id='word_1_1181' title='bbox 1494 2483 1607 2516; x_wconf 63' lang='lat' dir='ltr'>majam</span> <span class='ocrx_word' id='word_1_1182' title='bbox 1616 2489 1695 2514; x_wconf 80' lang='lat' dir='ltr'>aetate,</span> <span class='ocrx_word' id='word_1_1183' title='bbox 1709 2486 1723 2508; x_wconf 75' lang='lat' dir='ltr'>e</span> <span class='ocrx_word' id='word_1_1184' title='bbox 1734 2481 1792 2507; x_wconf 77' lang='lat' dir='ltr'>mss&#39;.</span> <span class='ocrx_word' id='word_1_1185' title='bbox 1802 2481 1923 2508; x_wconf 86' lang='lat' dir='ltr'>omnibus</span> <span class='ocrx_word' id='word_1_1186' title='bbox 1936 2490 1944 2511; x_wconf 75' lang='lat'>3</span> <span class='ocrx_word' id='word_1_1187' title='bbox 1965 2481 1991 2506; x_wconf 68' lang='lat'>8&lt;</span> <span class='ocrx_word' id='word_1_1188' title='bbox 2003 2478 2199 2516; x_wconf 77' lang='lat' dir='ltr'>expreil&#39;urnest</span> 
     </span>
     <span class='ocr_line' id='line_1_136' title="bbox 1244 2519 1433 2545; baseline 0 0"><span class='ocrx_word' id='word_1_1189' title='bbox 1244 2519 1281 2545; x_wconf 88' lang='lat' dir='ltr'>de</span> <span class='ocrx_word' id='word_1_1190' title='bbox 1292 2519 1433 2545; x_wconf 84' lang='lat' dir='ltr'>Terentio.</span> 
     </span>
    </p>

    <p class='ocr_par' dir='ltr' id='par_1_29' title="bbox 1242 2551 2199 2842">
     <span class='ocr_line' id='line_1_137' title="bbox 1280 2551 2199 2588; baseline -0.005 -8"><span class='ocrx_word' id='word_1_1191' title='bbox 1280 2555 1307 2581; x_wconf 85' lang='lat'>8.</span> <span class='ocrx_word' id='word_1_1192' title='bbox 1327 2556 1551 2588; x_wconf 78' lang='lat' dir='ltr'>Ei&#39;ogiumunicum:</span> <span class='ocrx_word' id='word_1_1193' title='bbox 1569 2562 1722 2580; x_wconf 71' lang='lat' dir='ltr'>PLURIMAE</span> <span class='ocrx_word' id='word_1_1194' title='bbox 1736 2551 1820 2586; x_wconf 76' lang='lat' dir='ltr'>‚&amp;c.]</span> <span class='ocrx_word' id='word_1_1195' title='bbox 1845 2551 1949 2579; x_wconf 85' lang='lat' dir='ltr'>Adsunt</span> <span class='ocrx_word' id='word_1_1196' title='bbox 1960 2552 2004 2578; x_wconf 84' lang='lat' dir='ltr'>:ilii</span> <span class='ocrx_word' id='word_1_1197' title='bbox 2020 2570 2028 2583; x_wconf 87' lang='lat'>,</span> <span class='ocrx_word' id='word_1_1198' title='bbox 2047 2559 2115 2577; x_wconf 71' lang='lat' dir='ltr'>uno</span> <span class='ocrx_word' id='word_1_1199' title='bbox 2137 2557 2199 2576; x_wconf 71' lang='lat' dir='ltr'>one</span> 
     </span>
     <span class='ocr_line' id='line_1_138' title="bbox 1246 2585 2198 2626; baseline -0.007 -9"><span class='ocrx_word' id='word_1_1200' title='bbox 1246 2600 1408 2617; x_wconf 48' lang='lat' dir='ltr'>privatoria.</span> <span class='ocrx_word' id='word_1_1201' title='bbox 1429 2591 1500 2617; x_wconf 87' lang='lat' dir='ltr'>inter</span> <span class='ocrx_word' id='word_1_1202' title='bbox 1518 2599 1583 2626; x_wconf 80' lang='lat' dir='ltr'>quos</span> <span class='ocrx_word' id='word_1_1203' title='bbox 1594 2588 1734 2616; x_wconf 84' lang='lat' dir='ltr'>Tui-nebus</span> <span class='ocrx_word' id='word_1_1204' title='bbox 1754 2590 1781 2614; x_wconf 67' lang='grc' dir='ltr'>ὃ(</span> <span class='ocrx_word' id='word_1_1205' title='bbox 1797 2588 1959 2615; x_wconf 88' lang='lat' dir='ltr'>Gulielmius</span> <span class='ocrx_word' id='word_1_1206' title='bbox 1972 2607 1980 2619; x_wconf 87' lang='lat'>‚</span> <span class='ocrx_word' id='word_1_1207' title='bbox 2000 2589 2131 2614; x_wconf 82' lang='lat' dir='ltr'>Canterus</span> <span class='ocrx_word' id='word_1_1208' title='bbox 2144 2605 2152 2617; x_wconf 97' lang='lat'>,</span> <span class='ocrx_word' id='word_1_1209' title='bbox 2170 2585 2198 2610; x_wconf 66' lang='grc' dir='ltr'>ὅτ</span> 
     </span>
     <span class='ocr_line' id='line_1_139' title="bbox 1245 2622 2199 2660; baseline -0.008 -7"><span class='ocrx_word' id='word_1_1210' title='bbox 1245 2627 1351 2653; x_wconf 82' lang='lat' dir='ltr'>Paullus</span> <span class='ocrx_word' id='word_1_1211' title='bbox 1364 2627 1510 2653; x_wconf 82' lang='lat' dir='ltr'>Manutius.</span> <span class='ocrx_word' id='word_1_1212' title='bbox 1531 2625 1573 2651; x_wconf 82' lang='lat' dir='ltr'>sed</span> <span class='ocrx_word' id='word_1_1213' title='bbox 1584 2635 1643 2651; x_wconf 87' lang='lat' dir='ltr'>cum</span> <span class='ocrx_word' id='word_1_1214' title='bbox 1663 2634 1739 2651; x_wconf 85' lang='lat' dir='ltr'>voces</span> <span class='ocrx_word' id='word_1_1215' title='bbox 1751 2633 1848 2651; x_wconf 81' lang='lat' dir='ltr'>eaeiiori</span> <span class='ocrx_word' id='word_1_1216' title='bbox 1869 2623 2062 2660; x_wconf 81' lang='lat' dir='ltr'>conspiciantur</span> <span class='ocrx_word' id='word_1_1217' title='bbox 2079 2623 2105 2648; x_wconf 93' lang='lat' dir='ltr'>in</span> <span class='ocrx_word' id='word_1_1218' title='bbox 2116 2622 2199 2646; x_wconf 80' lang='lat' dir='ltr'>Lani-</span> 
     </span>
     <span class='ocr_line' id='line_1_140' title="bbox 1243 2655 2198 2693; baseline -0.008 -4"><span class='ocrx_word' id='word_1_1219' title='bbox 1243 2663 1368 2693; x_wconf 87' lang='lat' dir='ltr'>binianis,</span> <span class='ocrx_word' id='word_1_1220' title='bbox 1379 2663 1404 2689; x_wconf 90' lang='lat' dir='ltr'>in</span> <span class='ocrx_word' id='word_1_1221' title='bbox 1416 2662 1616 2693; x_wconf 83' lang='lat' dir='ltr'>Gulielniianis,</span> <span class='ocrx_word' id='word_1_1222' title='bbox 1626 2662 1652 2687; x_wconf 89' lang='lat' dir='ltr'>in</span> <span class='ocrx_word' id='word_1_1223' title='bbox 1666 2661 1732 2687; x_wconf 81' lang='lat' dir='ltr'>Pall.</span> <span class='ocrx_word' id='word_1_1224' title='bbox 1744 2661 1798 2687; x_wconf 73' lang='lat' dir='ltr'>imo</span> <span class='ocrx_word' id='word_1_1225' title='bbox 1811 2661 1836 2686; x_wconf 89' lang='lat' dir='ltr'>in</span> <span class='ocrx_word' id='word_1_1226' title='bbox 1853 2660 1933 2686; x_wconf 85' lang='lat' dir='ltr'>nullis</span> <span class='ocrx_word' id='word_1_1227' title='bbox 1945 2657 2105 2685; x_wconf 82' lang='lat' dir='ltr'>editionibus</span> <span class='ocrx_word' id='word_1_1228' title='bbox 2114 2655 2198 2682; x_wconf 74' lang='lat' dir='ltr'>aetatis</span> 
     </span>
     <span class='ocr_line' id='line_1_141' title="bbox 1243 2690 2198 2732; baseline -0.009 -7"><span class='ocrx_word' id='word_1_1229' title='bbox 1243 2699 1368 2730; x_wconf 79' lang='lat' dir='ltr'>exoletae,</span> <span class='ocrx_word' id='word_1_1230' title='bbox 1378 2699 1460 2725; x_wconf 86' lang='lat' dir='ltr'>institi</span> <span class='ocrx_word' id='word_1_1231' title='bbox 1472 2698 1589 2732; x_wconf 80' lang='lat' dir='ltr'>vestigiis</span> <span class='ocrx_word' id='word_1_1232' title='bbox 1600 2697 1702 2723; x_wconf 83' lang='lat' dir='ltr'>Gifanii</span> <span class='ocrx_word' id='word_1_1233' title='bbox 1715 2695 1831 2732; x_wconf 84' lang='lat' dir='ltr'>Aldique</span> <span class='ocrx_word' id='word_1_1234' title='bbox 1842 2696 1969 2731; x_wconf 81' lang='lat' dir='ltr'>Nepotis,</span> <span class='ocrx_word' id='word_1_1235' title='bbox 1979 2690 2198 2732; x_wconf 12' lang='lat' dir='ltr'>retinuiquepvul-</span> 
     </span>
     <span class='ocr_line' id='line_1_142' title="bbox 1242 2725 2197 2771; baseline -0.01 -10"><span class='ocrx_word' id='word_1_1236' title='bbox 1242 2742 1332 2771; x_wconf 77' lang='lat' dir='ltr'>gatum</span> <span class='ocrx_word' id='word_1_1237' title='bbox 1347 2746 1352 2761; x_wconf 90' lang='lat'><strong>:</strong></span> <span class='ocrx_word' id='word_1_1238' title='bbox 1375 2742 1451 2761; x_wconf 87' lang='lat' dir='ltr'>tanto</span> <span class='ocrx_word' id='word_1_1239' title='bbox 1461 2733 1569 2770; x_wconf 86' lang='lat' dir='ltr'>quidem</span> <span class='ocrx_word' id='word_1_1240' title='bbox 1589 2732 1732 2770; x_wconf 80' lang='lat' dir='ltr'>proclivius</span> <span class='ocrx_word' id='word_1_1241' title='bbox 1744 2752 1752 2764; x_wconf 91' lang='lat'>,</span> <span class='ocrx_word' id='word_1_1242' title='bbox 1772 2731 1843 2768; x_wconf 85' lang='lat' dir='ltr'>quod</span> <span class='ocrx_word' id='word_1_1243' title='bbox 1864 2732 1964 2768; x_wconf 85' lang='lat' dir='ltr'>liqueat</span> <span class='ocrx_word' id='word_1_1244' title='bbox 1975 2739 2008 2756; x_wconf 84' lang='lat' dir='ltr'>ex</span> <span class='ocrx_word' id='word_1_1245' title='bbox 2019 2725 2197 2767; x_wconf 67' lang='lat' dir='ltr'>sequentibus,</span> 
     </span>
     <span class='ocr_line' id='line_1_143' title="bbox 1244 2768 2197 2803; baseline -0.01 -6"><span class='ocrx_word' id='word_1_1246' title='bbox 1244 2774 1374 2798; x_wconf 76' lang='lat' dir='ltr'>Catonem</span> <span class='ocrx_word' id='word_1_1247' title='bbox 1387 2779 1437 2796; x_wconf 91' lang='lat' dir='ltr'>non</span> <span class='ocrx_word' id='word_1_1248' title='bbox 1450 2769 1561 2796; x_wconf 78' lang='lat' dir='ltr'>laudasse</span> <span class='ocrx_word' id='word_1_1249' title='bbox 1571 2778 1674 2796; x_wconf 83' lang='lat' dir='ltr'>carmen</span> <span class='ocrx_word' id='word_1_1250' title='bbox 1687 2769 1834 2803; x_wconf 81' lang='lat' dir='ltr'>integrum.</span> <span class='ocrx_word' id='word_1_1251' title='bbox 1854 2768 1940 2794; x_wconf 78' lang='lat' dir='ltr'>haereo</span> <span class='ocrx_word' id='word_1_1252' title='bbox 1950 2774 2036 2793; x_wconf 80' lang='lat' dir='ltr'>tamen</span> <span class='ocrx_word' id='word_1_1253' title='bbox 2047 2772 2080 2790; x_wconf 82' lang='lat' dir='ltr'>an</span> <span class='ocrx_word' id='word_1_1254' title='bbox 2091 2772 2143 2789; x_wconf 87' lang='lat' dir='ltr'>non</span> <span class='ocrx_word' id='word_1_1255' title='bbox 2154 2771 2197 2788; x_wconf 91' lang='lat' dir='ltr'>in-</span> 
     </span>
     <span class='ocr_line' id='line_1_144' title="bbox 1243 2805 2153 2842; baseline -0.004 -10"><span class='ocrx_word' id='word_1_1256' title='bbox 1243 2805 1475 2842; x_wconf 70' lang='lat' dir='ltr'>terpungendum:</span> <span class='ocrx_word' id='word_1_1257' title='bbox 1500 2814 1631 2831; x_wconf 77' lang='grc' dir='ltr'>υΝισυΜ</span> <span class='ocrx_word' id='word_1_1258' title='bbox 1655 2813 1819 2830; x_wconf 75' lang='lat' dir='ltr'>PLURIMAE.</span> <span class='ocrx_word' id='word_1_1259' title='bbox 2107 2834 2113 2840; x_wconf 34' lang='grc'>,</span> <span class='ocrx_word' id='word_1_1260' title='bbox 2149 2833 2153 2838; x_wconf 33' lang='grc' dir='ltr'>ι</span> 
     </span>
    </p>

    <p class='ocr_par' dir='ltr' id='par_1_30' title="bbox 1243 2832 2200 2983">
     <span class='ocr_line' id='line_1_145' title="bbox 1277 2832 2198 2877; baseline -0.011 -9"><span class='ocrx_word' id='word_1_1261' title='bbox 1277 2851 1306 2877; x_wconf 91' lang='lat'>9.</span> <span class='ocrx_word' id='word_1_1262' title='bbox 1326 2846 1412 2868; x_wconf 77' lang='lat' dir='ltr'>Notum</span> <span class='ocrx_word' id='word_1_1263' title='bbox 1421 2844 1455 2867; x_wconf 65' lang='lat' dir='ltr'>ef!</span> <span class='ocrx_word' id='word_1_1264' title='bbox 1464 2849 1539 2867; x_wconf 75' lang='lat' dir='ltr'>totum</span> <span class='ocrx_word' id='word_1_1265' title='bbox 1548 2841 1671 2872; x_wconf 56' lang='lat' dir='ltr'>carmen]</span> <span class='ocrx_word' id='word_1_1266' title='bbox 1684 2841 1727 2866; x_wconf 85' lang='lat' dir='ltr'>Sic</span> <span class='ocrx_word' id='word_1_1267' title='bbox 1737 2839 1850 2865; x_wconf 64' lang='lat' dir='ltr'>Victorii</span> <span class='ocrx_word' id='word_1_1268' title='bbox 1864 2837 1947 2864; x_wconf 82' lang='lat' dir='ltr'>editio</span> <span class='ocrx_word' id='word_1_1269' title='bbox 1959 2855 1966 2867; x_wconf 95' lang='lat'>‚</span> <span class='ocrx_word' id='word_1_1270' title='bbox 1985 2836 2013 2861; x_wconf 74' lang='lat' dir='ltr'>Sc</span> <span class='ocrx_word' id='word_1_1271' title='bbox 2024 2833 2078 2860; x_wconf 86' lang='lat' dir='ltr'>duo</span> <span class='ocrx_word' id='word_1_1272' title='bbox 2090 2832 2198 2859; x_wconf 64' lang='lat' dir='ltr'>(ruliel-</span> 
     </span>
     <span class='ocr_line' id='line_1_146' title="bbox 1244 2868 2199 2912; baseline -0.012 -8"><span class='ocrx_word' id='word_1_1273' title='bbox 1244 2879 1335 2904; x_wconf 81' lang='lat' dir='ltr'>miani.</span> <span class='ocrx_word' id='word_1_1274' title='bbox 1363 2878 1461 2912; x_wconf 79' lang='lat' dir='ltr'>vulgati</span> <span class='ocrx_word' id='word_1_1275' title='bbox 1473 2877 1542 2903; x_wconf 88' lang='lat' dir='ltr'>enirn</span> <span class='ocrx_word' id='word_1_1276' title='bbox 1553 2872 1695 2907; x_wconf 62' lang='lat' dir='ltr'>interiesto</span> <span class='ocrx_word' id='word_1_1277' title='bbox 1723 2875 1861 2901; x_wconf 80' lang='lat' dir='ltr'>ronomine</span> <span class='ocrx_word' id='word_1_1278' title='bbox 1879 2880 1950 2898; x_wconf 76' lang='lat' dir='ltr'>torum</span> <span class='ocrx_word' id='word_1_1279' title='bbox 1960 2873 2010 2905; x_wconf 73' lang='lat' dir='ltr'>rjus</span> <span class='ocrx_word' id='word_1_1280' title='bbox 2019 2879 2125 2895; x_wconf 70' lang='lat' dir='ltr'>carmen,</span> <span class='ocrx_word' id='word_1_1281' title='bbox 2144 2877 2170 2894; x_wconf 85' lang='lat' dir='ltr'>at</span> <span class='ocrx_word' id='word_1_1282' title='bbox 2183 2868 2199 2895; x_wconf 80' lang='lat' dir='ltr'>si</span> 
     </span>
     <span class='ocr_line' id='line_1_147' title="bbox 1243 2885 2200 2948; baseline -0.011 -8"><span class='ocrx_word' id='word_1_1283' title='bbox 1243 2913 1361 2941; x_wconf 84' lang='lat' dir='ltr'>standum</span> <span class='ocrx_word' id='word_1_1284' title='bbox 1374 2914 1458 2939; x_wconf 84' lang='lat' dir='ltr'>tribus</span> <span class='ocrx_word' id='word_1_1285' title='bbox 1475 2913 1601 2939; x_wconf 78' lang='lat' dir='ltr'>Palatinis</span> <span class='ocrx_word' id='word_1_1286' title='bbox 1621 2885 1753 2948; x_wconf 58' lang='lat' dir='ltr'>prim-&#39;igue</span> <span class='ocrx_word' id='word_1_1287' title='bbox 1766 2930 1773 2942; x_wconf 92' lang='lat'><strong><em>‚</em></strong></span> <span class='ocrx_word' id='word_1_1288' title='bbox 1793 2907 1964 2944; x_wconf 78' lang='lat' dir='ltr'>abjiciendum</span> <span class='ocrx_word' id='word_1_1289' title='bbox 1986 2906 2070 2932; x_wconf 81' lang='lat' dir='ltr'>:idliuc</span> <span class='ocrx_word' id='word_1_1290' title='bbox 2091 2904 2200 2931; x_wconf 85' lang='lat' dir='ltr'>verbum</span> 
     </span>
     <span class='ocr_line' id='line_1_148' title="bbox 1243 2948 2187 2983; baseline -0.003 -9"><span class='ocrx_word' id='word_1_1291' title='bbox 1243 2957 1327 2981; x_wconf 74' lang='lat' dir='ltr'>totum,</span> <span class='ocrx_word' id='word_1_1292' title='bbox 1338 2958 1410 2980; x_wconf 76' lang='lat' dir='ltr'>culus</span> <span class='ocrx_word' id='word_1_1293' title='bbox 1423 2948 1511 2975; x_wconf 86' lang='lat' dir='ltr'>nullus</span> <span class='ocrx_word' id='word_1_1294' title='bbox 1522 2949 1548 2974; x_wconf 89' lang='lat' dir='ltr'>in</span> <span class='ocrx_word' id='word_1_1295' title='bbox 1561 2949 1592 2974; x_wconf 82' lang='lat' dir='ltr'>iis</span> <span class='ocrx_word' id='word_1_1296' title='bbox 1602 2957 1680 2983; x_wconf 81' lang='lat' dir='ltr'>apex.</span> <span class='ocrx_word' id='word_1_1297' title='bbox 2072 2976 2076 2981; x_wconf 36' lang='grc' dir='ltr'>ι</span> <span class='ocrx_word' id='word_1_1298' title='bbox 2181 2975 2187 2981; x_wconf 48' lang='grc'><em>·</em></span> 
     </span>
    </p>

    <p class='ocr_par' dir='ltr' id='par_1_31' title="bbox 1248 2976 2204 3092">
     <span class='ocr_line' id='line_1_149' title="bbox 1287 2976 2202 3016; baseline -0.011 -5"><span class='ocrx_word' id='word_1_1299' title='bbox 1287 2995 1327 3011; x_wconf 86' lang='lat'>10.</span> <span class='ocrx_word' id='word_1_1300' title='bbox 1346 2987 1518 3010; x_wconf 59' lang='lat' dir='ltr'>Anam-itatem</span> <span class='ocrx_word' id='word_1_1301' title='bbox 1537 2983 1667 3016; x_wconf 63' lang='lat' dir='ltr'>arripere]</span> <span class='ocrx_word' id='word_1_1302' title='bbox 1691 2983 1732 3008; x_wconf 79' lang='lat' dir='ltr'>Ita</span> <span class='ocrx_word' id='word_1_1303' title='bbox 1750 2980 1803 3006; x_wconf 82' lang='lat' dir='ltr'>duo</span> <span class='ocrx_word' id='word_1_1304' title='bbox 1816 2978 1884 3005; x_wconf 75' lang='lat' dir='ltr'>Pali.</span> <span class='ocrx_word' id='word_1_1305' title='bbox 1904 2987 1996 3004; x_wconf 74' lang='lat' dir='ltr'>ornnes</span> <span class='ocrx_word' id='word_1_1306' title='bbox 2014 2976 2202 3006; x_wconf 80' lang='lat' dir='ltr'>Gulielmiaiii.</span> 
     </span>
     <span class='ocr_line' id='line_1_150' title="bbox 1248 3013 2204 3056; baseline -0.009 -9"><span class='ocrx_word' id='word_1_1307' title='bbox 1248 3021 1399 3056; x_wconf 77' lang='lat' dir='ltr'>quindecim</span> <span class='ocrx_word' id='word_1_1308' title='bbox 1422 3020 1485 3046; x_wconf 86' lang='lat' dir='ltr'>Ald&#39;i</span> <span class='ocrx_word' id='word_1_1309' title='bbox 1498 3020 1622 3055; x_wconf 86' lang='lat' dir='ltr'>Nepotis.</span> <span class='ocrx_word' id='word_1_1310' title='bbox 1645 3026 1729 3053; x_wconf 80' lang='lat' dir='ltr'>neque</span> <span class='ocrx_word' id='word_1_1311' title='bbox 1739 3015 1809 3042; x_wconf 83' lang='lat' dir='ltr'>secus</span> <span class='ocrx_word' id='word_1_1312' title='bbox 1830 3015 1913 3042; x_wconf 82' lang='lat' dir='ltr'>editio</span> <span class='ocrx_word' id='word_1_1313' title='bbox 1933 3013 2058 3040; x_wconf 70' lang='lat' dir='ltr'>ViEiorii.</span> <span class='ocrx_word' id='word_1_1314' title='bbox 2079 3013 2204 3048; x_wconf 71' lang='lat' dir='ltr'>vulgatur</span> 
     </span>
     <span class='ocr_line' id='line_1_151' title="bbox 1249 3057 1544 3092; baseline -0.014 -9"><span class='ocrx_word' id='word_1_1315' title='bbox 1249 3058 1346 3092; x_wconf 51' lang='lat' dir='ltr'>magh,</span> <span class='ocrx_word' id='word_1_1316' title='bbox 1357 3059 1423 3082; x_wconf 72' lang='lat' dir='ltr'>aufl.</span> <span class='ocrx_word' id='word_1_1317' title='bbox 1437 3057 1544 3088; x_wconf 78' lang='lat' dir='ltr'>affert-rc.</span> 
     </span>
    </p>

    <p class='ocr_par' dir='ltr' id='par_1_32' title="bbox 1290 3083 2204 3126">
     <span class='ocr_line' id='line_1_152' title="bbox 1290 3083 2204 3126; baseline -0.01 -8"><span class='ocrx_word' id='word_1_1318' title='bbox 1290 3103 1297 3118; x_wconf 94' lang='lat' dir='ltr'>i</span> <span class='ocrx_word' id='word_1_1319' title='bbox 1308 3103 1327 3120; x_wconf 83' lang='lat' dir='ltr'>i.</span> <span class='ocrx_word' id='word_1_1320' title='bbox 1341 3095 1392 3126; x_wconf 59' lang='lat' dir='ltr'>Q?</span> <span class='ocrx_word' id='word_1_1321' title='bbox 1401 3094 1469 3125; x_wconf 77' lang='lat' dir='ltr'>legati</span> <span class='ocrx_word' id='word_1_1322' title='bbox 1478 3092 1529 3115; x_wconf 75' lang='lat' dir='ltr'>ciim</span> <span class='ocrx_word' id='word_1_1323' title='bbox 1539 3090 1619 3122; x_wconf 77' lang='lat' dir='ltr'>effent,</span> <span class='ocrx_word' id='word_1_1324' title='bbox 1628 3091 1653 3114; x_wconf 74' lang='lat' dir='ltr'>in</span> <span class='ocrx_word' id='word_1_1325' title='bbox 1662 3089 1706 3114; x_wconf 60' lang='lat' dir='ltr'>Ioco</span> <span class='ocrx_word' id='word_1_1326' title='bbox 1717 3094 1777 3113; x_wconf 71' lang='lat' dir='ltr'>carro</span> <span class='ocrx_word' id='word_1_1327' title='bbox 1788 3086 1962 3120; x_wconf 49' lang='lat' dir='ltr'>consederant]</span> <span class='ocrx_word' id='word_1_1328' title='bbox 1976 3084 2020 3111; x_wconf 82' lang='lat' dir='ltr'>Pal</span> <span class='ocrx_word' id='word_1_1329' title='bbox 2028 3106 2033 3111; x_wconf 83' lang='lat'>.</span> <span class='ocrx_word' id='word_1_1330' title='bbox 2044 3094 2083 3119; x_wconf 82' lang='lat' dir='ltr'>pr.</span> <span class='ocrx_word' id='word_1_1331' title='bbox 2098 3083 2204 3110; x_wconf 79' lang='lat' dir='ltr'>vocibus</span> 
     </span>
    </p>
   </div>
   <div class='ocr_carea' id='block_1_23' title="bbox 1247 3119 2196 3183">
    <p class='ocr_par' dir='ltr' id='par_1_33' title="bbox 1247 3119 2196 3183">
     <span class='ocr_line' id='line_1_153' title="bbox 1247 3119 2158 3181; baseline -0.012 -26"><span class='ocrx_word' id='word_1_1332' title='bbox 1247 3128 1353 3166; x_wconf 80' lang='lat' dir='ltr'>aliquot</span> <span class='ocrx_word' id='word_1_1333' title='bbox 1363 3128 1463 3159; x_wconf 87' lang='lat' dir='ltr'>minus,</span> <span class='ocrx_word' id='word_1_1334' title='bbox 1474 3129 1514 3161; x_wconf 67' lang='grc' dir='ltr'>φή</span> <span class='ocrx_word' id='word_1_1335' title='bbox 1523 3127 1594 3160; x_wconf 77' lang='lat' dir='ltr'>legati</span> <span class='ocrx_word' id='word_1_1336' title='bbox 1604 3125 1663 3152; x_wconf 61' lang='lat' dir='ltr'>cert)</span> <span class='ocrx_word' id='word_1_1337' title='bbox 1673 3127 1698 3150; x_wconf 79' lang='lat' dir='ltr'>in</span> <span class='ocrx_word' id='word_1_1338' title='bbox 1708 3126 1752 3150; x_wconf 73' lang='lat' dir='ltr'>loco</span> <span class='ocrx_word' id='word_1_1339' title='bbox 1762 3124 1820 3157; x_wconf 63' lang='lat' dir='ltr'>confi</span> <span class='ocrx_word' id='word_1_1340' title='bbox 1834 3122 1878 3150; x_wconf 84' lang='lat' dir='ltr'>vix</span> <span class='ocrx_word' id='word_1_1341' title='bbox 1889 3121 1925 3149; x_wconf 81' lang='lat' dir='ltr'>cst</span> <span class='ocrx_word' id='word_1_1342' title='bbox 1936 3128 1964 3148; x_wconf 86' lang='lat' dir='ltr'>ut</span> <span class='ocrx_word' id='word_1_1343' title='bbox 1975 3130 2025 3148; x_wconf 86' lang='lat' dir='ltr'>non</span> <span class='ocrx_word' id='word_1_1344' title='bbox 2037 3119 2158 3181; x_wconf 65' lang='lat' dir='ltr'>probeml.</span> 
     </span>
     <span class='ocr_line' id='line_1_154' title="bbox 2089 3160 2196 3183; baseline -0.028 0"><span class='ocrx_word' id='word_1_1345' title='bbox 2089 3165 2112 3183; x_wconf 86' lang='lat'>1.</span> <span class='ocrx_word' id='word_1_1346' title='bbox 2123 3160 2141 3182; x_wconf 66' lang='lat' dir='ltr'><em>A</em></span> <span class='ocrx_word' id='word_1_1347' title='bbox 2155 3163 2196 3182; x_wconf 73' lang='lat' dir='ltr'>ai·-</span> 
     </span>
    </p>
   </div>
   <div class='ocr_carea' id='block_1_24' title="bbox 2213 1856 2251 1888">
    <p class='ocr_par' dir='ltr' id='par_1_34' title="bbox 2213 1856 2251 1888">
     <span class='ocr_line' id='line_1_155' title="bbox 2213 1856 2251 1888; baseline 0 0"><span class='ocrx_word' id='word_1_1348' title='bbox 2213 1856 2251 1888; x_wconf 86' lang='lat'>¹9</span> 
     </span>
    </p>
   </div>
   <div class='ocr_carea' id='block_1_25' title="bbox 2300 0 2379 3400">
    <p class='ocr_par' dir='ltr' id='par_1_35' title="bbox 2300 0 2379 3400">
     <span class='ocr_line' id='line_1_156' title="bbox 2300 0 2379 3400; baseline 0 0"><span class='ocrx_word' id='word_1_1349' title='bbox 2300 0 2379 3400; x_wconf 95' lang='lat' dir='ltr'> </span> 
     </span>
    </p>
   </div>
  </div>
 </body>
</html>
