2379 3400
641 92 1163 147 MsTuiiLir

449 185 493 219 ius
503 184 532 212 in
545 190 644 211 natura
653 177 710 209 esse
722 175 848 217 positum
862 195 870 208 ,
892 175 1021 215 intelligi
1033 172 1128 213 poffit.
1153 175 1201 203 De

253 242 313 272 quo
326 230 394 259 cum
410 222 546 266 peipauca
560 223 667 252 dixero
680 240 687 253 ,
709 229 772 248 tum
791 217 885 256 adjus
898 217 987 246 civile
1001 224 1121 245 veniam
1134 234 1143 248 ‚
1164 223 1202 244 ex

225 276 235 297 ἶ
256 282 314 312 quo
326 274 384 299 haec
395 275 496 297 omnis
509 274 572 294 nata
581 262 622 292 cst
632 263 736 291 oratio.
767 260 827 299 Q.
846 260 896 287 Tu
912 256 982 286 verb
995 259 1052 294 jam
1063 266 1203 296 perpauca

225 302 232 306 ”
255 313 375 343 scilicet.
399 318 435 338 ex
454 317 488 336 iis
511 308 593 335 enim
606 324 614 336 ,
635 312 699 342 qua:
709 302 812 330 dixisti
823 319 830 332 ‚
856 300 955 328 Attico
972 298 1091 329 videtur
1101 317 1109 331 ,
1129 299 1206 327 mihi

254 352 375 394 qtizdem
386 349 462 380 certi:
475 368 482 380 ,
494 358 527 376 cx
538 354 641 374 natura
651 351 742 373 ortum
753 340 860 379 effejus.
882 345 962 369 Αττ.
975 343 1020 368 An
1035 340 1111 369 mihi
1123 340 1206 369 aliter

254 393 349 423 videri
361 389 454 430 pulsu,
465 389 535 419 cuni
548 391 609 416 haec
621 395 677 419 iam
690 385 818 423 pei-tecta
830 380 885 411 sint
895 393 899 409 ;
908 382 1035 422 primum
1046 379 1124 421 quafi
1138 390 1206 410 mu-

255 434 378 464 nerzlius
389 433 512 461 deorum
525 439 580 458 nos
592 425 650 457 ess’e
663 423 832 457 instruam,
845 423 877 453 δε
889 432 1009 453 ornatos
1021 423 1146 462 ficundo
1157 432 1209 452 au-

257 485 316 505 tem
331 495 338 507 ,
352 483 440 503 unam
452 470 508 501 esst·
520 471 682 500 hominum
696 476 771 496 inter
783 466 861 505 ipsos
871 465 992 494 vivendi
1003 474 1103 504 parem
1116 484 1124 497 ,
1135 473 1208 494 con-

255 525 440 554 munemque
452 521 599 543 rationein
613 521 619 538 :
639 508 732 538 deinde
744 509 863 537 omneis
876 509 954 536 inter
965 507 992 536 se
1005 506 1128 536 naturali
1139 515 1208 546 qua—

256 559 326 588 dam
344 556 528 596 indulgentia
539 573 547 586 ,
568 553 600 582 &
622 549 825 580 benivolentia
844 568 853 581 ,
876 557 940 578 tum
961 550 1049 577 etiam
1071 548 1208 577 societate

259 601 330 636 juris
341 600 490 628 contineri
502 599 512 623 ?
522 604 586 635 qnae.
596 591 665 623 cum
678 601 744 621 vera
753 589 810 620 effe
823 589 901 619 reeh
914 609 924 624 ,
935 599 967 619 ut
977 589 1102 619 arbitror
1114 609 1122 623 ‚
1133 598 1207 618 con-

258 639 429 672 cesserimus
442 659 449 670 ,
470 635 521 677 qui
538 645 596 668 iam
610 635 677 664 licet
691 632 780 662 nobis
792 631 807 661 a
818 641 918 661 natura
930 632 1006 672 leges
1019 651 1026 663 ,
1047 631 1079 660 &
1095 631 1154 665 iura
1167 630 1208 659 sc-

252 683 400 723 jungere?
423 682 465 708 M.
481 678 574 708 Recte
587 676 678 706 dicis:
699 674 732 704 &
744 683 788 704 res
801 671 837 703 fic
852 673 878 703 se
893 672 988 703 habet.
1012 672 1125 702 Verum
1142 672 1207 710 phi-

259 724 452 762 losophorum
465 729 549 749 more
561 739 569 751 ,
581 727 643 747 non
655 725 788 746 veterum
801 715 923 756 quidem
934 715 1056 744 illorum
1069 726 1077 747 ·‚
1097 714 1145 743 sed
1156 723 1209 742 eo—

258 775 324 794 rum
340 784 347 796 ,
369 765 419 802 qui
440 760 517 802 quasi
536 760 656 799 officinas
674 756 863 794 instruxerunt
875 756 1017 798 fiipientiae
1029 766 1041 782 :
1060 765 1124 795 quae
1142 754 1209 784 fuse

257 807 332 836 olim
344 796 564 843 disputabantur
574 821 582 835 ,
593 811 625 831 ac
635 800 728 830 libere
740 819 748 832 ,
761 809 794 829 ea
805 807 885 828 nunc
895 798 1072 828 articulatim
1085 818 1092 830 ,
1104 795 1210 826 distin*

257 847 360 887 &eque
370 846 520 874 dicuntur.
544 853 599 873 nec
608 844 692 872 enim
704 839 834 871 satisfieri
845 841 966 870 censent
975 841 1046 869 huic
1056 840 1122 868 loco
1134 857 1142 871 ,
1160 840 1211 878 qui

257 899 296 919 nu
303 898 338 918 nc
348 887 389 916 est
399 889 430 916 in
442 885 581 916 manibus
591 904 599 918 ,
611 881 664 913 nisi
675 883 827 922 separatim
839 882 895 911 hoc
907 881 1002 921 ipsum
1015 900 1023 914 ,
1036 890 1144 910 naturae
1155 878 1212 909 effe

260 931 304 966 ius
318 950 325 962 ,
347 929 533 968 disputarint.
565 929 642 956 Αττ.
664 927 701 954 Et
721 924 830 954 scilicet
850 932 897 952 tua
916 922 1034 952 libertas
1053 920 1212 952 differendi

259 969 360 1002 amissa
374 969 430 1000 est:
453 978 501 999 aut
511 978 541 998 tu
553 970 576 997 is
587 977 619 997 es
631 986 639 999 ‚
658 967 709 1007 qui
724 967 756 995 in
769 964 949 1003 disputando
961 974 1024 993 non
1037 962 1213 1003 tuumjudi-

259 1014 341 1043 cium
363 1011 480 1052 sequare
490 1030 498 1044 ‚
524 1009 572 1039 sed
591 1007 757 1038 auetoritati
776 1006 906 1036 aliorum
925 1008 1044 1045 pareas?
1072 1008 1116 1034 M.
1140 1007 1213 1034 Nori

261 1054 394 1093 semper,
410 1056 498 1082 Tite:
520 1051 567 1081 sed
579 1051 633 1079 iter
645 1050 733 1087 hujus
744 1047 890 1077 sermonis
901 1047 981 1088 quod
994 1045 1044 1080 sit,
1061 1046 1154 1076 vides.
1177 1045 1212 1075 ad

262 1097 334 1134 reip.
349 1092 507 1124 firmandas
521 1113 529 1125 ,
544 1092 576 1122 &
585 1091 621 1121 ad
633 1089 821 1120 stabiliendas
833 1091 922 1119 vireis
932 1108 939 1121 ,
951 1087 1213 1129 sanandospopuios,

261 1145 364 1166 omnis
385 1134 483 1165 nostra
501 1136 593 1174 pergit
612 1133 716 1162 oratio.
741 1132 887 1171 roirca
897 1140 1001 1160 vereor
1010 1132 1212 1161 committere,

262 1187 295 1208 ut
315 1187 377 1206 non
395 1177 470 1208 bene
484 1174 600 1217 provisa
613 1174 646 1204 &
659 1173 818 1214 diligenter
830 1173 982 1211 explorata
995 1173 1141 1211 principia
1159 1180 1215 1210 po-

262 1228 387 1249 nantur:
411 1228 465 1248 nec
483 1227 583 1247 tamen
601 1224 634 1245 ut
649 1214 793 1245 omnibus
805 1214 987 1254 probentur,
1007 1216 1091 1250 (nam
1106 1213 1136 1242 id
1151 1212 1215 1241 fieri

263 1271 326 1291 non
336 1259 442 1300 potest)
455 1259 501 1290 sed
514 1268 545 1288 ut
557 1261 605 1291 iis,
617 1259 668 1298 qui
679 1258 782 1286 omnia
791 1254 867 1285 reeta
878 1276 886 1288 ‚
898 1264 984 1295 atque
993 1253 1115 1284 honesta
1124 1273 1131 1287 ‚
1146 1257 1156 1272 ¹
1166 1262 1218 1293 per

262 1304 292 1333 se
312 1301 477 1341 expetenda
493 1301 660 1332 duxerunt,
683 1298 716 1327 Ec
727 1306 775 1326 aut
786 1298 1002 1326 nihilomnino
1014 1298 1046 1325 in
1060 1295 1150 1325 bonis
1161 1305 1217 1325 nu-

266 1343 442 1373 merandum
455 1363 463 1375 ‚
476 1341 530 1372 nisi
542 1341 622 1382 quod
633 1348 679 1381 per
688 1339 809 1380 seipsum
821 1337 960 1367 laudabile
970 1336 1040 1367 ess'et
1050 1356 1058 1371 ‚
1076 1346 1128 1367 aut
1138 1336 1216 1366 certe

263 1386 385 1416 nullum
403 1384 574 1414 habendum
595 1391 737 1423 magnum
759 1381 874 1410 bonum
886 1400 895 1413 ,
913 1379 967 1409 nisi
978 1379 1060 1420 quod
1076 1379 1143 1408 vere
1156 1379 1219 1408 lau-

265 1427 327 1456 dari
344 1427 392 1456 sua
409 1427 512 1466 sponte
529 1422 638 1464 posset:
661 1425 705 1452 his
720 1422 864 1452 omnibus
875 1420 944 1460 (sive
955 1424 987 1451 in
997 1420 1158 1451 Academia
1168 1430 1219 1450 ve-

262 1477 323 1498 tere
333 1477 403 1497 cum
418 1471 432 1487 ²
443 1466 603 1506 Speusippo
614 1485 623 1498 ,
638 1467 806 1494 Xenocrate
818 1483 826 1496 ‚
846 1462 1218 1494 Polemone-manserunt:

263 1507 322 1538 sive
334 1508 537 1540 Aristotelem,
550 1508 582 1537 &
592 1505 844 1545 Theophrastum,
855 1514 923 1535 cum
937 1505 998 1534 illis
1009 1514 1037 1533 re
1049 1513 1219 1544 congruen-

268 1558 312 1579 tes
322 1559 428 1589 genere
441 1549 567 1578 docendi
582 1548 715 1586 paullum
728 1545 900 1576 differentes
912 1565 920 1579 ‚
942 1546 1031 1575 secuti
1043 1546 1123 1575 sunt:
1148 1545 1219 1578 five,

267 1599 302 1620 ut
313 1591 431 1620 Zenoni
441 1590 539 1619 visum
551 1588 693 1621 est,rebus
704 1597 767 1616 non
775 1588 1222 1620 commutatis‚immutaverunc

265 1631 425 1661 vocabula:
444 1629 503 1660 sive
522 1632 611 1659 etiam
621 1627 767 1658 Aristonis
787 1626 944 1657 difficilem
960 1647 968 1661 ‚
989 1635 1073 1667 atque
1084 1627 1218 1660 arduam,
1243 1632 1245 1660 ζ

267 1671 317 1703 sed
331 1673 394 1711 jam
413 1681 512 1701 tamen
533 1670 675 1702 fractam,
698 1668 912 1700 &convietam
923 1668 1031 1698 sestam
1043 1668 1131 1698 secuti
1143 1668 1220 1700 sunt,

251 1714 300 1744 ⁴ut
310 1733 319 1746 ‚
341 1713 499 1742 virtutibus
518 1713 650 1751 exceptis
669 1731 677 1744 ,
700 1719 786 1750 atque
807 1712 888 1740 vitiis
907 1730 915 1744 ‚
944 1719 1038 1740 cetera
1057 1712 1089 1739 in
1106 1709 1223 1739 summa

269 1755 434 1795 :equalitate
445 1757 602 1792 ponerent)
613 1754 659 1781 his
669 1762 719 1781 om
726 1752 813 1780 nibus
825 1752 886 1781 haec
897 1771 905 1785 ,
920 1761 986 1791 quae
997 1751 1082 1784 dixi,
1095 1751 1223 1789 proban-

253 1808 258 1813 >
270 1804 326 1826 tur.
350 1796 412 1825 Sibi
424 1804 521 1824 autem
535 1794 734 1834 indulgenteS‚
748 1792 779 1821 δε
790 1796 906 1831 corpori
918 1793 1124 1823 deservientes,
1137 1800 1223 1830 atque

269 1839 372 1866 omnia
385 1856 392 1869 ,
408 1846 472 1876 quae
483 1836 640 1875 sequantur
650 1844 680 1863 in
694 1842 754 1862 vita
765 1852 774 1866 ,
786 1842 909 1873 quaeque
920 1833 1036 1873 fugiant
1046 1852 1054 1865 ‚
1068 1832 1223 1873 voluptari-

255 128 375 176 1190

251 186 436 232 quofaciliiis

1226 448 1229 459 ,
1251 432 1350 463 angore
1367 421 1532 460 conscientiae
1544 440 1552 454 ,
1571 420 1738 462 fraudisque
1757 424 1896 452 cruciatu.
1920 422 2010 464 de
2029 422 2049 452 fi
2063 424 2207 452 homines

1244 1665 1246 1701 ζ
1265 1666 1392 1696 ἀίξὲαῑοτ
1408 1675 1500 1705 quern
1520 1666 1610 1694 vellet
1620 1667 1733 1694 civium
1745 1683 1754 1696 ‚
1774 1663 1887 1694 indieta
1897 1664 1979 1694 causa
1989 1663 2115 1704 impune
2124 1662 2221 1704 poss‘et

1245 1813 1247 1823 A
1268 1787 1439 1830 imperandi,
1459 1785 1829 1829 atqueprohibendt.·quam
1843 1790 1895 1827 qui
1905 1789 2020 1828 ignorat
2031 1807 2039 1821 ,
2050 1789 2076 1817 is
2085 1786 2129 1817 est
2139 1788 2224 1825 inju-

253 1879 255 1881 ’
270 1877 321 1907 hm
332 1898 340 1911 ,
362 1878 396 1910 &-
408 1876 543 1906 doloribus
554 1875 731 1917 ponderantes
743 1893 751 1906 ‚
772 1883 862 1903 etiam
877 1872 896 1902 si
911 1884 977 1903 vera
989 1873 1092 1902 dicunt
1103 1893 1111 1906 ,
1135 1873 1225 1912 (nihil

270 1921 352 1949 enim
374 1929 449 1959 opus
465 1918 507 1948 est
527 1918 668 1947 hocloco
684 1916 797 1954 litibus)
812 1925 843 1944 in
858 1915 986 1944 hortulis
1000 1915 1226 1954 suisjubeamus
1246 1912 1248 1935 ἶ

271 1961 387 1994 dicere,
410 1970 496 2000 atque
509 1962 598 1989 etiam
617 1958 652 1988 ab
667 1958 752 1987 omni
772 1957 907 1986 societate
927 1959 998 1996 reip.
1011 1958 1096 1994 cujus
1114 1964 1225 1996 partem

272 2012 325 2032 nec
337 2007 448 2032 norun't
458 2002 549 2031 ullam
560 2021 568 2034 ‚
580 2010 632 2030 nec
645 2008 775 2039 unquam
788 1995 870 2027 noss'e
881 1999 1061 2031 voluerunt,
1085 2001 1096 2025 3
1107 1998 1228 2038 paullis-
1247 1994 1248 2003 ¹

270 2053 322 2083 pei·
342 2042 479 2073 facessant
501 2063 509 2076 ‚
544 2050 694 2083 rogemus.
733 2040 978 2070 Perturbatricem
1001 2049 1097 2069 autern
1122 2042 1226 2069 harum
1247 2050 1248 2055 ¹

271 2087 412 2114 omnium
424 2094 522 2114 rerum
534 2082 725 2113 Academiam
737 2101 745 2114 ,
767 2082 843 2111 hanc
855 2082 890 2110 ab
901 2079 1026 2110 Arcesila
1037 2101 1044 2114 ‚
1058 2081 1089 2112 &
1100 2083 1227 2111 Carnea.
1247 2076 1248 2106 ἶ

258 2126 307 2156 -de
318 2135 466 2156 recentem
480 2146 489 2159 ,
502 2135 662 2156 exoremus
672 2143 679 2156 ,
695 2133 724 2153 ut
736 2121 821 2152 sileat.
847 2132 917 2152 narn
928 2121 947 2151 si
957 2123 1099 2153 invaserit
1109 2125 1141 2152 in
1153 2124 1225 2156 haec,
1247 2121 1249 2154 ἓ

271 2177 335 2208 quae
347 2167 411 2197 satis
422 2167 492 2197 scite
504 2168 592 2196 nobis
603 2165 742 2196 instrn&a
752 2185 760 2197 ,
773 2165 804 2194 δε
813 2163 976 2203 composita
987 2168 1005 2190 4
1016 2164 1164 2197 videntur,
1179 2175 1227 2194 ni·
1247 2170 1248 2173 ’

271 2211 346 2238 mias
360 2208 424 2238 edet
436 2212 541 2238 ruinas.
565 2207 788 2249 quam-quidem
803 2216 857 2247 ego
866 2208 975 2246 placare
987 2207 1076 2246 cupio
1089 2226 1098 2241 ,
1114 2202 1228 2245 submo-
1247 2228 1248 2254 ἢ

271 2259 332 2279 vere
343 2260 404 2280 non
413 2250 508 2279 audeo.
1246 2255 1249 2312 Ι

301 2314 459 2376 Defimt
481 2315 546 2363 hic
558 2313 729 2378 fhrtciffi
761 2313 947 2359 nonnulla
975 2312 1023 2358 de
1044 2318 1200 2377 peccati
1246 2315 1248 2348 l

401 2380 634 2443 conscientia
656 2381 711 2432 ὠ
737 2379 933 2440 scelerum
954 2383 1090 2443 poem's.
1244 2349 1247 2434 i

314 2549 322 2565 1
332 2560 337 2565 .
355 2544 404 2565 Per
412 2541 433 2571 se
442 2541 569 2573 expetenda
580 2541 726 2575 duxerunt]
739 2540 811 2567 ViR.
822 2542 847 2567 &
861 2542 947 2567 Turn.
959 2540 1020 2567 edd.
1031 2541 1152 2566 dixerunt.
1164 2550 1230 2577 quo·
1252 2571 1253 2576 Ἰ

276 2575 355 2601 modo
374 2577 403 2602 ὃς
412 2577 547 2612 exemplar
566 2579 592 2604 S.
605 2577 731 2604 Vietoiis.
751 2576 793 2604 sed
804 2577 849 2604 alii
870 2585 958 2604 tamen
983 2577 1043 2603 libi-i
1063 2576 1164 2603 faciunt
1183 2586 1232 2613 pto
1252 2591 1253 2596 =

277 2611 392 2646 vulgata.

295 2682 298 2685 Ι
311 2655 338 2671 2.
353 2649 478 2681 Speusippo,
488 2652 626 2680 Xenocrate,
634 2651 751 2675 ‘Polemone
760 2649 921 2684 mansii-unt]
944 2648 1087 2685 Exemplar
1098 2650 1125 2675 S.
1136 2648 1232 2676 vieto-

280 2690 325 2712 ιἰε,
336 2686 475 2715 Xenocrate,
486 2687 568 2716 crate,
578 2688 705 2710 Polemone.

315 2725 340 2751 3.
349 2721 614 2758 ,Paullispersaceffhm
625 2721 751 2755 regentum]
765 2721 820 2748 Pal.
830 2729 918 2757 quart.
930 2721 1006 2748 habet
1017 2720 1049 2748 ad
1059 2722 1231 2756 oraimfaccs-

276 2751 328 2784 sani
339 2762 366 2781 (γ
376 2756 494 2786 absistant,
509 2766 618 2787 rogemur.

316 2795 343 2827 ᾗ.
362 2789 473 2814 l'idmtiir
486 2810 493 2820 ,
511 2795 596 2816 nimia!
604 2793 654 2816 cde!
672 2794 780 2827 minan]
802 2793 920 2819 ‘l'urnebi
932 2792 979 2819 riis.
1003 2794 1143 2819 videremur
1151 2795 1236 2824 infin-et
1254 2806 1255 2810 ¹

281 2829 376 2847 nannai.
389 2824 442 2849 Pal.
454 2835 540 2860 quart.
549 2828 682 2853 videantur
691 2830 767 2862 nn'srct
776 2829 805 2859 v&
817 2833 901 2854 rainu
913 2849 921 2861 ,
943 2831 970 2855 ὃ.
983 2829 1055 2855 νἰξὶ.
1065 2830 1180 2855 videntur
1189 2831 1235 2855 da-

284 2857 318 2880 hu
330 2866 421 2883 rumas.

322 2900 348 2923 5·
372 2896 432 2917 Nam
449 2895 477 2924 (ξ’
494 2898 519 2920 Ῐη
536 2898 566 2922 iis
577 2899 630 2930 fine
639 2901 703 2925 illim·
716 2900 877 2933 fiiffimeniis]
906 2902 945 2927 Ita
963 2900 1029 2927 editi
1041 2902 1055 2926 ii
1067 2900 1189 2927 Vit‘ioiio
1207 2902 1236 2926 ὃ(

283 2925 420 2952 Turne-bo.
443 2930 476 2967 La
486 2933 583 2964 priores
597 2953 603 2963 ,
623 2944 678 2959 nam
697 2943 765 2961 eliam
779 2938 829 2970 sinc
848 2937 975 2970 illimfitffl
994 2937 1066 2973 qaod
1085 2938 1111 2963 Sc
1136 2937 1162 2963 in
1176 2937 1235 2963 Pal.

284 2970 390 2996 quarto.
412 2964 570 3001 quid-iiiifine
580 2970 641 2994 uillis.

317 3032 322 3037 ⁵
374 2999 451 3029 Qum
460 3007 485 3023 ur
494 3010 529 3025 ως
539 3006 650 3038 agitem]
663 3006 739 3031 Haud
751 3007 827 3033 aleier
848 3007 932 3034 Aldus
944 3009 1046 3044 Nepos.
1058 3007 1135 3034 sedin
1150 3008 1190 3035 avi
1202 3008 1236 3034 li·
1253 3015 1255 3040 l

283 3031 493 3069 bris,aliorumq;
505 3045 636 3070 comparet
648 3040 728 3072 quarm
737 3052 819 3078 neque
830 3043 946 3078 agnoscit
958 3044 1041 3070 iillum
1057 3044 1235 3075 insniostiwiim

282 3069 379 3095 nedum
391 3077 419 3094 ut
431 3078 554 3104 proetorea
566 3073 657 3100 habeat
670 3076 789 3103 Lambini
801 3086 871 3111 quam
882 3082 1018 3112 conscientia
1032 3099 1039 3111 ‚
1050 3087 1077 3104 ut
1088 3089 1122 3105 eos
1134 3084 1191 3112 agit.

1247 1987 1248 1990 Ἰ
1269 1954 1370 1984 tienda
1389 1955 1470 1984 sunt:
1492 1954 1623 1995 negliget
1641 1953 1738 1994 leges,
1756 1953 1860 1994 easque
1868 1963 2055 1993 perrumpet,
2075 1952 2226 1992 sipoterit,

1252 2561 1253 2570 1
1273 2543 1335 2568 vei-i>
1347 2542 1463 2578 placeret
1466 2543 1561 2576 sublato
1572 2549 1634 2567 metu
1647 2560 1654 2574 ,
1665 2541 1751 2573 eieeto
1761 2541 1809 2568 illo
1813 2542 1989 2575 fitppliciarum,
2001 2540 2072 2578 quod
2082 2540 2147 2568 mihi
2157 2539 2230 2577 g'los-

1260 2872 1331 2897 ·rur‚·
1352 2865 1422 2900 qnod
1435 2866 1459 2892 iii
1473 2866 1594 2892 Viftorio
1605 2866 1632 2891 &
1645 2866 1790 2895 Turneb03
1812 2865 1873 2900 qnia
1893 2862 1992 2888 videam
2014 2862 2038 2886 iu
2052 2861 2112 2890 Pal.
2133 2869 2229 2896 quai-to

316 3112 345 3139 7.
363 3106 626 3142 Sublatoficpplt'ciorum
646 3112 733 3146 metm]
756 3114 783 3140 S.
797 3114 911 3142 victoris
922 3115 989 3143 liber
996 3117 1106 3151 fieblatos
1114 3123 1187 3144 metu.
1207 3116 1236 3143 δε

1257 94 1808 140 CicERouis

1244 176 1258 201 5
1269 175 1348 203 Nam
1362 171 1395 202 &
1405 171 1439 201 in
1449 170 1514 201 iisfi
1529 181 1567 202 ne
1581 171 1663 202 illius
1678 171 1857 204 suffimentis
1867 173 1976 214 expiati
1987 173 2142 204 sumus.At
2151 181 2203 204 ve·
2224 186 2236 211 1

1249 214 1282 245 r‘o
1295 214 1437 244 scelerum
1459 223 1491 243 in
1511 215 1669 247 homines,
1688 222 1774 254 atque
1792 217 1980 255 impietatum
1992 216 2067 245 nulla
2079 215 2203 256 expiatio

1250 255 1294 292 est.
1318 258 1418 295 ltaque
1438 263 1541 294 poenas
1562 256 1941 295 luuntnontamjudiciis‚
1961 255 2203 298 (quaequondain

1251 298 1396 338 nusquam
1416 305 1499 326 erant
1512 316 1520 329 ,
1544 296 1634 326 hodie
1658 295 1854 327 multifariam
1872 299 1953 329 nulla
1968 300 2052 332 sunt,
2073 299 2124 328 ubi
2137 297 2206 329 sunt

1252 349 1353 370 tamen
1366 358 1374 372 ,
1386 339 1511 378 persaepe
1521 337 1590 369 falsa
1601 337 1680 377 sunt)
1691 336 1705 358 ⁶
1720 339 1808 378 quam
1820 347 1852 368 ut
1861 349 1911 370 eos
1922 343 2043 381 agitent,
2056 338 2206 370 inst-&en-

1252 390 1357 421 turque
1375 381 1461 409 iuriae
1473 400 1481 412 ,
1500 389 1563 409 non
1581 379 1754 410 ardentibus
1773 380 1874 414 taedis,
1892 379 2004 412 sicutin
2015 381 2124 412 sabulis
2137 379 2205 414 ‚sed

1251 465 1286 495 ab
1300 464 1376 503 injui
1384 465 1411 492 ia
1420 472 1507 502 poena
1517 483 1525 496 ,
1538 472 1602 492 non
1614 472 1717 493 natura
1725 473 1820 493 arcere
1831 462 1950 493 deberet
1960 483 1968 496 ‚
1978 473 2114 504 qtiaenam
2126 464 2212 494 solli·

1249 506 1352 536 citudo
1363 513 1485 535 vexaret
1498 506 1609 544 impios
1621 523 1629 538 ‚
1642 509 1657 532 7
1668 505 1781 535 sublato
1792 505 2005 544 suppliciorum
2018 515 2098 535 metu
2111 509 2209 546 I‘quo-

1252 557 1319 578 rum
1341 555 1442 576 tamen
1463 555 1557 575 NEMO
1575 555 1650 575 TAM
1670 555 1784 576 aunAx
1804 556 1948 586 umquam
1968 545 2043 579 fuit,
2065 549 2139 586 quin
2158 555 2210 577 aut

1251 590 1392 620 abnueret
1407 587 1423 617 a
1435 587 1461 617 se
1470 586 1668 617 commiffum
1679 587 1737 618 effe
1747 587 1862 618 facinus
1877 607 1885 621 ‚
1906 586 2029 624 autjusti
2042 587 2209 618 suidoloris

1251 630 1366 661 causam
1386 629 1520 669 aliquam
1542 627 1665 670 fingeret
1679 650 1687 662 ,
1708 628 1974 669 defensionemque
1983 628 2211 660 facinorisana·

1253 682 1324 702 turae
1344 671 1410 710 jure
1429 672 1531 711 aliquo
1551 680 1701 711 quaereret.
1725 670 1983 712 Qaefiappellar'e
1993 670 2211 710 audentimpii,

1253 723 1313 755 qno
1325 712 1444 743 tandem
1459 711 1557 742 studio
1567 713 1704 742 colentur
1713 712 1728 742 a
1738 713 1850 742 bonis?
1863 711 1951 753 de
1963 709 1982 740 si
1995 721 2084 751 poena
2093 731 2100 744 ‚
2115 710 2133 741 fi
2145 721 2212 742 me-

1252 765 1299 785 tus
1320 754 1476 794 supplicii,
1498 764 1560 784 non
1571 753 1782 794 ipsaturpitudo
1795 774 1802 788 ,
1822 754 1936 783 deterret
1947 752 2146 793 abinjurios'a,
2159 753 2212 792 fae-

1253 797 1429 837 cinorofizque
1448 796 1533 825 vita:
1554 805 1647 826 nemo
1668 795 1712 826 est
1730 791 1971 835 injustus3vssaut
1988 796 2099 825 incauti
2110 793 2214 834 potius

1256 838 1386 868 habendi
1403 837 1471 867 sunt
1488 837 1633 876 improbi.
1657 847 1723 867 tum
1741 847 1841 868 autern
1860 839 1914 878 qui
1935 847 2000 866 tion
2012 837 2073 876 ipso
2085 835 2212 867 honesto

1255 889 1417 909 movemur
1427 899 1435 912 ‚
1458 888 1491 909 ut
1509 879 1581 908 boni
1601 880 1658 909 viri
1670 877 1759 909 fimus
1770 898 1778 912 ‚
1800 878 1847 909 sed
1859 880 1988 908 utilitate
1999 879 2096 919 aliqua
2107 898 2114 910 ‚
2127 887 2213 919 atque

1248 919 1352 960 frusta
1365 941 1373 954 ,
1391 920 1491 950 callidi
1511 920 1613 950 sumus
1627 940 1636 954 ‚
1656 930 1719 950 non
1729 920 1814 950 boni.
1837 923 1852 947 9
1863 931 1930 950 nam
1944 920 2016 960 quid
2025 919 2144 950 facietis
2157 920 2214 949 ho-

1257 973 1309 993 mo
1333 964 1365 992 in
1387 962 1516 992 tenebris
1529 981 1538 995 ,
1558 972 1610 1002 qui
1629 962 1709 992 nihil
1726 963 1814 992 timet
1832 961 1886 991 nisi
1900 961 1991 998 testem
2003 981 2011 995 ,
2033 960 2212 1000 &judicemae

1254 1004 1326 1045 quid
1348 1006 1380 1033 in
1401 1003 1514 1033 deserto
1538 1004 1607 1033 loco
1627 1002 1731 1033 nactus
1748 1022 1757 1036 ,
1779 1013 1870 1043 quem
1891 1004 1990 1033 multo
2008 1013 2079 1035 auro
2090 1003 2214 1042 spoliare

1256 1044 1340 1086 poffit
1350 1043 1518 1073 imbecillum
1528 1064 1536 1078 ,
1559 1054 1646 1085 atque
1659 1045 1758 1074 solum
1771 1047 1782 1073 ἓ
1803 1044 1900 1074 noster
1917 1045 2040 1085 quidem
2053 1046 2102 1075 hic
2113 1053 2214 1075 natura

1256 1086 1352 1127 justus
1364 1088 1410 1116 vir
1419 1086 1472 1118 «ihc
1482 1086 1580 1115 bonus
1591 1106 1599 1118 ‚
1612 1087 1702 1116 etiam
1712 1085 1903 1126 colloquetur
1912 1105 1921 1119 ‚
1941 1087 2074 1124 juvabit,
2089 1089 2120 1117 in
2130 1088 2213 1116 viam

1256 1129 1390 1159 deducet.
1414 1129 1439 1156 is
1451 1126 1535 1160 vero,
1549 1129 1600 1168 qui
1612 1127 1691 1157 nihil
1701 1128 1818 1157 alterius
1828 1128 1910 1157 causa
1920 1126 2034 1161 ¹0facit‚
2047 1128 2079 1158 &
2092 1130 2218 1158 metitur

1257 1171 1316 1201 suis
1325 1168 1500 1199 commodis
1519 1171 1642 1202 omnia,
1665 1168 1772 1198 videtis
1785 1189 1793 1202 ‚
1812 1168 1917 1201 credo,
1939 1168 2013 1208 quid
2033 1168 2066 1199 sit
2083 1169 2213 1199 aeturus.

1258 1211 1350 1253 Qod
1371 1209 1390 1239 si
1412 1209 1531 1252 negabit
1543 1211 1569 1240 se
1579 1211 1625 1240 illi
1635 1212 1725 1240 vitam
1737 1219 1907 1250 erepturum
1920 1230 1928 1243 ‚
1940 1210 1974 1240 <Sc
1984 1220 2090 1240 aurum
2100 1210 2216 1240 ablatu-

1259 1262 1328 1284 rum
1340 1273 1348 1286 ‚
1373 1261 1540 1292 numquam
1562 1252 1603 1282 ob
1619 1262 1683 1282 eam
1696 1252 1810 1282 causam
1821 1251 1940 1293 negabit
1952 1271 1960 1285 ,
1980 1250 2062 1292 quod
2074 1251 2103 1281 id
2115 1260 2217 1282 natura

1259 1303 1342 1334 turpe
1357 1294 1490 1333 judicet,
1511 1292 1559 1323 sed
1577 1293 1659 1334 quod
1682 1302 1813 1327 metuat,
1833 1303 1871 1323 ne
1890 1302 2029 1326 emanet,
2056 1292 2156 1325 idest,
2177 1301 2216 1322 ne

1261 1338 1377 1367 malum
1392 1335 1504 1365 habeat.
1528 1337 1555 1364 O
1564 1344 1628 1365 rem
1636 1335 1758 1375 dignam
1769 1355 1777 1369 ‚
1790 1339 1817 1354 ¹¹
1828 1337 1861 1364 in
1870 1344 1927 1375 qua
1936 1344 1998 1364 non
2010 1333 2105 1364 modo
2120 1332 2215 1367 ἀοᾶἰ,

1260 1377 1365 1408 verum
1377 1379 1468 1408 etiam
1487 1375 1611 1417 agrestes
1630 1377 1820 1407 erubescant!
1838 1377 1905 1418 Jarn
1920 1374 1990 1407 verb
2001 1376 2077 1406 illud
2088 1373 2219 1406 stultiffi-

1263 1430 1348 1450 mum
1362 1439 1370 1452 ,
1391 1427 1608 1449 exin-immae
1621 1427 1735 1448 omum
1751 1417 1831 1457 justa
1849 1416 1925 1451 ess'e,
1949 1427 2015 1458 quae
2037 1417 2105 1448 scita
2118 1415 2217 1447 sintin

1260 1462 1444 1502 populorum
1465 1459 1630 1493 institutis,
1650 1459 1832 1499 autlegibus.
1856 1461 2013 1492 Etiamne,
2034 1457 2128 1498 siquae
2137 1458 2220 1498 'leges

1262 1503 1317 1533 sint
1338 1510 1533 1541 tyrannorum
1549 1511 1560 1532 .²
1580 1500 1601 1530 fi
1620 1501 1740 1541 triginta
1759 1501 1805 1530 illi
1815 1502 1942 1530 Athenis
1961 1501 2040 1540 leges
2063 1496 2221 1540 imponere

1263 1540 1426 1573 voluifl'ent
1436 1545 1447 1571 ?
1458 1550 1507 1571 aut
1516 1561 1525 1574 ,
1534 1540 1554 1570 ss
1564 1551 1673 1572 omnes
1683 1541 1881 1571 Athenienses
1889 1540 2106 1571 deleEta'rentnr
2118 1550 2220 1580 tyran·

1264 1587 1339 1614 nicis
1349 1583 1463 1623 legibus
1475 1601 1483 1615 ‚
1496 1592 1571 1612 num
1582 1582 1748 1613 idcirco-hae
1758 1582 1836 1624 leges
1847 1601 1854 1615 ,
1864 1581 1950 1621 justae
1961 1582 2137 1612 haberentur
2149 1591 2159 1613 ,τ
2170 1583 2220 1611 ni·

1265 1626 1348 1658 hilo,
1366 1624 1476 1657 credo,
1498 1626 1593 1664 magis
1611 1624 1679 1657 illa,
1698 1633 1788 1664 quam
1808 1625 1941 1653 interrex
1958 1622 2057 1653 noster
2077 1623 2166 1655 tulit,
2187 1630 2219 1653 ut

1266 1706 1411 1737 occidere.
1433 1706 1476 1736 est
1492 1707 1576 1736 enim
1590 1715 1686 1735 unum
1696 1706 1744 1743 jus
1754 1724 1763 1738 ‚
1784 1715 1845 1745 quo
1853 1704 1992 1735 devincta
2000 1704 2043 1735 est
2057 1707 2221 1735 hominurn

1267 1749 1390 1778 societas
1401 1766 1410 1780 ,
1422 1747 1455 1776 &
1464 1747 1546 1787 quod
1556 1747 1604 1775 lex
1614 1746 1771 1776 constituit
1780 1755 1847 1776 una.
1871 1755 1936 1786 quae
1947 1746 1996 1776 lex
2007 1745 2051 1776 est
2060 1745 2139 1776 tedia
2147 1748 2222 1776 ratio

1271 1832 1350 1863 stus,
1369 1829 1426 1859 sive
1443 1829 1485 1860 est
1504 1831 1555 1859 illa
1575 1828 1675 1868 scripta
1695 1829 1808 1868 uspiam
1822 1848 1831 1863 ‚
1852 1827 1911 1859 five
1920 1829 2075 1869 nusquam.
2099 1827 2223 1870 defi

1268 1870 1399 1911 justitia,
1419 1870 1461 1901 est
1482 1871 1701 1911 obtemperatio
1719 1870 1832 1910 scriptis
1849 1870 1963 1910 legibus
1985 1889 1994 1904 ‚
2021 1869 2225 1910 institutisque

1269 1913 1452 1953 populorum
1465 1933 1474 1946 ‚
1496 1913 1528 1942 &
1538 1910 1558 1941 fi
1569 1933 1579 1946 ‚
1598 1921 1629 1942 ut
1647 1911 1741 1942 iidem
1760 1913 1866 1942 dicunt
1877 1931 1885 1945 ‚
1903 1911 2149 1941 urilirmomnia
2159 1921 2225 1941 rne-

1272 1998 1294 2025 is
1307 2016 1315 2029 ,
1339 1998 1393 2036 qui
1414 1994 1468 2025 sibi
1487 2005 1552 2026 eam
1573 2004 1636 2024 rem
1657 1994 1840 2025 iruehiosam
1858 1995 1974 2035 putabit
1990 1994 2065 2025 fore.
2087 1997 2131 2024 Ita
2151 1993 2182 2024 fit
2192 2002 2227 2025 ut

1272 2038 1355 2067 nulla
1374 2036 1407 2067 fit
1418 2035 1689 2076 omninbjustitia5
1709 2037 1727 2066 fi
1737 2046 1836 2077 neque
1846 2035 2000 2066 naturaest
2010 2056 2019 2070 ,
2042 2036 2075 2067 &
2085 2046 2118 2066 ea
2130 2045 2224 2077 ‚qux

1267 2088 1386 2119 propter
1399 2080 1558 2109 utilitatem
1570 2077 1773 2112 constituitur,
1787 2081 1815 2097 ¹²·
1826 2078 1955 2109 utilitate
1964 2079 2021 2108 alia
2031 2078 2223 2108 convellitur.

1270 2123 1363 2160 Atqui
1377 2140 1385 2154 ‚
1406 2119 1426 2150 fi
1437 2130 1539 2150 natura
1548 2119 1761 2150 confirmatura
1769 2120 1816 2159 jus
1828 2129 1891 2150 non
1901 2128 1970 2153 crit,
1984 2120 2108 2150 virtutes
2117 2128 2226 2149 ornnes

1270 2164 1422 2192 tollintur.
1454 2163 1506 2192 ubi
1526 2164 1609 2191 enim
1629 2161 1810 2195 liberalitas,
1841 2161 1894 2191 ubi
1912 2162 2012 2202 patriae
2030 2170 2151 2195 caritas,
2172 2160 2226 2190 ubi

1269 2205 1362 2244 pietas
1374 2224 1383 2238 ,
1396 2203 1447 2233 ubi
1457 2204 1589 2234 autbene
1604 2204 1739 2232 merendi
1750 2203 1787 2233 de
1796 2202 1888 2233 altero
1899 2222 1907 2236 ‚
1930 2212 1980 2233 aut
1990 2202 2152 2233 referendae
2161 2211 2228 2242 gra-

1272 2247 1320 2276 tiae
1338 2246 1479 2275 voluntas
1499 2247 1608 2286 poterit
1625 2243 1782 2274 exsistere?
1800 2254 1868 2274 nam
1886 2246 1948 2274 haec
1959 2244 2117 2274 nascuntur
2126 2253 2164 2273 ex
2176 2253 2224 2277 eo.

1273 2286 1353 2328 quod
1365 2295 1468 2316 natura
1474 2286 1596 2329 propensi
1601 2286 1701 2326 sumus
1709 2286 1747 2315 ad
1753 2286 1904 2326 diligendos
1913 2285 2051 2314 homines:
2064 2285 2148 2325 quod
2155 2283 2227 2314 fun-

1270 2331 1446 2359 damentum
1462 2332 1536 2367 juris
1549 2327 1609 2358 est:
1630 2338 1726 2368 neque
1746 2328 1844 2358 solum
1865 2330 1898 2356 in
1916 2329 2058 2356 homines
2072 2325 2226 2366 obsequia,

1270 2370 1321 2400 sed
1340 2372 1433 2400 etiarn
1455 2372 1487 2399 in
1506 2370 1578 2400 deos
1599 2371 1804 2401 caei·emonia:‚
1824 2367 2041 2409 religionesque
2062 2367 2227 2397 tolluntur:

1267 2421 1338 2451 quas
1348 2420 1412 2441 non
1424 2421 1506 2442 metu
1517 2432 1526 2446 ‚
1539 2410 1588 2440 sed
1600 2420 1632 2440 ea
1641 2408 1860 2450 conjuntffione
1870 2429 1878 2444 ‚
1892 2419 1959 2450 quae
1967 2410 2009 2439 est
2023 2409 2144 2438 homini
2154 2417 2228 2480 zum

2180 2459 2228 2484 CO,

1272 2577 1322 2604 ίὲιιη
1335 2578 1434 2614 resipit.
1445 2579 1570 2613 quoniam
1582 2578 1744 2613 praecesserat
1755 2586 1840 2613 poena.

1308 2614 1334 2640 8.
1355 2617 1418 2641 eAm
1427 2613 1629 2647 incauiipotius]
1650 2614 1692 2640 Sic
1703 2613 1770 2640 l’all.
1781 2614 1813 2640 fic
1823 2615 1849 2639 S'.
1861 2612 1933 2639 Vist.
1951 2621 1982 2640 ac
1992 2612 2070 2639 Fabr.
2090 2610 2230 2649 expreffit-

1273 2660 1324 2686 que
1335 2650 1419 2676 editio
1431 2650 1553 2677 x'ic'toni.
1573 2650 1631 2677 aliae
1641 2657 1667 2675 at
1680 2657 1775 2686 praeter
1785 2649 1909 2677 Lambini
1927 2658 1985 2685 quae
1996 2649 2042 2682 sed
2058 2651 2160 2675 incauti.
2178 2655 2227 2683 pro

1273 2686 1385 2713 arbitrio
1395 2684 1496 2713 scilicet
1508 2686 1563 2712 suo.
2127 2684 2132 2687 i

1307 2731 1324 2757 9
1358 2726 1420 2748 Nam
1429 2723 1488 2756 quid
1497 2724 1574 2756 finiet
1583 2722 1602 2747 ἱε-
1611 2723 1672 2748 homa
1689 2724 1716 2747 in
1724 2722 1850 2755 tenebris.]
1872 2720 1930 2747 Pal.
1942 2727 2029 2756 quai-t.
2047 2720 2068 2746 ie
2076 2728 2120 2744 mm
2129 2721 2155 2744 in
2164 2724 2228 2743 tene-

1273 2759 1332 2784 bris.
1351 2758 1469 2784 maceret
1479 2759 1563 2794 magis
1575 2758 1591 2784 fi
1612 2757 1772 2794 transpositis
1786 2757 1871 2784 verbis
1890 2756 1961 2783 foret
1972 2767 1978 2783 :
2000 2765 2056 2782 nam
2065 2755 2123 2789 qnid
2130 2755 2229 2788 nonsa-

1273 2797 1317 2820 τίει
1326 2797 1351 2820 a'n
1361 2795 1470 2820 tenebris.

1314 2839 1355 2856 io.
1376 2832 1444 2855 Facit
1452 2831 1481 2861 &a
1490 2830 1611 2863 metitum]
1631 2829 1674 2855 Sic
1685 2829 1790 2865 vulgata
1803 2838 1810 2860 ;
1822 2829 1960 2865 placetque
1970 2826 2102 2862 praesacier
2113 2824 2141 2855 όν
2150 2827 2231 2850 metie-

1275 2901 1353 2927 talciii
1367 2903 1508 2928 lectionem
1521 2909 1606 2928 natam
1626 2910 1659 2927 ex
1671 2901 1837 2927 librariorum
1858 2897 2032 2933 negligentia.
2053 2896 2129 2924 babet
2140 2904 2228 2924 tamen

1276 2937 1332 2963 Pal.
1343 2944 1407 2963 tert.
1421 2938 1484 2963 itciii
1496 2939 1524 2964 S.
1535 2937 1608 2963 Vici.
1619 2937 1645 2962 δε
1659 2935 1851 2969 Fabi·.saciet&
1863 2937 1991 2959 emetietmn

1315 2982 1324 2999 ι
1335 2982 1356 2999 i.
1374 2976 1403 2998 In
1412 2983 1461 3006 qua
1470 2984 1514 2999 non
1524 2974 1584 2999 modu
1595 2974 1655 2998 dots}
1665 2990 1672 3003 ,
1691 2971 1775 2996 ὐσν-ὴιη
1784 2970 1880 3003 etiam]
1903 2969 1972 2995 i'iSt.
1983 2969 2011 2994 ὅτ
2022 2970 2108 2995 Turn.
2121 2977 2172 2995 non
2184 2967 2232 2994 ha·

1273 3008 1424 3037 be11t‚illud
1442 3010 1536 3035 verbm.
1557 3009 1583 3034 &
1603 3014 1706 3042 poterat
1723 3004 1823 3032 abesse:
1846 3004 1888 3032 sed
1909 3006 1971 3033 cuni
1990 3004 2073 3031 fuerit
2092 3005 2118 3030 in
2137 3003 2231 3031 nostris

1276 3044 1411 3075 ominium,
1423 3054 1472 3071 non
1484 3044 1556 3070 aulus
1569 3042 1620 3068 sum
1632 3050 1766 3067 amovere.

1318 3089 1358 3106 ιι.
1383 3082 1488 3106 Utilitate
1497 3082 1547 3104 alia
1558 3078 1719 3110 convestitam]
1743 3076 1786 3103 Est
1797 3078 1811 3102 ii
1824 3076 1985 3105 l’iE‘toriaiia.
2007 3076 2103 3114 quippe
2114 3073 2232 3101 Turnebi

1275 3117 1329 3150 illa,
1340 3114 1473 3153 quomodo
1486 3113 1643 3149 &vulgat-1.
1656 3113 1714 3141 Pal.
1728 3120 1791 3141 tert.
1802 3114 1863 3148 ipsa.
1967 3131 1971 3134 .
2160 3145 2207 3181 τῃ

2126 3154 2151 3175 1·
2177 3154 2187 3169 ί
2207 3152 2239 3171 6·
