2301 3395
207 135 232 181 8

202 213 352 256 geniosior
368 215 403 246 nd
422 212 717 246 comminiscendum
729 232 737 245 ,
757 209 839 251 quod
850 209 979 248 denique
989 207 1061 247 saepe
1072 206 1154 239 scire,

205 266 256 287 aut
265 258 399 297 suspicari
410 255 496 298 poffit
506 277 513 290 ,
533 255 605 297 quid
615 252 750 295 quaesitor
760 252 835 280 velit
845 250 945 280 audire
959 259 964 278 2
982 247 1064 289 quod
1084 246 1155 277 cum

205 299 327 331 dixerit,
339 301 484 340 intelligat
492 297 544 327 sibi
554 296 646 326 finem
657 295 769 325 doloris
779 292 923 321 futurum.
948 293 1020 320 Haec
1030 289 1158 330 disputa-

206 342 250 370 tio
262 337 536 380 comprobabitur-,si
548 337 797 375 refellemus‚quae
808 335 840 362 in
850 331 1062 374 quaestionibus
1072 338 1159 360 erunt

208 381 288 411 dic‘ta
298 382 444 421 probabili
454 380 707 422 argumentatione
719 387 724 405 :
748 375 838 415 idque
856 373 986 414 partibus
1005 373 1073 410 conj
1078 371 1159 402 eitu-

206 433 257 455 rae,
268 433 338 463 quas
348 433 382 452 an
388 432 414 453 te
423 422 615 461 exposuimus
627 439 634 452 ‚
653 417 748 448 facete
757 416 914 456 oportebit.
947 414 994 444 Ab
1002 423 1161 455 argumen-

207 466 255 497 tis,
269 465 300 494 ὃς
311 463 409 505 signis,
422 465 452 494 Sc
462 464 564 493 ceteris
576 461 656 493 locis,
669 459 777 500 quibus
786 467 907 498 augetur
916 456 1041 496 suspicio
1052 475 1060 489 ,
1081 455 1161 484 dice-

209 515 240 534 re
251 525 258 539 ,
272 506 329 535 hoc
340 505 432 535 modo
441 505 584 534 convenit
596 513 601 531 ;
620 501 684 530 cum
694 500 786 529 multa
797 505 960 527 concurrant
973 505 1158 539 argumenta,

208 546 241 576 &
254 544 340 586 signa,
352 557 416 587 quac
429 548 504 575 inter
514 545 541 574 se
551 543 747 575 consentiant,
759 550 821 570 rem
833 540 1027 580 perspicuam,
1040 548 1102 568 non
1115 538 1160 567 su—

208 588 361 626 spiciosam
372 588 467 617 videri
477 594 621 626 oportere.
644 586 716 614 item
727 583 793 623 plus
802 590 937 621 oportere
946 579 1032 621 signis
1045 600 1053 613 ‚
1075 579 1107 609 8<
1117 589 1161 608 ar-

207 631 359 669 gumentis
370 628 460 661 credi,
472 627 562 668 quam
573 625 702 656 testibus.
724 626 785 654 haec
795 624 879 652 enirn
897 626 905 641 ¹
917 632 953 652 eo
964 621 1058 651 modo
1067 630 1161 660 expo·

205 672 240 699 ni
253 689 261 703 ,
281 680 341 710 quo
350 680 380 700 re
391 679 458 700 veta
468 668 524 699 sint
533 667 611 710 gesta
623 678 628 696 :
647 665 744 696 testeis
754 666 904 703 corrumpi
915 662 995 703 posse
1004 664 1051 692 vel
1061 670 1159 703 pretio,

208 712 256 741 vel
265 714 355 751 gratia
364 732 372 745 ,
385 712 433 741 vel
444 719 526 740 metu
537 730 544 743 ‚
564 709 613 739 vel
623 707 776 738 simultate.
799 708 909 735 Contra
916 713 1087 745 argumenta
1096 723 1106 736 ,
1127 703 1160 733 δε

210 751 298 792 signa,
311 753 343 782 δε
353 761 460 783 ceteras
472 752 652 791 suspictones
660 749 795 779 dicemus
806 749 864 777 hoc
875 746 967 776 modo
980 757 984 774 :
999 744 1017 775 si
1031 745 1158 775 demon-

211 793 369 825 strabimus
380 814 388 828 ,
408 794 523 823 nullam
533 803 597 822 rem
608 790 666 821 ess‘e
677 810 685 824 ,
696 800 785 831 quam
796 798 859 818 non
869 787 1083 827 suspicionibus
1094 788 1162 826 qui-

211 837 256 865 vis
275 834 361 876 poffit
370 837 539 865 criminari:
562 832 671 863 deinde
681 852 688 865 ,
708 839 950 871 unamquamque
961 829 1160 868 suspicionem

208 877 439 907 eXtenuabimus
450 897 457 909 ,
470 876 501 906 δε
513 875 649 905 dabimus
660 883 789 913 operam,
802 870 1032 901 utostendamus
1043 889 1050 902 ‚
1065 869 1162 898 nihilo

212 921 307 960 magis
327 920 359 948 in
378 928 433 948 nos
450 928 515 947 eam
528 937 534 949 2
555 920 643 957 quam
656 917 687 944 in
697 915 789 944 alium
799 914 970 955 quempiam
982 912 1144 940 convenire
1157 921 1162 938 2

211 963 225 979 ²
237 960 396 1001 indignum
407 958 463 989 effi·
473 958 586 988 facinus
597 977 604 990 ‚
629 955 688 985 sine
707 954 828 985 testibus
849 952 1051 988 conjecti-tiam
1064 971 1072 985 ‚
1106 955 1116 978 3
1130 952 1162 981 δε

174 1009 192 1041 g
213 1002 411 1041 suspicionem
425 1000 605 1029 firmamenti
616 998 680 1027 satis
691 996 805 1026 habere.
850 998 875 1024 A
893 993 1064 1024 rumoribus
1082 993 1164 1022 dice-

212 1052 280 1072 mus
293 1053 298 1070 1
317 1041 337 1071 si
347 1042 523 1083 negabimus
534 1038 762 1077 temerejiimam
772 1037 848 1066 nasci
860 1036 951 1065 solere
964 1055 970 1068 ,
991 1037 1065 1075 quin
1076 1032 1162 1064 subsit

210 1083 323 1124 aliquid
336 1094 340 1112 :
363 1083 395 1113 &
414 1081 434 1112 si
455 1083 589 1112 dicemus
600 1081 713 1109 causam
724 1088 786 1108 non
796 1075 882 1107 suifi'e
893 1097 900 1110 ‚
921 1087 1007 1116 quare
1015 1076 1161 1116 quispiam

210 1124 395 1166 confingeret
405 1144 412 1158 ,
434 1124 465 1153 &
475 1122 758 1153 comminisceretur.
782 1123 819 1149 Et
826 1127 962 1158 praeterea
972 1117 992 1147 fi
1003 1120 1091 1146 ceteri
1101 1115 1163 1146 falsi

209 1167 323 1197 soleant
332 1165 400 1199 effe,
411 1163 683 1206 argumentabimur
692 1163 772 1191 hunc
780 1159 839 1190 ess'e
848 1169 963 1190 verum.
996 1161 1105 1188 Contra
1116 1167 1165 1187 ru-

211 1218 312 1238 mores
329 1208 466 1237 dicemus
485 1204 618 1245 primum
631 1224 639 1237 ,
668 1202 688 1232 si
698 1202 873 1232 docebimus
885 1201 997 1229 multos
1008 1198 1064 1228 effe
1076 1199 1164 1228 falsos

211 1259 348 1279 rumores
359 1269 367 1282 ‚
388 1249 421 1278 &
430 1248 577 1286 exemplis
589 1254 717 1276 utemur,
730 1243 765 1273 de
774 1242 881 1283 quibus
892 1241 960 1271 falsa
970 1241 1048 1270 sama
1057 1239 1164 1270 fuerit:

213 1291 246 1321 δ(
259 1299 308 1320 aut
316 1292 458 1319 inimicos
468 1289 584 1318 nostros
596 1307 603 1319 ‚
616 1296 665 1316 aut
673 1287 815 1316 homines
824 1292 925 1313 natura
935 1282 1099 1312 malevolos
1111 1301 1118 1314 ‚
1132 1281 1164 1310 δε

213 1332 378 1362 maledicos
397 1329 575 1360 confinxisse
594 1329 729 1358 dicemus
743 1337 748 1355 2
768 1327 800 1356 &
810 1334 860 1355 aut
868 1325 998 1365 aliquam
1011 1323 1111 1352 fidiam
1122 1322 1165 1352 fa-

211 1373 315 1403 hulam
334 1375 366 1402 in
384 1372 560 1402 adverfiirios
579 1369 737 1400 afferemus
748 1387 756 1401 ‚
778 1373 867 1407 quam
878 1366 1011 1395 dicamus
1022 1364 1165 1394 omnibus

213 1415 308 1444 inore
318 1413 374 1443 effe
388 1424 392 1442 :
414 1422 576 1443 autverum
587 1420 740 1441 tumorem
752 1408 936 1448 proferemus
946 1427 954 1440 ,
978 1408 1030 1447 qui
1041 1407 1100 1435 illis
1111 1405 1165 1435 ali-

211 1456 283 1497 quid
295 1454 486 1495 turpitudinis
497 1453 597 1484 afferat
606 1473 613 1485 ,
628 1461 723 1492 neque
735 1460 834 1480 tamen
845 1451 871 1478 ei
882 1452 995 1478 rumori
1006 1458 1061 1478 nos
1072 1446 1163 1476 fidem

210 1497 318 1527 habere
330 1497 464 1526 dicemus
476 1508 484 1529 3
505 1495 572 1525 ideo
583 1493 663 1535 qu'od
674 1494 766 1534 quivu
775 1494 852 1520 homo
863 1488 948 1530 poffit
957 1491 1094 1530 quemvis
1105 1497 1166 1518 tur-

211 1549 282 1578 pem
294 1538 330 1568 de
340 1537 474 1578 quolibet
483 1546 636 1566 rumorem
647 1533 774 1574 proferre
787 1554 794 1565 ,
820 1533 851 1562 &
863 1530 1022 1562 confidtam
1032 1530 1164 1560 fabulam

213 1578 355 1619 dillipare.
378 1582 582 1608 Veruntamen
592 1576 613 1606 si
623 1585 724 1606 rumor
734 1576 929 1604 vehementer
936 1572 1096 1612 probabilis
1107 1570 1165 1601 esse

213 1622 364 1651 videbitur
374 1641 382 1654 ,
403 1619 637 1659 argumentando
646 1617 731 1647 famae
743 1615 833 1645 fidem
843 1617 1007 1654 poterimus
1016 1613 1163 1654 abrogare.

213 1661 304 1703 Qod
326 1662 358 1692 &
376 1661 558 1691 difficillima
576 1658 697 1690 transtatu
707 1657 748 1688 est
759 1656 932 1688 constitutio
943 1654 1163 1694 conjeRtualis‚

213 1704 248 1734 &
266 1706 299 1733 in
317 1705 394 1733 veris
412 1701 501 1733 causis
520 1699 671 1741 stcpiffime‘:
689 1699 836 1729 tractanda
853 1697 896 1728 est
905 1718 912 1731 ,
938 1707 974 1727 eo
992 1695 1166 1737 diligentius

213 1747 334 1776 omneis
344 1745 407 1784 ejus
417 1746 522 1784 parteis
531 1743 697 1783 perscrutati
707 1742 724 1771 s
721 1750 808 1770 umus
819 1752 827 1774 3
850 1749 882 1769 ut
900 1749 938 1769 ne
956 1740 1075 1778 parvula
1097 1740 1164 1779 qui-

214 1787 285 1817 dem
295 1786 473 1816 titubatione
484 1805 491 1819 ,
511 1794 560 1815 aut
568 1782 733 1814 offensione
743 1781 974 1821 impediremur,
997 1779 1017 1809 si
1034 1780 1069 1810 ad
1089 1781 1165 1809 hanc

211 1830 359 1859 rationem
370 1828 574 1867 praeceptionis
585 1846 592 1860 ,
616 1823 808 1855 assiduitatem
817 1823 1036 1852 exercitationis
1045 1831 1165 1851 accom—

212 1870 414 1900 modaremus.
427 1871 518 1898 Nunc
527 1868 561 1897 ad
572 1868 713 1908 legitimae
722 1864 944 1895 constitutionis
955 1865 1058 1903 parteis
1068 1871 1162 1892 trans-

216 1921 328 1943 eamus.
392 1913 469 1940 CUM
492 1910 629 1939 voluntas
647 1909 796 1947 scriptoris
814 1916 885 1935 curn
905 1905 1011 1944 scripto
1028 1902 1162 1934 diffidere

212 1952 363 1983 videbitur
374 1972 382 1985 ,
405 1950 425 1981 si
435 1952 449 1980 a
461 1951 567 1990 scripto
576 1950 712 1981 dicemus
724 1952 743 1974 4
752 1949 797 1977 his
808 1948 882 1977 locis
892 1956 1011 1976 utemur
1021 1965 1030 1979 ,
1059 1946 1163 1976 secun—

213 1994 286 2024 dum
298 1995 496 2023 narrationem
510 2003 514 2020 ;
526 1989 662 2023 Primum
673 1990 819 2029 scriptoris
829 1987 1048 2018 collaudatione
1060 1998 1065 2015 z
1077 1986 1163 2017 dein-

212 2036 249 2066 de
260 2035 358 2074 scripti
366 2035 539 2064 recitatione
551 2044 556 2061 ·.
575 2031 684 2063 deinde
693 2029 947 2071 pereundatione,
958 2030 1103 2059 scirentne
1113 2028 1164 2058 ad-

210 2076 332 2106 versarii
342 2075 372 2105 id
383 2076 524 2114 scriptum
534 2072 620 2103 fuisse
629 2075 662 2104 in
671 2074 745 2113 lege,
757 2074 847 2101 autin
858 2070 1033 2101 testamento
1043 2090 1051 2104 ‚
1071 2079 1121 2099 aut
1129 2072 1162 2099 in

213 2117 403 2157 stipulatione
415 2136 423 2149 ,
443 2117 533 2145 autin
542 2113 675 2155 quolibet
686 2114 792 2152 scripto
803 2132 810 2145 ,
823 2113 904 2152 quod
914 2112 949 2141 ad
960 2112 1085 2140 eandem
1097 2120 1161 2139 rem

211 2160 355 2199 pertineat
367 2168 371 2185 ;
383 2156 502 2186 Deinde
511 2156 681 2187 collatione,
693 2154 764 2194 quid
775 2153 915 2192 scriptum
926 2151 968 2184 sit,
979 2151 1050 2192 quid
1060 2151 1163 2180 adver-

213 2201 278 2230 sarii
291 2200 318 2229 se
329 2197 430 2228 fecilse
440 2197 538 2227 dicant
549 2208 554 2225 ;
566 2195 780 2237 quidjudicem
790 2195 869 2234 sequi
880 2195 1049 2225 conveniat,
1061 2200 1161 2221 utrum

215 2241 256 2274 id,
268 2240 348 2280 quod
359 2240 517 2279 diligenter
525 2238 718 2277 perscriptum
729 2234 772 2268 sit,
783 2245 820 2265 an
830 2234 871 2267 id,
883 2234 962 2274 quod
974 2234 1056 2263 acute
1067 2231 1100 2262 sit
1110 2243 1163 2263 ex-

214 2291 376 2322 cogitatum
389 2291 393 2309 :
405 2279 513 2310 deinde
522 2290 556 2309 ea
567 2279 718 2310 sententia,
730 2287 794 2317 quae
804 2276 839 2305 ab
848 2275 1017 2306 adversariis
1028 2273 1061 2303 sit
1070 2283 1163 2303 exco-

212 2332 302 2364 gitata
313 2343 320 2355 ‚
342 2322 374 2351 δε
385 2322 489 2360 scripto
498 2320 635 2350 attributa
645 2339 652 2352 ‚
672 2326 881 2348 contemnetur
891 2337 898 2350 ‚
912 2317 943 2347 &
955 2315 1161 2345 infirmabitur.

215 2364 335 2396 Deinde
343 2372 502 2404 quaeretur,
526 2361 598 2403 quid
608 2358 790 2392 eiobfuerit,
815 2362 827 2385 5
838 2357 858 2387 si
868 2358 897 2388 id
911 2355 1049 2387 voluiss'et
1057 2356 1165 2386 adscri-

212 2407 283 2437 bere
293 2426 301 2439 ‚
321 2414 397 2435 num
408 2413 470 2433 non
479 2401 770 2443 potueritpraescribi.
793 2399 912 2429 Deinde
923 2398 938 2428 a
948 2398 1036 2429 nobis
1047 2398 1165 2427 senten-

212 2449 255 2478 tia
263 2449 440 2487 reperietur,
461 2442 772 2484 &causapi-oferetur,
801 2451 889 2481 quare
899 2440 928 2470 id
938 2441 1060 2479 scriptor
1069 2439 1165 2468 sense-

214 2492 253 2519 rit
265 2509 272 2522 ,
283 2488 363 2529 quod
373 2484 549 2527 peiscripsit:
570 2485 602 2514 ὅ(
613 2485 647 2514 de
653 2482 864 2514 monstrabitur
873 2482 1013 2521 scriptum
1024 2480 1098 2510 illud
1109 2478 1165 2509 ess'e

215 2529 347 2560 dilucide
359 2549 366 2561 ,
379 2529 505 2558 breviter
514 2547 522 2560 ,
533 2525 696 2557 commode
709 2545 716 2558 ‚
726 2523 867 2564 perfeett‘a
877 2532 952 2552 certa
961 2523 1164 2554 cumratione.

215 2571 337 2602 Deinde
346 2569 487 2609 exempla
496 2570 682 2608 prolerentur
691 2587 700 2601 ,
712 2576 777 2607 quae
787 2575 831 2595 res
842 2584 851 2599 ,
871 2563 941 2597 cum
952 2564 987 2593 ab
996 2563 1166 2593 adversariis

255 2683 277 2700 1.
297 2677 330 2698 Eo
339 2673 399 2698 modo
407 2674 488 2704 exponi
496 2681 538 2704 quo
549 2680 571 2695 re
580 2679 640 2695 'vera
650 2672 697 2703 sint
710 2670 799 2702 gesta]
819 2669 861 2694 Sic
872 2668 939 2694 Pali.
950 2666 1072 2692 meliores
1085 2684 1092 2697 ,
1113 2664 1164 2690 linc

215 2709 373 2746 repetitione
384 2708 453 2733 vocis
464 2707 524 2731 morso
535 2715 591 2742 qum
601 2713 675 2732 extat
685 2706 710 2731 in
722 2706 795 2730 retro
806 2703 895 2731 editis.

1183 2680 1187 2722 l

615 133 696 178 An
729 130 1150 179 HERENNIUM,
1189 125 1383 171 Lrnssn
1417 114 1759 169 Securum&

1206 205 1348 236 sententia
1357 202 1528 233 redderetur
1537 221 1546 235 ‚
1559 200 1591 232 δε
1601 199 1737 230 voluntas
1747 193 1907 230 afferretur,
1918 194 1934 227 ὲ
1945 194 2052 236 scripto
2061 191 2161 237 potius

1204 246 1339 286 judicatae
1357 243 1430 275 sint:
1453 243 1572 274 Deinde
1583 240 1753 272 ostendetur
1762 258 1770 271 ‚
1792 238 1882 279 quam
1891 238 2093 278 periculosum
2103 235 2137 266 sit
2146 236 2163 267 ὶ

1205 289 1312 328 scripto
1329 285 1474 316 recedere.
1506 287 1604 315 Locus
1622 282 1795 313 communis
1814 278 1858 309 est
1876 289 1977 310 contra
1987 289 2056 309 eum
2069 299 2077 313 ,
2097 279 2160 320 qui,

1205 328 1276 360 cum
1287 327 1408 358 fateatur
1419 347 1428 361 ‚
1441 327 1469 357 se
1478 335 1579 356 contra
1589 325 1619 354 id
1631 344 1639 357 ,
1659 322 1740 364 quod
1751 321 1864 363 legibus
1876 321 2020 351 sancitum
2030 341 2038 355 ‚
2059 329 2109 350 aut
2118 328 2163 349 te-

1206 370 1353 400 stamento
1363 370 1556 409 perscriptum
1568 365 1610 399 sit,
1623 363 1720 395 feciss'e
1733 383 1741 397 ,
1752 372 1853 393 tamen
1861 361 1932 392 faoi
1941 371 2049 403 quaerat
2057 361 2162 392 defen-

1208 411 1331 442 sionem.
1374 413 1413 438 -A
1428 409 1567 449 sententia
1585 406 1623 436 sic
1640 406 1783 436 dicemus.
1815 402 1951 434 Primum
1972 404 2159 434 laudabimus

1208 454 1352 492 scriptoris
1361 450 1608 481 commoditatem
1621 468 1629 481 ,
1648 455 1732 487 atque
1744 447 1917 476 brevitatem
1930 465 1939 479 ,
1949 444 2030 486 quod
2041 445 2159 476 tantum

1208 495 1351 533 scripserit
1361 513 1369 526 ,
1381 492 1460 533 quod
1473 489 1584 521 necess‘e
1595 490 1684 519 suerit
1696 499 1700 516 :
1720 487 1795 517 illud
1805 507 1813 520 ‚
1834 486 1915 527 quod
1925 485 1984 516 fine
1996 487 2103 526 scripto
2113 489 2161 516 in-

1208 536 1301 576 telligi
1312 536 1515 574 potuerit‚non
1526 529 1685 561 necessario
1698 528 1890 559 scribendum
1900 530 2016 567 putarit.
2039 528 2161 558 Deinde

1207 577 1340 606 dicemus
1353 575 1576 605 calumniatoris
1587 570 1644 601 esse
1655 569 1791 600 officium
1803 589 1812 603 ,
1832 569 1921 599 verba
1939 570 1972 599 &
1990 571 2098 599 litteras
2118 571 2162 600 se-

1206 621 1275 659 qui,
1297 618 1442 658 negligere
1454 615 1649 644 voluntatem.
1674 610 1794 642 Deinde
1805 611 1834 640 id
1846 631 1853 644 ‚
1874 611 1955 651 quod
1965 612 2104 651 scriptum
2116 609 2159 644 sit,

1206 669 1255 689 aut
1265 669 1327 689 non
1337 655 1416 698 posse
1431 656 1492 686 fieri
1505 677 1512 690 ‚
1534 665 1583 685 aut
1592 664 1655 684 non
1666 655 1728 694 lege
1739 674 1747 687 ‚
1769 662 1832 683 non
1843 662 1927 682 more
1937 672 1946 686 ‚
1974 663 2038 682 non
2048 662 2160 686 natura.

1205 700 1220 721 ⁶
1231 711 1294 730 non
1311 710 1397 740 aequo
1409 699 1440 728 ὃς
1451 699 1533 737 bono
1542 695 1622 737 posse
1633 694 1695 725 fieri
1709 706 1713 723 :
1736 704 1800 735 quae
1812 695 1917 724 omnia
1926 695 2097 734 scriptorem
2106 704 2163 724 vo-

1207 741 1291 772 luisse
1302 751 1391 781 quam
1403 738 1562 770 reffiffime
1574 737 1636 767 fieri
1647 746 1739 767 nemo
1749 736 1881 765 dubitet:
1904 744 1932 765 at
1942 745 1975 765 ea
1985 755 1992 768 ,
2005 746 2069 776 quae
2078 738 2093 765 a
2104 746 2162 766 no·-

1207 784 1252 813 bis
1262 782 1337 812 faeta
1346 781 1401 811 sint
1412 802 1420 815 ,
1442 779 1596 817 justiffime
1616 778 1700 808 fafita.
1724 777 1845 807 Deinde
1855 779 2032 806 contrariam
2043 778 2162 807 senten-

1207 827 1277 854 tiam
1289 833 1336 854 aut
1346 823 1460 852 nullam
1470 821 1590 855 ess'e,aut
1600 819 1783 852 stuitam,aut
1793 817 1998 857 injustam,aut
2007 828 2069 848 non
2078 817 2163 859 poss‘e

1209 865 1335 899 fieri,aut
1345 874 1409 894 non
1418 863 1550 893 constare
1559 871 1629 892 cum
1641 860 1839 901 superioribus
1852 860 1883 889 &
1894 859 2086 890 interioribus
2096 860 2163 890 sen-

1208 909 1319 940 tentiis,
1331 914 1380 936 aut
1390 915 1459 935 cum
1467 905 1531 944 jure
1542 904 1699 934 communi
1714 922 1722 935 ,
1742 910 1790 931 aut
1799 912 1869 931 cum
1878 902 1943 931 aliis
1953 901 2066 942 legibus
2076 911 2163 931 com-

1210 948 1363 980 munibus,
1375 955 1424 976 aut
1433 956 1502 976 cum
1513 946 1598 975 rebus
1610 944 1744 981 judicatis
1753 942 1914 972 diss'entire.
1930 942 2046 973 Deinde
2057 952 2163 972 exem-

1207 990 1325 1029 plorum
1337 989 1352 1019 a
1361 989 1514 1018 voluntate
1526 1007 1533 1020 ,
1552 986 1583 1016 ὃς
1593 991 1608 1013 7
1617 994 1719 1015 contra
1729 985 1868 1024 scriptum
1876 984 2077 1024 judicatorum
2088 990 2164 1016 enan

1210 1032 1373 1060 meratione
1384 1039 1519 1059 utemur:
1539 1027 1648 1057 deinde
1667 1027 1767 1067 legum
1788 1027 1820 1055 &
1831 1025 2058 1065 stipulationum
2072 1022 2086 1045 3
2098 1026 2163 1055 bre·-

1210 1074 1285 1101 viter
1302 1080 1504 1110 exemptarum
1515 1090 1523 1103 ,
1545 1072 1577 1098 in
1596 1068 1702 1109 quibus
1721 1068 1903 1108 intelligatur
1921 1068 2096 1107 scriptorum
2110 1077 2164 1097 vo-

1210 1114 1305 1142 luntas
1317 1113 1349 1142 &
1359 1110 1513 1151 expositio.
1536 1112 1633 1140 Locus
1643 1111 1816 1139 communis
1828 1117 1930 1139 contra
1939 1119 2020 1142 eum,
2031 1111 2083 1150 qui
2095 1110 2164 1139 scri-

1209 1164 1294 1194 ptum
1305 1155 1407 1183 recitet
1416 1173 1424 1186 ,
1445 1153 1478 1182 &
1496 1153 1643 1190 scriPtoris
1659 1150 1853 1180 voluntatem·
1864 1160 1928 1180 non
1946 1152 2161 1190 interpretetur.

1211 1195 1281 1224 Cum
1299 1195 1355 1223 dux
1372 1195 1441 1234 leges
1460 1195 1532 1222 inter
1549 1193 1577 1222 se
1588 1192 1768 1230 discrepant,
1788 1191 1954 1221 videndum
1965 1191 2007 1221 est
2014 1190 2161 1231 primum,

1211 1246 1285 1266 num
1298 1246 1355 1276 qua
1365 1236 1520 1276 obi-rigatio
1532 1254 1540 1267 ‚
1560 1242 1610 1263 aut
1619 1233 1769 1274 derogatio
1779 1231 1819 1262 su:
1843 1233 1963 1262 Deinde
1973 1232 2074 1262 utrum
2085 1234 2164 1273 leges

1210 1280 1248 1307 ita
1259 1277 1441 1309 diss'entiant,
1453 1285 1484 1305 ut
1493 1276 1579 1306 altera
1586 1275 1696 1315 jubeat,
1707 1274 1795 1304 alteia
1802 1282 1896 1304 vetet:
1917 1284 1955 1304 an
1965 1276 2005 1304 ita
2015 1295 2023 1307 ,
2036 1284 2069 1304 ut
2076 1276 2166 1305 altera

1210 1328 1304 1359 cogat,
1315 1319 1402 1348 altera
1411 1319 1567 1357 permittat.
1591 1315 1714 1346 Infirma
1724 1317 1806 1345 enim
1816 1317 1872 1345 erit
1881 1315 1944 1354 ejus
1956 1314 2099 1349 defensio,
2111 1318 2164 1357 qui

1211 1360 1330 1401 negabit
1343 1364 1358 1386 9
1370 1360 1397 1390 se
1407 1357 1506 1389 feciss‘e
1517 1358 1597 1399 quod
1607 1365 1760 1398 cogeretur
1769 1377 1777 1390 ,
1800 1355 1872 1386 curn
1882 1357 1970 1387 altera
1981 1358 2029 1387 lex
2037 1360 2165 1398 permit-

1211 1410 1293 1432 teret.
1326 1405 1409 1432 PLus
1429 1404 1511 1430 enim
1523 1400 1602 1430 valet
1611 1398 1723 1429 {huetio
1733 1396 1931 1438 permistione.
1964 1401 2040 1428 Item
2050 1399 2102 1428 illa
2110 1398 2164 1429 de-

1210 1441 1305 1473 fensio
1324 1445 1421 1473 tenuis
1441 1441 1483 1472 est
1493 1463 1501 1475 ‚
1523 1440 1593 1471 curn
1605 1439 1809 1470 ostenditurid
1819 1439 1932 1469 fafitum
1942 1439 2000 1470 effe
2011 1460 2019 1473 ‚
2039 1441 2118 1481 quod
2131 1450 2165 1470 ea

1212 1485 1261 1514 lex
1272 1485 1388 1518 sanciat,
1400 1486 1447 1514 cui
1458 1484 1516 1525 legi
1526 1483 1712 1523 obrogatum,
1723 1482 1772 1511 vel
1783 1481 1956 1522 derogatum
1966 1480 2000 1511 sit
2010 1483 2067 1514 tid,
2079 1482 2162 1523 quod

1209 1526 1367 1566 posteriori
1377 1527 1440 1567 lege
1452 1526 1595 1555 sancitum
1606 1522 1709 1557 sit‚ess‘e
1720 1522 1900 1564 neglefikum.
1913 1521 1991 1553 Cum
2002 1524 2065 1553 haec
2075 1531 2163 1553 erunt

1209 1566 1389 1598 considerata
1398 1587 1407 1601 ‚
1429 1566 1527 1597 statim
1545 1565 1651 1595 nostra:
1672 1565 1744 1606 Iegis
1753 1562 1936 1604 expositione
1947 1585 1955 1598 ,
1978 1567 2161 1599 recitatione,

1210 1609 1430 1640 collaudatione
1441 1617 1568 1638 utemur.
1587 1607 1708 1636 Deinde
1718 1607 1870 1636 contrariae
1880 1606 1952 1647 legis
1961 1606 2162 1636 enodabimus

1209 1652 1395 1681 voluntatem
1408 1670 1416 1683 ‚
1437 1651 1470 1680 ὃς
1488 1659 1555 1679 eam
1575 1649 1723 1678 trahemus
1741 1647 1777 1677 ad
1795 1647 1902 1677 nostrae
1918 1648 2010 1678 causae
2019 1657 2162 1678 commo-

1210 1692 1294 1722 dum.
1308 1692 1429 1721 Deinde
1439 1691 1476 1721 de
1482 1690 1644 1730 juridiciali
1653 1689 1785 1720 absoluta
1795 1689 1948 1719 sumemus
1958 1691 2105 1719 rationem
2112 1689 2162 1729 ju-

1207 1735 1256 1767 ris,
1270 1734 1303 1764 δε
1311 1743 1477 1774 quaeremus
1508 1740 1599 1762 artem
1608 1732 1694 1771 juris,
1705 1728 1807 1760 utrum
1817 1741 1886 1760 cum
1899 1741 1930 1760 ea
1938 1730 2039 1760 faciat:
2059 1730 2096 1760 de
2106 1740 2163 1771 qua

1207 1784 1285 1815 parte
1294 1773 1440 1815 posterius
1450 1774 1480 1804 di
1506 1772 1635 1803 ‘eremus-
1665 1775 1695 1791 ¹0
1704 1775 1737 1802 St
1751 1781 1942 1802 AMBIGUUM
1953 1771 1996 1801 est
2006 1772 2158 1811 scriptum,

1209 1826 1241 1846 ut
1250 1826 1320 1856 puta
1327 1815 1407 1856 quod
1419 1818 1452 1845 in
1462 1815 1543 1848 duas,
1554 1823 1603 1844 aut
1612 1814 1722 1854 plureis
1732 1813 1890 1843 sententias
1901 1813 1975 1842 trahi
1985 1812 2071 1853 poffit
2081 1833 2090 1847 ,
2101 1814 2160 1844 hoc

1208 1857 1303 1888 modo
1314 1857 1499 1888 metandum
1510 1855 1560 1886 est.
1583 1853 1718 1895 primum
1729 1874 1737 1888 ‚
1748 1852 1820 1884 fitne
1828 1853 1996 1895 ambiguum
2005 1875 2013 1888 ,
2026 1865 2161 1896 quatren-

1208 1899 1282 1929 dum
1292 1898 1344 1929 est.
1366 1898 1497 1931 Deinde,
1508 1896 1663 1938 quomodo
1674 1897 1814 1935 scriptum
1825 1895 1896 1925 ess'et
1905 1916 1913 1930 ‚
1924 1894 1945 1925 si
1956 1896 1986 1926 id
1997 1916 2006 1930 ,
2017 1897 2097 1937 quod
2108 1897 2160 1927 ad-

1207 1941 1325 1971 versarii
1335 1943 1569 1980 interpretantur,
1582 1939 1703 1978 sciiptor
1712 1938 1776 1967 heri
1786 1936 2159 1971 voluiss'et,ostendendum

1207 1982 1258 2012 est.
1281 1981 1402 2012 Deinde
1412 1982 1440 2011 id
1452 2001 1460 2015 ,
1473 1980 1553 2022 quod
1563 1990 1618 2009 nos
1628 1982 1855 2019 inteipretemur
1865 1999 1872 2012 ,
1885 1979 1917 2009 &
1929 1978 1992 2009 fieri
2001 1978 2083 2019 pofl'e
2092 2000 2102 2013 ,
2125 1980 2160 2011 δε

1207 2022 1437 2057 honeste,re&e‚
1448 2023 1522 2064 lege,
1533 2032 1628 2054 more,
1640 2030 1752 2054 natum,
1763 2020 1845 2050 bono
1856 2021 1888 2050 ὃς
1897 2030 1982 2061 aequo
1994 2021 2057 2050 fieri
2065 2020 2159 2060 posse,

1206 2065 1286 2105 quod
1296 2065 1451 2095 adversarii
1461 2066 1688 2102 interpretentur
1698 2081 1707 2095 ‚
1719 2061 1736 2091 ἐ
1745 2063 1893 2091 contrario
1905 2072 1911 2091 2
1930 2071 1986 2092 nec
1994 2060 2052 2091 esse
2062 2063 2161 2092 ambi-

1206 2106 1264 2146 gue
1274 2107 1425 2145 scriptum,
1436 2104 1508 2134 cum
1519 2104 1709 2143 intelligatur,
1722 2111 1784 2131 utra
1795 2103 1940 2133 sententia
1947 2113 2015 2133 vera
2024 2102 2065 2133 fit.
2085 2107 2161 2134 Sunt

1207 2149 1259 2187 qui
1285 2147 1461 2176 arbitrantur
1487 2144 1522 2174 ad
1540 2146 1616 2174 hanc
1633 2146 1748 2174 caulam
1767 2144 1948 2174 traetandam
1965 2146 2162 2176 vehementer

1206 2189 1350 2228 pertinere
1360 2188 1565 2228 cognitionem
1577 2184 1811 2227 amplizboltarum
1819 2196 1886 2220 eain
1896 2206 1903 2219 ‚
1923 2196 1987 2226 quae
1997 2186 2012 2216 ἐι
2022 2186 2158 2217 dialeffl-

1205 2231 1246 2258 cis
1258 2228 1412 2268 profertur.
1437 2230 1503 2257 Nos
1513 2225 1585 2256 velo
1595 2229 1768 2256 arbitramur
1780 2247 1787 2261 ,
1799 2238 1861 2257 non
1873 2227 1967 2257 modo
1978 2229 2064 2258 nullo
2073 2229 2157 2268 adju-

1207 2279 1312 2300 mento
1331 2269 1388 2299 ess‘e
1399 2289 1408 2302 ‚
1437 2269 1484 2298 sed
1505 2271 1603 2308 potius
1621 2278 1760 2298 maximo
1777 2269 2006 2308 impedimento.
2037 2272 2159 2301 omneis

1207 2312 1291 2340 enim
1302 2311 1347 2340 illi
1357 2310 1554 2350 ampliibolias
1563 2319 1761 2349 aucupantur,
1777 2321 1823 2339 eas
1832 2313 1921 2340 etiarn
1935 2331 1942 2344 ‚
1953 2321 2017 2351 quae
2029 2315 2055 2331 ¹¹
2068 2322 2105 2341 ex
2115 2311 2158 2341 al-

1208 2361 1266 2382 tera
1275 2361 1354 2392 parte
1364 2352 1537 2381 sententiam
1550 2352 1663 2380 nullam
1675 2350 1794 2391 possunt
1803 2354 1994 2392 interpretari.
2014 2355 2114 2394 Itaque
2125 2353 2158 2383 8:

1208 2394 1297 2423 alieni
1308 2394 1454 2423 sermonis
1465 2392 1585 2422 molesti
1595 2394 1875 2432 interpellatores,&
1887 2395 1984 2434 scripti
1994 2404 2058 2424 tum
2070 2394 2158 2425 odio-

1209 2433 1240 2469 si,
1252 2444 1317 2464 tum
1327 2434 1443 2464 obscuri
1454 2436 1623 2473 interpretes
1634 2435 1716 2464 sunt:
1741 2435 1773 2464 ὃς
1783 2434 1857 2464 dum
1867 2445 1962 2468 caute,
1978 2436 2009 2466 δε
2020 2435 2160 2476 expedite

1211 2477 1293 2516 loqui
1311 2477 1419 2506 volunt
1428 2497 1436 2510 ,
1460 2474 1645 2505 infantiffinii
1657 2478 1849 2515 reperiuntur.
1872 2480 1916 2506 Ita
1924 2477 1997 2507 dum
2009 2487 2160 2512 metuunt,

1210 2520 1241 2547 in
1252 2518 1380 2547 dicendo
1390 2517 1498 2558 nequid
1509 2517 1681 2557 ambiguum
1693 2517 1918 2551 dicant,nomen
1929 2519 2015 2548 suum
2026 2529 2160 2559 pronun·

1209 2561 1280 2589 tiare
1296 2569 1359 2589 :ion
1377 2558 1505 2599 possunt.
1528 2561 1642 2589 Verum
1653 2560 1762 2589 liorum
1770 2560 1909 2599 puerileis
1917 2562 2076 2600 opiniones
2088 2581 2096 2594 ,
2115 2571 2162 2590 re-

2021 2600 2157 2633 Etiffimis

1244 2672 1258 2697 7
1266 2684 1270 2689 .
1278 2699 1282 2702 ²
1291 2663 1658 2696 Comrastristum-judicatorum
1669 2667 1818 2689 enumeratio.
1837 2664 1950 2698 Deinde]
1981 2663 2023 2689 Sic
2033 2663 2089 2691 fere
2101 2664 2159 2691 inss‘.

1205 2702 1284 2726 nostri
1304 2699 1465 2734 aliarumque
1478 2700 1540 2725 iteni
1552 2698 1612 2724 edd.
1623 2700 1752 2735 principes
1764 2718 1772 2730 ,
1791 2698 1962 2725 excludentes
1975 2700 2099 2726 nimirum
2113 2710 2161 2727 vo-

251 2754 279 2770 2.
299 2745 420 2778 lndtgnum
436 2743 476 2776 effe
485 2741 612 2776 facinus]
632 2741 719 2768 Miror
737 2749 782 2766 cur
801 2739 932 2767 Lainbiuo
940 2735 1103 2774 displicuerit
1114 2744 1164 2761 vox
1183 2724 1186 2767 l
1205 2745 1260 2761 cem
1271 2742 1372 2760 tuemur.
1400 2744 1456 2770 qum
1467 2736 1493 2761 iii
1505 2742 1576 2761 retro
1586 2735 1712 2770 impreffis
1725 2754 1733 2766 ‚
1752 2735 1798 2761 hac
1808 2735 1894 2761 torma
1905 2754 1912 2767 ‚
1931 2739 2100 2761 enumeratione
2109 2743 2161 2761 ute-

1184 2771 1186 2804 }
1206 2781 1267 2796 mur.
1291 2770 1451 2796 Membrana:
1461 2770 1577 2806 quaedani
1589 2770 1683 2797 habent
1693 2774 1896 2803 enumerationem,
1909 2770 2026 2807 quasdam
2036 2781 2161 2798 enumera-

253 2825 279 2851 3.
296 2813 662 2848 Siqspicionemfirmtimenrisaiis
671 2811 780 2845 hahere]
791 2809 905 2837 Vei-bum
911 2809 1058 2844 firmamenti
1067 2816 1119 2833 non
1129 2806 1165 2833 cst
1184 2808 1187 2842 ξ
1204 2813 1263 2833 ncne
1274 2826 1282 2837 ,
1301 2806 1370 2841 quod
1381 2808 1405 2831 ὃ(
1419 2806 1443 2832 in
1456 2806 1516 2832 edd.
1527 2807 1630 2842 primis.

207 2782 318 2815 fasitate.

214 2854 242 2879 in
255 2851 310 2877 Pal.
321 2859 361 2886 pr.
371 2849 506 2885 dispiciant
516 2847 663 2873 otiosiores.

249 2895 278 2919 4.
298 2887 338 2913 llis
347 2886 398 2911 locis
406 2891 499 2910 utemur
501 2884 628 2917 ficundum
636 2882 823 2915 narrationem]
844 2877 1014 2907 Bruilcrensis
1033 2878 1062 2904 &
1073 2877 1166 2904 Fabi-'1-

213 2923 302 2949 ‹ianus
313 2931 365 2947 uon
376 2919 518 2956 agnoscunt
528 2918 594 2944 illud
596 2918 724 2951 secundum
733 2920 902 2943 narrationem.
923 2915 1014 2942 Exstat
1032 2921 1119 2940 tamen
1139 2913 1165 2939 in

213 2958 341 2985 Palatinis
352 2957 377 2982 δι
390 2955 451 2982 edd.
462 2954 563 2990 primis.

253 3003 279 3028 5.
297 2996 322 3019 Si'
331 2993 356 3018 id
364 2993 466 3020 voluisti!
475 2991 615 3023 adscribere,
623 2998 679 3014 niam
687 2998 731 3013 non
736 2990 837 3020 potuerit
842 2987 985 3020 prirscribi]
1007 2986 1048 3011 Ita
1067 2983 1166 3020 scripsit

213 3033 229 3056 'e
240 3027 418 3063 manuscriptis
426 3025 478 3058 suis
489 3025 531 3052 sex
543 3024 714 3052 Gulielmius.
744 3023 824 3059 vulgo
833 3023 950 3059 corrupti
961 3022 1020 3049 sunt
1029 3029 1120 3048 omncs
1132 3019 1165 3045 li-

215 3066 266 3092 bri.
286 3065 312 3090 δε
323 3072 394 3089 certe
407 3063 505 3088 variant
518 3060 591 3087 valde
602 3060 669 3086 Pali.

247 3101 279 3127 6.
299 3103 351 3126 Non
359 3109 418 3133 ‘quo
426 3099 454 3129 (ἶ)
462 3099 516 3127 bano
521 3097 579 3130 pqffe
587 3095 673 3158 5fieri]
695 3094 835 3120 Postremae
843 3092 902 3119 duae
912 3101 988 3121 Voces
998 3101 1051 3121 non
1061 3099 1167 3128 Compa-

217 3144 276 3165 reziz
286 3136 313 3163 in
323 3135 435 3163 Palatio.
446 3142 486 3169 pr.
499 3133 526 3159 &
536 3141 584 3168 pro
599 3131 659 3160 esto
672 3130 730 3158 sunt
739 3128 886 3165 (iipcrfiuae.

1244 2842 1281 2882 8⁸.
1292 2844 1400 2881 Breviter
1408 2843 1596 2876 e.=.·re›·ptarum.]
1620 2841 1736 2877 Liquido
1746 2842 1772 2869 in
1784 2841 1963 2868 Gemblacensi
1975 2861 1983 2873 ,
1994 2841 2159 2875 Coloniensi,

1207 2877 1359 2904 Fabricmno
1369 2878 1434 2905 suit,
1444 2885 1614 2910 excerpto-um,
1626 2885 1654 2903 ut
1664 2878 1807 2905 Lambinus
1819 2877 1890 2904 ree‘tc
1901 2877 2023 2911 conjecit.

1241 2921 1268 2948 9.
1288 2914 1397 2945 Scftciſje
1404 2914 1464 2946 quod
1472 2920 1582 2945 cogeretur
1592 2923 1641 2938 cum
1652 2915 1741 2944 altera,
1749 2914 1816 2947 chuc]
1837 2911 1922 2939 Addit
1933 2913 2112 2946 Fabi-ieiunus,
2127 2915 2159 2940 ab

1206 2951 1294 2974 altera.
1313 2948 1369 2973 Pal.
1381 2955 1488 2983 quartus
1500 2950 1577 2974 altera
1590 2968 1595 2978 ,
1607 2952 1644 2974 cui
1653 2951 1730 2974 altera
1741 2968 1749 2980 ‚
1762 2948 1905 2984 quoditein
1918 2949 1942 2974 in
1954 2947 2039 2974 sexto.

1246 2993 1287 3010 ιο.
1296 2987 1321 3008 Si
1331 2985 1461 3015 ambzguum
1471 2986 1660 3016 eflstriptum‚m
1667 2991 1728 3016 suta
1737 2985 1821 3018 quod]
1835 2983 1964 3020 Reposuit
1973 2983 2039 3010 istud
2050 2984 2158 3010 Guliel-

1206 3020 1273 3045 mius
1286 3029 1294 3049 3
1306 3028 1352 3046 nec
1361 3018 1415 3044 abit
1424 3018 1507 3058 editio
1518 3019 1639 3054 Stephani
1653 3029 1660 3049 ;
1682 3020 1738 3046 imo
1748 3020 1780 3046 sic
1789 3029 1894 3055 quoquc
1905 3019 2072 3045 vetustissima
2082 3039 2090 3051 ‚
2110 3020 2158 3047 nili

1207 3054 1277 3091 quod
1292 3064 1351 3080 voce
1362 3054 1473 3089 :implius
1484 3063 1492 3083 3
1505 3057 1527 3078 Si
1537 3056 1666 3086 ambiguum
1676 3056 1975 3088 qffiftripnmrpntabitur,
1985 3061 2078 3087 utputa
2088 3056 2157 3089 qitod.

1248 3100 1256 3117 1
1266 3099 1288 3117 1.
1308 3093 1347 3115 Ex
1356 3092 1432 3115 alma
1437 3090 1652 3124 par-tcjcnieutmm
1660 3091 1828 3126 7mll.⁷m,&c.]
1840 3089 1982 3118 Lambinus
1992 3091 2157 3124 interseruit,

1206 3133 1274 3159 parte
1282 3126 1414 3160 insument.

2021 3170 2042 3188 ι.
2062 3164 2158 3195 Inprae·

2182 415 2228 442 10

2183 1788 2220 1815 11
