2339 3379
153 435 158 438 ’
189 436 231 466 Δῐίε
243 436 360 465 senatus
369 433 527 464 auetoritas
540 454 548 466 ,
563 434 669 474 populi
679 436 772 464 Rom.
784 434 902 464 libertas
911 435 982 474 reip.
994 433 1070 463 salus
1077 442 1149 472 pro-

559 146 1045 194 Pr11L11=1⁵1cA
1113 146 1788 212 D201MAQAn-ra.

193 223 280 257 Cium
291 223 334 257 est
345 246 352 260 ‚
372 222 563 257 Antoniusne
570 225 673 266 potius
683 243 692 257 ³
712 222 744 253 ὃς
755 224 915 255 Ventidius
926 233 1020 265 partes
1032 223 1151 254 Caesaris

191 267 400 301 defenderent,
411 267 501 309 quam
511 268 646 306 primum
658 266 752 296 caesar
760 285 768 299 ‚
779 266 950 297 adolescens
960 267 1076 297 summa
1085 267 1150 304 pie-

192 316 267 344 tate,
281 310 314 340 ὃς
324 310 473 339 memoria
488 310 616 348 parentis
627 308 691 338 sui?
709 308 830 338 Deinde
841 309 930 339 Pansa
941 329 950 342 ,
973 308 1005 338 &
1019 310 1148 341 Hirtius,

190 354 245 392 qui
255 350 334 392 quafi
344 360 456 381 cornua
466 350 527 380 duo
537 359 696 380 tenuerunt
707 350 826 380 Caesaris
836 370 844 384 ,
857 359 933 384 tum,
943 359 1013 380 cum
1027 349 1088 378 illae
1098 358 1150 378 ve-

190 396 224 423 re
236 402 331 433 partes
344 391 547 422 vocabantur?
569 393 625 422 Hae
636 391 706 421 vero
718 402 783 433 quae
801 392 869 422 sunt
885 401 980 432 partes
995 390 1066 422 curn
1077 391 1149 420 alte-

191 474 281 517 pofita
293 474 343 505 fit:
365 476 463 505 alteris
480 475 574 505 caedes
587 475 738 505 bonorum
751 496 760 509 ‚
781 476 865 506 urbis
875 497 884 509 ‚
900 476 1050 516 Italiaeque
1059 477 1149 514 parti-

192 519 235 548 tio
247 520 257 547 ?
279 519 444 547 Veniamus
455 517 616 558 aliquando
626 517 660 547 ad
671 518 842 548 clausulam.
864 520 986 558 Legatos
993 517 1087 546 venire
1096 526 1147 545 non

188 558 272 589 credo.
297 561 376 589 Bene
397 569 447 589 me
466 561 565 589 novit.
589 558 689 589 bellum
709 570 763 601 quo
780 561 888 589 veniat.
905 558 1055 600 proposito
1072 568 1148 598 prae-

186 601 290 631 sertim
301 602 444 641 exemplo
456 601 630 632 Dolabellae.
655 602 819 632 sanctiores
831 611 919 632 erunt
929 621 936 634 ‚
954 600 1044 631 credo
1055 620 1063 634 ‚
1081 610 1147 640 Jure

185 643 292 684 legati,
312 643 403 683 quam
414 643 473 673 duo
485 643 623 673 consules
634 663 641 677 ‚
661 652 764 674 contra
780 653 856 684 quos
873 653 954 673 arma
964 642 1034 672 fert:
1053 642 1145 682 quam

186 685 289 718 Caesar,
301 686 385 725 cujus
397 688 483 726 patris
495 684 607 716 flamen
618 685 660 715 est
672 696 677 714 ;
688 685 777 726 quam
790 694 854 715 cos.
865 683 1042 724 designatus,
1053 692 1145 724 quem

184 735 354 771 oppugnat:
375 727 464 768 quam
477 730 604 760 Mutina,
617 737 705 767 quam
717 725 845 756 obfidct:
867 726 956 766 quam
968 727 1060 764 patria
1069 744 1077 758 ,
1095 725 1144 753 cui

183 770 396 810 ignircrroque
414 771 580 799 minitatur.
609 771 678 798 Cum
690 768 832 800 venerint,
854 777 912 809 quae
925 766 1059 805 postulent
1072 787 1079 799 ,
1102 776 1144 794 co-

181 811 324 850 gnoscam.
349 812 432 850 Qin
451 819 482 841 tu
493 811 555 841 abis
567 812 598 840 in
608 810 718 839 malam
730 807 843 848 pestem
853 829 862 842 ‚
885 809 1062 848 malumque
1075 817 1143 838 cru-

185 854 317 882 ciatum?
344 854 391 883 Ad
412 862 441 883 te
463 852 622 893 quisquam
642 851 762 883 veniat,
782 848 837 879 nisi
855 850 992 880 Ventidii
1012 848 1143 880 similis?

183 895 288 924 oriens
305 894 482 924 incendium
493 895 544 934 qui
556 891 788 932 restinguerent,
807 891 943 922 summos
957 893 1038 922 viros
1059 889 1142 922 mifi-

183 944 272 965 mus:
291 934 467 975 repudiasti:
491 943 574 964 nunc
584 934 617 963 in
628 942 738 963 tantam
757 931 913 964 flammam
928 954 936 967 ,
955 942 1075 975 tamque
1094 935 1142 962 in-

183 985 346 1008 veteratam
357 979 512 1006 mittamus
523 996 531 1008 ‚
544 973 615 1005 cum
626 974 729 1005 locum
740 975 794 1005 tibi
806 976 956 1017 reliquum
970 986 1033 1006 non
1046 975 1140 1005 modo

183 1018 218 1049 ad
230 1028 345 1058 pacem,
357 1018 404 1048 sed
416 1027 454 1047 ne
464 1017 498 1048 ad
509 1017 698 1047 deditionem
708 1017 831 1057 quidem
841 1016 948 1048 feceris
960 1021 971 1047 ?
990 1020 1078 1048 Hanc
1085 1027 1141 1058 ego

182 1059 350 1100 epistolam,
366 1062 397 1089 P.
410 1062 443 1089 C.
457 1069 519 1089 non
531 1058 591 1100 quo
602 1058 691 1088 illum
703 1059 830 1099 dignum
841 1069 975 1099 putarem
985 1079 993 1094 ,
1006 1061 1139 1092 recitavi,

182 1101 231 1132 sed
245 1110 276 1131 ut
284 1100 520 1131 confeffionibus
537 1099 624 1141 ipfius
641 1103 745 1131 omnia
761 1100 904 1140 pates-„ieta
913 1112 977 1136 eius
987 1101 1141 1142 parricidia

180 1143 332 1173 videretis.
349 1146 427 1173 Cum
447 1144 506 1173 hoc
523 1153 626 1184 pacem
645 1145 690 1172 M.
702 1143 836 1183 Lepidus
847 1163 854 1176 ,
875 1145 924 1173 vir
937 1142 1140 1174 ornatissimus

1195 231 1245 256 o'm
1251 227 1338 258 nibus
1348 229 1480 262 virtutis,
1493 228 1527 258 &
1535 227 1664 260 fortunae
1675 228 1774 264 bonis,
1787 228 1808 260 fi
1817 229 1882 260 haec
1890 229 2013 265 videret,
2026 229 2159 273 denique

1195 269 1353 303 numenei,
1364 278 1414 299 aut
1424 269 1487 300 fieri
1498 269 1579 310 posse
1589 271 1799 302 arbitraretur?
1818 291 1840 306 ‚,
1851 273 1936 302 Prius
1943 273 2031 302 undas
2040 293 2050 306 ‚
2064 274 2158 311 flam-.-

1192 319 1342 351 mamqne‚
1363 320 1396 341 ut
1405 314 1444 342 ait
1457 313 1543 351 poe’ta
1556 314 1657 343 nescio
1675 323 1742 354 quis
1755 333 1764 347 ,
1785 316 1867 354 prius
1886 314 2020 356 denique
2038 319 2155 350 omnia,

1192 351 1281 391 quam
1293 361 1340 382 aut
1349 362 1419 383 cum
1431 355 1576 384 Antoniis
1594 355 1668 395 resp.
1684 364 1735 386 aut
1743 365 1815 388 cum
1825 358 2026 396 rep.'Antonii
2034 357 2156 389 redeant

1191 394 1222 421 in
1234 395 1366 433 gratiam.
1380 394 1517 425 Monstra
1530 397 1668 437 quaedam
1681 398 1748 428 sunt
1761 396 1825 432 ista,
1837 398 2027 439 ‹Sc-portenta,
2041 399 2074 429 &
2082 409 2154 440 pro.-

1189 434 1267 475 digia
1279 437 1350 479 reip.
1373 437 1492 466 Moveri
1503 438 1622 468 sedibus
1632 440 1691 469 suis
1703 440 1772 469 huic
1781 439 1846 470 urbi
1856 441 1966 471 melius
1976 440 2028 474 est,
2042 445 2051 460 ¹
2065 451 2154 483 atque

1188 476 1268 509 alias,
1284 474 1303 504 fi
1320 477 1382 505 heri
1397 477 1492 516 poffit,
1504 487 1590 509 terras
1601 480 1776 521 demigrare,
1789 482 1868 512 unde
1879 485 2084 513 Antoniorum
2097 493 2153 514 nei:

1190 515 1335 550 fast-amec
1346 527 1461 548 nomen
1472 521 1580 554 audiat,
1592 522 1683 562 quam
1694 523 1763 551 illos
1773 524 1893 554 Caesaris
1903 524 2015 554 virtute
2025 524 2151 565 ejefflzos,

1188 561 1270 589 Bruti
1281 567 1410 588 retentos
1422 580 1429 592 ,
1451 562 1525 590 intra
1540 564 1602 592 hzec
1612 566 1726 593 mcenia
1736 564 1849 594 videre.
1880 568 2008 596 Omen-1
2015 576 2149 598 ssuxmu

1189 611 1245 630 iss-r
1255 602 1392 630 vincere:
1415 602 1578 632 secundum
1589 603 1631 633 est
1648 624 1657 637 ,
1680 606 1802 636 nullum
1812 607 1911 637 casum
1929 617 1983 648 pro
1991 606 2148 649 dignitate,

1189 642 1222 672 δε
1234 642 1368 672 libertate
1381 644 1480 682 patriae
1499 654 1560 673 non
1582 645 1741 676 ferendum
1760 657 1871 687 putare.
1895 650 1977 690 quod
1996 652 2149 691 reliquum

1194 683 1246 716 est,
1259 693 1320 713 non
1333 683 1375 714 est
1386 686 1506 714 tertium
1518 705 1525 718 ,
1546 687 1593 715 sed
1604 687 1789 725 postremum
1799 693 1940 721 omnium
1953 712 1961 726 ,
1982 694 2150 722 maximam

1187 725 1396 767 turpitudinem
1417 726 1562 766 suscipere
1571 729 1640 758 vitae
1652 729 1823 768 cupiditate.
1857 735 1930 772 Qiae
1940 744 2010 764 curn
2022 735 2062 764 ita
2080 731 2146 767 sint.

1188 767 1394 812 demandatis,
1407 769 1570 809 litterisque
1581 771 1623 799 M.
1638 771 1745 810 Lepidi
1757 773 1982 806 vii·i‚clariss'1mi
1995 796 2003 808 ,
2019 776 2149 806 Servilio

1188 807 1346 839 asientior:
1368 810 1401 839 ὃς
1415 811 1473 840 hoc
1493 812 1622 850 amplius
1641 813 1748 842 censeo
1759 833 1767 846 ,
1790 815 1935 855 Magnum
1954 818 2149 856 Pompeium,

1188 853 1242 881 Cn.
1255 854 1285 881 F.
1304 861 1360 891 pro
1368 854 1474 891 patris,
1491 854 1701 894 majorumque
1711 855 1833 884 suorum
1845 859 1948 887 animo
1960 878 1967 891 ,
1990 858 2149 899 studioque

1186 895 1218 922 in
1228 903 1324 933 remp.
1335 894 1442 934 suaque
1452 893 1573 933 pristina
1583 897 1703 929 virtute.
1716 896 1871 930 industria,
1885 900 2049 934 voluntate,
2060 900 2148 930 fecis—

1186 934 1226 967 se,
1237 934 1319 976 quod
1330 935 1424 970 suam,
1435 946 1612 977 eorumque,
1623 947 1700 978 quos
1710 938 1810 968 secum
1819 939 1939 970 haberet
1949 960 1957 974 ‚
1970 951 2091 981 operam
2104 942 2150 972 se-

1186 978 1279 1010 natui,
1288 978 1463 1018 populoque
1475 980 1567 1008 Rom.
1590 980 1742 1018 pollicitus
1753 979 1843 1015 esset,
1863 991 1989 1022 eamque
1999 993 2061 1012 rem
2072 986 2100 1013 S.
2112 986 2142 1013 Ρ.

1185 1020 1271 1060 QR.
1290 1029 1412 1061 gratam,
1426 1029 1634 1061 acceptamque
1647 1019 1704 1051 effe
1715 1041 1723 1055 ‚
1736 1024 1823 1063 eique
1833 1043 1842 1056 ,
1853 1023 1982 1056 honori,
1993 1024 2149 1065 dignitati-

1184 1070 1243 1101 que
1254 1070 1318 1090 eam
1329 1071 1392 1092 rem
1408 1061 1483 1091 fore.
1514 1065 1582 1093 Hoc
1593 1063 1640 1092 vel
1650 1064 1794 1105 conjungi
1813 1075 1885 1095 cum
1896 1067 1956 1096 hoc
1974 1068 2002 1096 S.
2016 1069 2048 1096 C.
2061 1066 2142 1098 licet.

1186 1102 1233 1132 vel
1244 1103 1327 1142 sejun
1332 1105 1359 1144 gi
1371 1103 1470 1143 potest
1480 1124 1488 1136 ‚
1503 1104 1714 1146 separatimque
1724 1106 1865 1146 perscribi
1875 1127 1884 1140 .
1897 1115 1930 1138 ut
1939 1109 2060 1148 proprio
2070 1111 2097 1138 S.
2111 1111 2142 1138 C.

1186 1145 1351 1185 Pompej'us
1368 1146 1553 1176 collaudatus
1572 1145 1629 1177 ess'e
1646 1147 1789 1178 videatur.

2097 1203 2148 1213 ο--α

217 1222 242 1242 x.
261 1218 354 1250 §Atque
361 1216 534 1250 aliac‚fifie›·i,
544 1215 612 1249 ὡς]
633 1213 760 1250 Vulgata,
770 1222 841 1250 atquc
851 1219 876 1242 in
887 1218 965 1249 altas,
975 1217 1024 1248 &tn
1048 1216 1091 1244 scd
1102 1216 1140 1243 ita
1151 1216 1240 1243 nullus
1250 1216 1446 1251 Palatium-uin,
1457 1226 1502 1246 aut
1513 1221 1702 1249 Mauritiauus.

516 1299 606 1359 M.
697 1277 1098 1360 TU'LLII

242 1473 383 1563 M.

1195 1301 1808 1366 CICERONIS

590 1392 2074 1573 ΑΝΤῙῈΝΙΠΜ

404 1595 974 1659 PHILIPPICA
1045 1599 1912 1694 DECIMAQUARTA.

341 1703 707 1750 ORATIO
800 1703 1981 1769 QUINQJAGESIMASEXTA.

446 1833 735 1865 sceleratissimorum
748 1834 883 1871 hostium
895 1836 1074 1868 exercitum,
1084 1845 1142 1865 cae-

448 1877 513 1907 sum
524 1896 532 1910 ,
551 1875 712 1917 fusumque
722 1878 854 1917 cognovi
865 1888 875 1910 3
895 1875 932 1906 fic
942 1876 971 1905 id
982 1896 992 1910 ‚
1010 1876 1093 1916 quod
1104 1877 1137 1906 &

350 1920 365 1952 ἠ
374 1945 377 1947 ,
387 1922 428 1956 ‘3
447 1927 556 1948 omnes
567 1919 703 1948 maxime
716 1918 902 1958 optamus,&
910 1927 948 1947 ex
959 1927 991 1948 ea
1000 1917 1140 1952 vieroria,

329 1968 338 1977 ²
359 1956 367 1979 ⁵³
384 1969 426 2003 »ἣ
447 1969 513 2000 quae
523 1968 603 1999 parta
613 1959 654 1990 est
662 1980 670 1993 ‚
682 1960 879 1990 consecutum
889 1959 1084 1995 arbitramur,
1095 1962 1137 1989 D.

375 1999 426 2039 ¹qu
448 2004 574 2032 Brutum
588 2000 731 2043 egrefl'um
745 2002 809 2041 jam
823 1999 1013 2036 Mutinae-fle
1025 2011 1141 2043 cogno-

183 2072 189 2077 ,
388 2037 414 2056 Ψ
449 2041 556 2074 viss‘em
570 2054 575 2072 2
593 2053 714 2084 propter
733 2044 819 2081 cujus
837 2043 1004 2083 periculum
1023 2043 1059 2073 ad
1076 2044 1143 2084 saga

180 2082 313 2119 ¹ffemus,
324 2094 444 2125 propter
454 2085 586 2125 ejusdem
599 2086 722 2116 salutem
733 2085 920 2119 redeundum
932 2085 966 2116 ad
976 2084 1138 2125 pristinum

177 2127 319 2158 vestitum
331 2126 392 2157 fine
401 2128 462 2157 ulla
471 2127 659 2158 dubitatione
670 2128 831 2158 censerem.
854 2127 934 2157 Ante
944 2126 1015 2157 vero
1026 2147 1034 2161 ‚
1047 2126 1137 2168 quam

177 2179 212 2199 ea
222 2179 266 2198 res
278 2189 286 2202 ,
303 2179 392 2209 quam
404 2168 570 2199 avidissime
580 2171 684 2200 civitas
693 2168 842 2209 exspeetat
852 2189 860 2203 ,
875 2169 959 2199 allata
969 2168 1002 2199 sit
1012 2189 1021 2203 ,
1038 2170 1139 2199 latitia

179 2211 249 2241 usus
258 2231 266 2244 ‚
278 2211 344 2241 satis
354 2211 395 2242 cst
406 2213 550 2241 maximae
558 2231 567 2244 ,
578 2210 864 2252 praeclariffimaeque
873 2220 979 2252 pugnae
990 2221 995 2240 :
1007 2211 1137 2242 reditum

177 2252 215 2283 ad
235 2252 373 2282 vestitum
389 2252 535 2283 confeistae
548 2253 681 2283 vic'toriae
693 2253 849 2283 reservate.
873 2252 1027 2284 confeffio
1037 2263 1137 2283 autem

178 2295 268 2334 hujus
278 2294 350 2324 belli
361 2294 412 2328 est,
425 2295 549 2324 D.Bruti
562 2295 649 2325 salus.
673 2297 747 2336 Qae
756 2304 856 2325 autern
866 2294 908 2325 est
917 2294 971 2325 ista
982 2295 1138 2329 sententia,

177 2346 211 2366 ut
221 2338 253 2366 in
265 2336 448 2367 hodiernum
459 2336 542 2366 diem
552 2336 674 2366 vestitus
686 2345 817 2366 mutetur
828 2356 837 2370 ‚
860 2337 968 2366 deiude
977 2347 1038 2368 cras
1052 2337 1140 2377 sagati

176 2378 377 2418 prodeamus?
395 2381 462 2408 Nos
471 2376 544 2408 vero
554 2377 626 2409 cum
637 2379 728 2408 semel
738 2378 773 2408 ad
784 2388 853 2408 eum
865 2397 874 2412 ,
885 2388 976 2419 quem
986 2381 1137 2419 cupimus,

178 2420 375 2461 optamusque
387 2420 529 2451 vestitum
543 2440 551 2454 ,
563 2420 758 2454 redierimus,
773 2420 804 2450 id
819 2430 902 2462 agam
910 2430 956 2454 us,
975 2429 1008 2451 ut
1020 2430 1091 2452 eum
1105 2422 1138 2450 in

176 2471 352 2502 perpetuum
364 2464 557 2493 retineamus.
580 2472 651 2492 nam
668 2464 727 2493 hoc
743 2461 867 2503 quidem
884 2461 956 2493 cum
980 2472 1063 2502 turpe
1082 2461 1136 2497 est,

177 2512 244 2533 tum
262 2513 301 2533 ne
319 2503 376 2534 diis
394 2505 517 2545 quidem
532 2504 756 2534 immortalibus
767 2513 880 2545 gratum
893 2525 902 2539 ‚
921 2504 957 2534 ab
968 2504 1135 2534 eorundem

175 2547 233 2575 aris
245 2565 254 2578 ‚
274 2545 307 2576 ad
322 2556 393 2586 quas
403 2548 491 2587 togati
501 2546 663 2576 adierimus
675 2566 683 2580 ‚
707 2546 742 2576 ad
752 2546 816 2587 saga
826 2545 968 2576 sumenda
979 2546 1137 2577 discedere.

177 2589 275 2627 Atque
284 2587 488 2618 animadverto
499 2608 508 2621 ‚
517 2597 612 2628 patres
621 2588 779 2627 conscripti
791 2607 800 2620 ,
815 2587 960 2629 quosdam
971 2588 1041 2617 huic
1053 2587 1137 2618 fave-

175 2639 207 2658 re
222 2629 393 2659 sententiae:
415 2640 546 2669 quorum
562 2639 596 2660 ea
608 2639 696 2660 mens
706 2649 714 2662 ,
735 2629 824 2669 idque
836 2627 995 2659 consilium
1009 2629 1052 2659 est
1062 2649 1074 2663 a
1091 2639 1136 2663 ut,

175 2669 249 2700 cum
261 2670 638 2711 videanr‚glorios1ffimum
649 2672 737 2701 illum
749 2673 886 2701 D.Bruto
895 2670 1032 2700 futurum
1042 2671 1136 2706 diem,

175 2722 237 2753 quo
256 2713 305 2742 die
316 2733 323 2746 ‚
344 2722 463 2753 propter
480 2715 544 2750 ejus
562 2714 687 2744 salutern
710 2716 719 2731 ¹
729 2713 909 2743 redierimus
926 2712 961 2742 ad
979 2711 1135 2746 vestitum,

176 2755 259 2786 hunc
268 2757 295 2784 ei
305 2754 438 2785 frustum
450 2757 561 2795 eripere
569 2758 690 2795 cupiant
701 2775 709 2788 ‚
721 2764 758 2785 ne
770 2757 925 2784 memoriae
937 2773 945 2787 ‚
956 2754 1137 2794 posteritati-

175 2805 234 2836 que
244 2796 383 2836 prodatur
391 2817 400 2831 ‚
421 2807 541 2837 propter
551 2799 641 2827 unius
650 2798 724 2827 civis
733 2796 900 2836 periculum
912 2797 1059 2836 populum
1071 2798 1136 2826 Ro-

175 2887 265 2919 togas.
289 2881 386 2912 tollite
397 2884 483 2915 hanc,
498 2882 614 2911 nullam
626 2890 684 2911 tam
696 2890 789 2921 pravae
802 2880 954 2911 sententiae
963 2879 1079 2910 causam
1090 2889 1137 2909 rc-

176 2922 309 2958 perietis.
332 2925 396 2952 Vos
408 2934 481 2953 vero
492 2945 501 2956 ‚
519 2933 613 2963 patres
625 2924 785 2962 conscripti
798 2943 806 2956 ,
827 2922 995 2952 conservate
1006 2921 1136 2951 auciori-
1151 2942 1153 2949 <

177 2970 269 2991 tatem
280 2963 406 2995 vestram
417 2984 426 2999 ‚
446 2975 564 2996 manete
575 2968 608 2995 in
618 2965 762 2996 sententia
775 2985 783 2999 ‚
804 2973 900 2994 tenete
911 2962 1005 2993 vestra
1014 2973 1136 2993 memo-
1149 2983 1152 2994 .

177 3086 199 3104 ι,
261 3075 396 3101 Edierimm
404 3077 437 3102 ad
443 3077 578 3111 vestitum]
598 3078 653 3104 Pal.
661 3077 712 3104 sec.
723 3088 774 3105 non
786 3078 863 3104 habet
874 3076 953 3109 Illud,
964 3078 997 3103 ad
1008 3080 1126 3107 vcs'liriim.
1144 3084 1146 3099 J

262 3111 435 3138 Mauritianus
453 3113 507 3146 ejus
520 3113 578 3139 loco
588 3113 719 3140 substituit
729 3134 735 3146 ‚
752 3115 875 3149 adrogam.
895 3113 966 3141 aliud
978 3114 1041 3150 quid
1053 3113 1127 3140 vide·
1144 3114 1147 3150 ξ

175 3156 218 3176 :ur
229 3147 341 3174 latuisse.
362 3152 393 3173 τίη
405 3148 416 3174 ἒ
435 3149 572 3174 redierimus
582 3150 615 3174 ad
622 3159 673 3177 ms.

209 3192 237 3210 ·.·..
256 3183 427 3217 Consiclsortim
437 3184 470 3210 ad
477 3185 568 3217 bethim,
578 3185 645 3220 dvm]
667 3187 708 3214 Ita
717 3176 809 3214 omnes
821 3185 877 3214 fert·
889 3185 1040 3214 Ferrariani
1052 3205 1060 3219 ‚
1081 3194 1129 3213 ne-

443 1795 458 1823 Ι
468 1812 477 1826 ,
497 1801 530 1824 ut
545 1802 582 1823 ex
596 1793 702 1824 litterIs
712 1814 721 1827 ‚
741 1803 806 1833 quae
819 1794 944 1824 recitatae
960 1793 1044 1827 sunt,
1065 1796 1096 1824 P.
1106 1796 1138 1823 C.
1184 1795 1226 1824 ria
1237 1814 1246 1828 ,
1288 1786 1349 1824 uod
1360 1795 1435 1834 saepe
1445 1793 1616 1826 ostendistis
1627 1816 1634 1829 ‚
1656 1796 1707 1835 huj
1712 1807 1744 1828 us
1754 1798 1847 1828 totius
1857 1796 1930 1827 belli
1941 1799 1973 1827 in
1984 1798 2075 1829 unius
2085 1800 2142 1829 viri

1183 1804 1335 1866 fortissimi
1347 1856 1355 1869 ‚
1378 1837 1410 1867 δε
1421 1839 1550 1867 maximi
1562 1839 1626 1866 vita
1635 1837 1766 1878 positum
1777 1838 1835 1869 ess'e
1844 1839 2017 1870 discrimen.
2039 1840 2086 1871 Ad
2098 1844 2139 1871 D.

1181 1879 1307 1907 Brutum
1328 1877 1517 1908 liberandum
1535 1879 1622 1919 legati
1640 1879 1719 1910 miffi
1729 1900 1738 1914 ‚
1757 1883 1906 1921 principes
1923 1882 2052 1912 civitatis
2066 1903 2073 1915 ,
2087 1884 2140 1923 qui

1182 1919 1228 1948 illi
1239 1918 1318 1949 hosti
1330 1938 1338 1952 ‚
1359 1929 1392 1949 ac
1402 1920 1552 1959 parricidae
1563 1921 1791 1955 denuntiarent,
1811 1931 1844 1952 ut
1853 1926 1868 1953 a
1878 1924 1999 1953 Mutina
2008 1923 2141 1954 discede-

1183 1969 1243 1990 ret:
1258 1960 1391 1999 ejusdem
1404 1964 1442 1990 D.
1455 1963 1538 1991 Bruti
1548 1963 1742 1993 conservandi
1750 1973 1841 2005 gratia
1851 1967 1864 1983 ²-
1874 1964 1980 1994 consul
1991 1965 2093 1995 sortitu
2103 1966 2139 1996 ad

1182 2001 1295 2032 bellum
1310 2001 1464 2042 profectus
1475 2006 1509 2032 A.
1521 2005 1638 2034 Hirtius
1651 2016 1659 2038 ς
1678 2005 1763 2043 cujus
1777 2005 2018 2036 imbecillitatem
2032 2007 2141 2037 valitu-

1181 2043 1262 2073 dinis
1272 2063 1280 2077 ‚
1302 2045 1399 2074 animi
1409 2046 1503 2074 virtus
1514 2065 1523 2078 ‚
1544 2045 1577 2075 &
1589 2046 1651 2085 spes
1660 2046 1795 2077 vi&oriae
1805 2046 2013 2078 confirmavit:
2034 2049 2140 2083 Caesar,

1181 2088 1193 2112 3
1203 2090 1274 2116 cum
1285 2087 1418 2116 exercitu
1428 2095 1480 2126 per
1489 2086 1519 2116 se
1529 2097 1701 2127 comparato
1712 2109 1720 2121 ,
1735 2088 1751 2119 a
1761 2091 1867 2129 primis
1875 2088 2008 2129 pestibus
2018 2100 2080 2120 rem
2105 2100 2141 2120 u-

1179 2127 1287 2159 blicam
1299 2126 1446 2158 liberasset
1455 2147 1463 2161 ‚
1476 2129 1588 2169 nequid
1597 2128 1698 2169 postea
1706 2131 1822 2161 sceleris
1833 2134 1959 2161 oriretur
1969 2152 1978 2166 ,
1988 2130 2072 2172 profe
2107 2143 2141 2163 us

1179 2168 1223 2200 est
1233 2169 1268 2199 ad
1278 2169 1410 2199 cundem
1421 2172 1546 2200 Brutum
1557 2170 1746 2202 liberandum
1758 2193 1767 2206 ‚
1785 2174 1916 2214 vicitque
1930 2173 2068 2204 dolorem
2086 2174 2142 2204 ali*

1178 2221 1269 2252 quem
1286 2210 1464 2248 domesticum
1479 2216 1579 2251 patriae
1596 2215 1724 2244 caritate.
1748 2215 1830 2257 Qid
1842 2218 1874 2245 C.
1886 2215 1976 2245 Pansa
1989 2215 2139 2257 cgitaliud

1178 2252 1346 2283 dele8tibus
1362 2253 1507 2283 habendis
1517 2256 1681 2324 ,si-pecuniis
1699 2256 1908 2296 comparandis
1921 2277 1930 2290 ,
1950 2257 2141 2288 senatuscon-

1179 2295 1263 2325 sultis
1279 2293 1425 2325 faciendis
1438 2298 1518 2336 gravi
1543 2298 1614 2326 imis
1624 2298 1657 2327 in
1667 2300 1839 2328 Antonium
1851 2318 1860 2332 ,
1879 2299 1969 2328 nobis
1980 2300 2138 2329 cohortan-

1179 2337 1226 2366 dis
1235 2357 1244 2370 ,
1267 2337 1381 2377 populo
1391 2339 1535 2368 Romano
1543 2338 1578 2368 ad
1589 2339 1703 2369 causam
1714 2340 1857 2370 libertatis
1867 2340 2006 2371 vocando
2018 2361 2026 2374 ,
2040 2339 2094 2370 nisi
2106 2349 2138 2371 uc

1177 2381 1218 2409 D.
1228 2381 1260 2408 Bi
1269 2387 1336 2412 utus
1346 2378 1537 2418 liberaretur?
1547 2380 1563 2409 a
1572 2390 1634 2420 quo
1643 2382 1770 2421 populus
1779 2383 1938 2413 Romanus
1947 2381 2085 2422 frequens
2096 2383 2139 2413 ita

1177 2420 1303 2451 salutem
1316 2423 1356 2450 D.
1366 2422 1449 2455 Bruti
1463 2431 1522 2451 una
1535 2432 1609 2453 voce
1626 2422 1801 2463 depoposcit
1811 2444 1820 2457 ‚
1842 2434 1874 2455 ut
1884 2434 1947 2454 eam
1959 2434 2020 2453 non
2034 2423 2135 2455 stilum

1175 2463 1318 2492 commodas
1332 2463 1392 2492 suis
1402 2482 1410 2496 ‚
1424 2463 1471 2493 sed
1485 2466 1574 2494 etiam
1586 2463 1745 2495 neceffitati
1754 2465 1852 2496 vi&us
1863 2465 2029 2495 anteferret.
2052 2465 2135 2506 quod

1176 2505 1287 2544 sperare
1298 2514 1354 2534 nos
1365 2505 1487 2545 quidem
1499 2505 1647 2535 debemus
1658 2526 1666 2539 ‚
1682 2510 1711 2536 P.
1725 2509 1757 2536 C.
1769 2517 1818 2537 aur
1827 2507 1903 2536 inibi
1914 2505 1971 2536 effe
1983 2527 1991 2539 ,
2013 2507 2134 2547 autjam'

1174 2545 1232 2576 effe
1242 2545 1418 2576 confectum
1432 2557 1437 2574 ι
1457 2546 1506 2576 scd
1517 2547 1577 2586 spei
1586 2546 1720 2577 fruCtum
1732 2550 1773 2578 rei
1781 2549 1927 2578 convenit
1937 2568 1946 2581 ‚
1969 2549 2001 2578 δε
2011 2550 2136 2579 eventui

1175 2589 1333 2622 reservari,
1356 2597 1394 2617 ne
1408 2597 1455 2617 aut
1468 2587 1593 2617 deorum
1610 2590 1832 2619 immortalium
1851 2589 2034 2620 beneficium
2050 2589 2135 2621 festi-

1172 2632 1297 2660 natione
1304 2628 1495 2669 praeripuisse,
1504 2638 1553 2659 aut
1562 2630 1624 2658 vim
1626 2630 1748 2669 fortuna
1760 2630 1883 2661 stultitia
1890 2630 2079 2663 contemsisse
2086 2634 2136 2662 vi-

1173 2671 1306 2702 deamur.
1320 2671 1376 2701 Sed
1387 2673 1532 2710 quoniam
1543 2669 1716 2712 fignificatio
1727 2671 1820 2703 vestra
1829 2673 1895 2703 satis
1907 2673 2044 2708 declarat,
2055 2674 2131 2715 quid

1173 2714 1225 2743 hac
1236 2713 1271 2742 de
1282 2723 1311 2742 re
1322 2713 1469 2742 sentiatis:
1490 2712 1525 2743 ad
1536 2712 1645 2743 litteras
1656 2715 1774 2744 veniam
1785 2733 1793 2748 ‚
1814 2725 1880 2756 quae
1895 2715 1964 2747 sunt
1973 2715 1989 2746 a
1998 2717 2134 2747 consuli-

1173 2754 1229 2784 bus
1242 2775 1250 2787 ,
1264 2755 1294 2784 &
1305 2754 1320 2784 a
1330 2763 1509 2794 propraetore
1520 2753 1613 2785 mista:
1623 2775 1632 2789 ‚
1647 2754 1665 2784 si
1676 2765 1766 2796 pauca
1774 2758 1843 2787 ante
1854 2776 1863 2791 ,
1873 2767 1941 2798 quae
1951 2757 1986 2788 ad
1997 2758 2071 2798 ipsas
2080 2753 2133 2789 lit-⁴

1173 2805 1246 2826 teras
1259 2805 1426 2836 pertineant
1438 2816 1445 2829 ‚
1466 2796 1583 2826 dixero.
1629 2798 1743 2828 Imbuti
1755 2798 1896 2842 sanguine
1905 2799 1996 2840 gladii
2008 2820 2016 2833 ‚
2035 2809 2131 2840 patres
2147 2815 2161 2847 3

2159 1857 2178 1880 [il

176 2847 300 2872 manum
315 2839 349 2868 ad
363 2840 426 2880 saga
441 2837 504 2869 iiss'e
517 2860 526 2872 ‚
546 2848 668 2879 propter
683 2839 817 2878 ejusdem
836 2838 957 2868 salutem
978 2836 1084 2867 rediffe
1100 2837 1135 2868 ad
1152 2842 1154 2872 j
1172 2838 1347 2878 conscripti,
1362 2839 1516 2886 legionum
1527 2858 1534 2872 ‚
1547 2841 1796 2882 exercituumque
1806 2840 1996 2875 nostrorum,
2007 2842 2056 2872 vel
2066 2852 2132 2873 ma-

1172 2879 1282 2910 dcfaEti
1302 2882 1403 2920 potius
1423 2879 1540 2910 duobus
1558 2881 1718 2912 consulum
1738 2902 1746 2916 ‚
1767 2884 1855 2912 tertio
1874 2883 1993 2913 Caesaris
2009 2885 2131 2924 proelio.

1172 2923 1201 2951 Si
1213 2921 1346 2951 hostium
1360 2921 1415 2951 fuit
1427 2922 1478 2951 ille
1489 2922 1605 2962 sanguis
1617 2942 1625 2956 ,
1647 2923 1763 2954 summa
1773 2925 1908 2954 militum
1918 2927 2029 2965 pietas:
2049 2924 2134 2957 nefa-

1169 2966 1250 2994 rium
1261 2962 1390 2998 scelus,si
1399 2966 1523 2994 civium.
1555 2966 1718 3007 Qousque
1726 2968 1815 3008 igitur
1825 2967 1865 3001 is,
1880 2969 1934 3008 qui
1943 2969 2064 2998 omneis
2073 2969 2130 2998 ho*

2071 3008 2130 3044 stes

1169 3086 1220 3113 que
1232 3077 1310 3103 aliter
1321 3077 1376 3104 Pal.
1389 3078 1437 3104 sec.
1448 3086 1493 3105 aut
1505 3079 1593 3106 Maur.
1605 3079 1712 3115 vulgata
1724 3082 1915 3114 Confialcssvrsni
1926 3092 1930 3105 .·
1942 3082 2128 3111 atibcliun1,<2-·c.

1173 3123 1230 3149 qua:
1241 3112 1323 3139 lefitio
1337 3115 1414 3140 ctiam
1428 3124 1480 3141 non
1491 3114 1656 3149 mala-sortito
1668 3135 1676 3148 ,
1686 3117 1857 3153 atquefiirtt‘m
1870 3136 1878 3149 ,
1898 3117 2035 3150 utfirtuiru
2044 3117 2131 3149 &sbi--

1166 3153 1224 3175 mito
1234 3149 1381 3186 promiscue
1393 3150 1429 3179 usi
1441 3158 1553 3178 veteres.

1199 3194 1212 3221 3
1221 3188 1284 3212 Cum
1295 3189 1400 3213 exercitu
1406 3187 1479 3222 perse
1490 3185 1578 3220 compa)
1589 3188 1778 3224 prim..;'5·c.]Sic
1788 3189 1905 3217 Mamm&
1918 3188 2133 3237 Βαῖζεςωᾷιιίιέϊ

1619 3224 1677 3251 k2
1710 3223 1714 3227 .
2015 3231 2132 3248 I.a=.‘.1‘=.
