2360 3400
507 115 576 166 M.
626 114 689 166 T.
739 116 798 166 C.
850 118 1147 171 Evisro

1172 137 1279 177 ιω
1339 145 1429 180 an
1487 136 1846 193 anTuMJ

1210 265 1816 340 CICERONIS

197 352 1006 445 EPISTOLAE
1102 362 1322 454 AD
1437 375 2148 491 BRUTUM‚

343 496 511 544 NON
555 488 690 541 ITA
732 495 1021 556 Famam
1068 500 1110 544 A

897 577 1145 625 ·ETE

438 684 634 715 CICERO
656 684 852 718 BRUTO,
875 685 903 714 S.
964 726 1008 732 ..

429 743 436 751 .
478 732 562 759 UuM
587 726 651 755 baec
660 724 822 755 scribebam
835 745 844 758 ,
866 735 911 755 res
923 724 1147 757 existimabatur

426 756 445 781 ᾗ
477 771 510 800 in
529 775 702 798 extremum
720 765 843 796 adducta
854 766 1026 797 discrimen.
1049 768 1146 798 tristes

312 793 325 832 lv
419 798 438 839 l.
476 812 561 841 enim
580 808 717 838 deBruto
726 807 832 837 nostro
842 808 945 838 litterae
957 827 966 841 ,
986 811 1145 850 nuntiique

367 835 381 862 3
422 853 425 872 Γ
475 849 690 882 adferebantur.
714 850 766 877 Me
789 848 913 888 quidem
925 859 989 879 non
1001 851 1141 881 maxime

426 878 440 888 l
474 889 700 923 conturbabant.
722 890 771 918 his
781 890 864 918 enim
874 891 1056 921 exercitibus
1067 911 1076 926 ,
1085 892 1143 922 du-

476 932 638 972 cibusque,
657 939 733 970 quos
751 929 916 964 habemus,
938 933 1026 962 nullo
1046 934 1141 964 modo

226 957 233 971 ’
248 965 260 976 ’
340 972 362 989 “’”
386 980 398 984 “
413 962 433 993 *2
471 982 606 1014 poteram
617 970 767 1001 diffidere.
787 971 1141 1012 nequeaffentiebarma-

172 1012 237 1054 jori
251 1015 326 1053 parti
344 1015 520 1046 hominurn.
545 1013 637 1045 fidem
648 1013 733 1043 enim
743 1014 904 1044 consulum
918 1025 980 1044 non
990 1017 1139 1047 condem-

178 1043 284 1083 nabam
296 1073 305 1087 ,
320 1065 386 1096 quae
401 1056 532 1097 suspefihr
553 1056 747 1087 vehementer
754 1064 823 1085 erat.
843 1054 1046 1088 desiderabam
1058 1069 1138 1089 non-

176 1094 272 1124 nullis
282 1096 312 1125 in
324 1097 412 1127 rebus
421 1099 624 1138 prudentiam,
640 1096 673 1126 &
683 1096 938 1138 celeritatem,qua
947 1097 967 1127 fi
976 1097 1069 1130 essent
1079 1099 1133 1134 ufi,

175 1135 361 1176 jampridem
372 1141 521 1181 rempubl.
544 1135 803 1179 recuperaffemus.
827 1141 902 1169 Non
911 1143 996 1170 enim
1007 1143 1137 1182 ignoras,

173 1185 313 1215 QANTA
338 1190 510 1212 MOMENTA
533 1181 588 1212 sint
608 1183 641 1210 in
663 1179 778 1220 republ.
798 1189 970 1221 temporum
985 1193 991 1211 :
1012 1185 1046 1213 ὅς
1063 1185 1137 1232 quid

173 1218 288 1250 intersit
297 1241 306 1254 ,
319 1221 401 1252 idern
412 1224 488 1254 illud
500 1222 603 1254 utrum
614 1221 683 1252 ante
694 1241 704 1255 ,
715 1231 753 1251 an
768 1221 836 1261 post
845 1223 1030 1258 decernatur,
1045 1225 1137 1256 susci-

170 1262 278 1300 piatur,
290 1272 400 1304 agatur.
424 1267 548 1299 omnia,
559 1274 627 1306 quae
636 1262 739 1294 severe
749 1263 865 1309 decreta
872 1266 1010 1311 sunrboc
1020 1268 1137 1297 tumul-

173 1311 204 1332 tu
214 1322 223 1336 ,
238 1301 258 1332 fi
267 1312 317 1334 aut
326 1324 335 1338 ‚
350 1315 412 1346 quo
423 1306 471 1337 die
481 1307 547 1339 dixi
559 1306 738 1337 sententiam
750 1324 758 1338 ‚
767 1306 899 1345 perlecta
909 1306 1015 1341 essent,
1026 1308 1059 1338 δε
1069 1319 1132 1339 non

170 1344 205 1373 in
213 1344 295 1374 diem
306 1356 345 1376 ex
353 1348 402 1378 die
412 1348 500 1379 dilata
515 1368 523 1383 ,
536 1357 585 1379 aut
595 1357 656 1389 quo
668 1356 706 1376 ex
721 1355 856 1386 tempore
868 1349 998 1396 suscepta
1009 1350 1088 1383 sunt,
1101 1360 1134 1382 ut

168 1394 323 1427 agerentur
334 1408 344 1422 ,
364 1399 429 1419 non
439 1390 546 1420 tardata
556 1409 565 1423 ,
577 1389 610 1419 δε
619 1386 828 1435 procrastinata
838 1389 972 1437 ,bellurn
984 1402 1045 1438 jam
1059 1393 1130 1422 nul-

170 1427 237 1458 lum
249 1428 435 1461 haberemus.
458 1433 570 1461 Omnia
583 1451 592 1464 ‚
613 1433 702 1460 Brute
714 1449 724 1463 ‚
734 1428 855 1468 prae'stm
866 1432 1051 1471 respublicae,
1062 1444 1130 1474 quae

171 1470 304 1511 praestare
314 1470 419 1502 debuit
428 1475 454 1501 is
469 1492 478 1506 ‚
490 1470 625 1513 quiesset
637 1472 670 1500 in
680 1480 716 1500 eo
730 1491 738 1504 ‚
750 1471 782 1499 in
793 1480 854 1511 quo
863 1482 919 1514 ego
930 1474 994 1503 sum
1007 1494 1015 1508 ,
1026 1476 1128 1515 gradu,

170 1511 287 1543 senatus
311 1531 320 1545 ,
339 1514 503 1554 populique
519 1513 637 1553 judicio
658 1513 821 1542 collocatus
843 1523 848 1541 :
868 1523 924 1544 nec
946 1515 998 1545 illa
1019 1516 1127 1550 modo,

168 1561 235 1593 quae
256 1555 405 1584 nimirum
418 1555 479 1585 sola
487 1554 524 1585 ab
535 1556 662 1585 homine
673 1553 925 1592 suntpostulanda
938 1576 947 1589 ,
966 1555 1070 1591 fidem,
1081 1561 1128 1587 vi-

165 1595 324 1635 gilantiam
337 1615 346 1628 ‚
358 1597 457 1635 patriae
469 1598 621 1627 caritatem
634 1607 640 1626 t
651 1596 761 1626 easunt
772 1598 856 1643 enim
868 1617 876 1631 ‚
888 1606 952 1645 qua:
964 1608 1058 1629 nemo
1066 1599 1123 1647 est,

165 1638 219 1680 qui
240 1646 302 1667 non
320 1636 442 1676 praestare
461 1638 573 1669 debeat.
596 1641 662 1679 Ego
680 1647 779 1669 autem
798 1648 824 1667 ei
837 1657 846 1672 ,
869 1649 920 1680 qui
943 1640 1122 1688 sententiam

166 1678 244 1717 dicat
272 1680 303 1708 in
326 1680 513 1720 principibus
528 1680 565 1710 de
585 1681 644 1720 rep.
665 1689 740 1720 puto
758 1681 847 1711 etiam
862 1681 1046 1722 prudentiam
1064 1682 1122 1714 efle

162 1719 370 1760 praestandam.
394 1731 450 1752 nec
469 1731 538 1755 me,
556 1732 654 1763 quum
671 1724 877 1753 mihitantum
891 1723 1048 1770 sumserim
1061 1745 1070 1759 ‚
1089 1735 1122 1756 ut

161 1761 361 1804 gubernacula
379 1765 450 1804 reip.
471 1764 646 1803 prenderem
662 1783 671 1798 ‚
692 1764 797 1794 minus
814 1773 944 1803 putarim
961 1767 1120 1806 reprehen-

163 1803 299 1834 dendum
311 1823 320 1837 ‚
340 1802 365 1833 ‘fi
384 1804 534 1835 inutiliter
559 1806 674 1846 aliquid
694 1806 807 1836 senatui
817 1805 956 1836 suaserim
968 1827 977 1840 ,
997 1818 1086 1855 quam
1098 1808 1118 1838 fi

161 1842 336 1875 infideliter.
359 1844 433 1876 Αᾶει
444 1856 508 1887 quae
518 1845 573 1877 fint
586 1866 595 1881 ,
617 1857 742 1888 quaeque
753 1855 875 1888 agantur
884 1866 894 1881 ,
906 1848 967 1877 scio
976 1849 1118 1897 perscribi

161 1885 197 1915 ad
219 1894 248 1916 te
270 1886 443 1927 diligenter.
467 1891 513 1919 Ex
537 1898 586 1918 me
604 1897 703 1919 autern
723 1889 800 1919 illud
811 1887 873 1921 est,
893 1889 974 1929 quod
986 1899 1013 1919 te
1022 1891 1116 1921 velim

160 1926 268 1957 habere
291 1930 447 1970 cognitum
462 1950 470 1963 ,
491 1940 595 1960 meum
613 1930 738 1970 quidem
748 1933 928 1960 animumin
938 1933 1033 1962 aciem
1043 1931 1113 1979 effe;

155 1977 256 2009 neque
277 1969 444 2010 i·espe6tum
456 1972 556 2001 ullum
570 1982 699 2013 quaerere
710 1992 720 2006 ,
739 1971 794 2002 nisi
805 1981 855 2001 me
866 1973 977 2003 utilitas
984 1975 1114 2004 civitatis

152 2008 232 2040 forte
241 2014 432 2043 converterit.
456 2015 585 2053 majores
596 2023 694 2044 autem
706 2023 799 2054 partes
808 2015 916 2047 animi,
926 2023 964 2049 te,
970 2014 1115 2063 Caffium-

154 2061 213 2093 que
223 2053 395 2093 respiciunt.
418 2055 626 2094 Quamobrem
636 2057 676 2085 ita
686 2065 713 2086 te
724 2065 791 2095 para
802 2075 811 2088 ,
831 2057 918 2085 Brute
930 2076 939 2090 ‚
951 2066 983 2087 ut
994 2058 1110 2088 intelli—

153 2102 203 2134 gas
215 2111 224 2127 ,
242 2103 293 2125 aut
302 2115 313 2128 ,
337 2094 358 2125 fi
370 2096 428 2126 hoc
437 2106 571 2138 tempore
579 2097 655 2128 bene
667 2106 710 2127 res
719 2097 797 2139 gesta
806 2096 859 2130 fit;
882 2097 1106 2130 tibimeliorem

152 2144 250 2175 remp.
263 2134 321 2166 effe
331 2136 498 2169 faciendam
514 2149 519 2168 :
537 2147 585 2169 aut
596 2159 606 2173 ,
620 2138 715 2181 fiquid
725 2138 875 2171 offensum
886 2138 920 2170 fic
929 2159 938 2174 ‚
945 2149 1001 2181 per
1014 2150 1042 2172 te
1050 2139 1107 2172 efle
1128 2138 1130 2153 ¹

154 2177 282 2208 candem
292 2180 522 2220 recuperandam
529 2202 536 2210 .

111 2236 127 2249 η

110 2252 133 2261 '⁴
226 2262 341 2292 LANcr
356 2264 494 2294 animum
507 2266 539 2295 in
549 2274 643 2305 remp.
655 2267 817 2306 egregium,
827 2267 973 2307 legiones,
982 2267 1106 2312 auxilia,

156 2258 327 2343 Pcopias
335 2314 375 2334 ex
385 2305 491 2336 litteris
499 2307 574 2346 ejus,
589 2316 715 2347 quarum
725 2308 900 2347 exemplum
915 2307 968 2354 tibi
980 2308 1104 2357 mistum

147 2342 296 2379 arbitror,
317 2346 481 2386 perspicere
499 2348 632 2388 potuisti.
657 2349 783 2389 Lepidi,
801 2351 846 2379 tui
860 2347 1030 2397 necessarir,
1051 2360 1104 2391 qui

148 2385 315 2417 secundum
331 2387 451 2418 fratrem
460 2389 576 2420 affineis
588 2390 694 2425 habet,
714 2401 790 2432 quos
799 2391 915 2425 oderit,
932 2401 1103 2440 Pro’fm‘oe’
1122 2405 1124 2414 ι

148 2426 301 2458 levitatem
323 2429 357 2459 &
375 2430 609 2462 inconstantiam
621 2452 629 2466 ,
656 2434 855 2474 animumque
873 2433 988 2473 semper
996 2444 1103 2464 inimi-

147 2476 220 2498 cum
238 2470 310 2509 reip.
329 2471 392 2509 Jam
413 2472 502 2503 credo
522 2473 577 2504 tibi
599 2484 637 2504 ex
660 2483 782 2505 tuorum
802 2477 908 2506 litteris
918 2474 976 2521 esse
986 2477 1104 2523 perspe-

148 2508 245 2540 stum.
268 2520 326 2541 nos
342 2512 523 2552 exspeeitatio
543 2515 700 2550 sollicitat,
718 2526 788 2557 quae
809 2517 851 2548 est
869 2526 971 2546 omnis
989 2527 1050 2556 Jam
1070 2528 1104 2548 in
1122 2543 1123 2547 ,

390 2224 582 2253 CICERO
610 2224 814 2258 BRUTO,
836 2226 864 2254 S.

148 2550 320 2582 extremum
340 2552 465 2585 adducta
486 2556 658 2587 discrimen.
691 2558 742 2588 Est
764 2560 847 2589 enim
868 2560 931 2598 spes
949 2561 1053 2588 omnis
1069 2561 1102 2590 in

148 2593 242 2623 Bruto
262 2595 470 2634 expediendo,
487 2596 525 2627 de
542 2609 603 2638 quo
620 2601 815 2629 vehementer
824 2600 1015 2646 timebamus.
1038 2604 1103 2642 Ego

146 2633 197 2665 hic
210 2644 278 2665 cum
292 2637 419 2666 homine
430 2636 544 2669 furioso
553 2640 619 2669 satis
629 2641 724 2671 habco
734 2644 847 2681 negotii
858 2642 998 2676 Servilio,
1009 2652 1101 2688 ¹quem
1120 2656 1122 2670 ι

147 2676 328 2707 tulidiutius
340 2697 350 2711 ‚
375 2678 465 2718 quarn
477 2679 605 2720 dignitas
614 2691 680 2712 mea
688 2682 850 2721 patiebatur
865 2695 870 2712 :
897 2683 946 2731 sed
960 2685 1015 2713 tuli
1025 2686 1097 2724 reip.

147 2719 231 2748 causa
242 2739 251 2753 ‚
275 2729 315 2749 ne
333 2720 433 2749 darem
453 2722 699 2760 perditiscivibus
710 2724 867 2754 hominem
878 2733 982 2764 parum
994 2725 1099 2756 sanum

147 2759 236 2790 illum
258 2760 384 2802 quidem
404 2782 413 2795 ,
434 2762 482 2792 sed
501 2772 602 2794 tamen
626 2764 761 2795 nobilem
773 2785 782 2799 ,
800 2765 862 2806 quo
881 2775 1100 2797 concurrerent:

147 2801 230 2840 quod
239 2801 570 2835 faciuntnihilominus
584 2816 589 2835 :
608 2805 656 2836 sed
666 2816 735 2836 eum
750 2806 954 2838 alienanduma
964 2817 1024 2848 rep.
1035 2819 1099 2854 non

146 2842 296 2881 putabam.
337 2846 445 2875 Finem
466 2845 524 2877 feci
542 2848 606 2887 ejus
625 2847 750 2878 ferendi.
792 2858 919 2889 coeperat
936 2851 1019 2879 enim
1042 2849 1101 2880 esse

148 2879 228 2913 tanta
250 2885 409 2921 insolentia
419 2907 428 2919 ‚
448 2896 481 2917 ut
492 2891 650 2919 neminem
662 2890 790 2920 liberum
802 2891 932 2921 duceret.
954 2893 990 2921 In
1001 2892 1100 2922 Planci

147 2923 223 2953 veto
239 2927 322 2956 cau-sa
335 2926 448 2958 -exarfit
464 2930 636 2961 incredibili
656 2931 761 2961 dolore
772 2952 782 2966 ,
801 2942 983 2973 mecumque
992 2943 1043 2973 per
1054 2933 1100 2981 bi-

150 2964 248 2996 duum
266 2969 307 2998 ita
325 2970 500 3004 contendit,
520 2972 554 3002 &
572 2972 587 3003 a
606 2982 656 3003 me
674 2975 714 3004 ita
730 2972 841 3004 inustus
858 2974 920 3008 est,
940 2984 972 3004 ut
985 2985 1054 3004 eum
1067 2985 1100 3005 in

144 3015 323 3047 perpetuum
341 3010 557 3044 modestiorem
581 3015 696 3054 sperem
714 3014 790 3046 fore.
815 3020 911 3057 Atque
925 3019 956 3047 in
966 3019 1019 3047 hac
1027 3027 1101 3046 con-

142 3049 284 3079 tentione
306 3051 385 3090 ipsa‚
409 3061 503 3092 quum
523 3056 658 3086 maxime
672 3057 928 3099 resageremrad.
951 3059 1099 3099 Id.April.

1123 2354 1125 2362 J
1146 2314 1222 2392 L

1155 502 1559 557 GERMANIS
1607 514 1996 580 REPERTAE,

1156 582 1375 635 DITAE.

1188 691 1270 727 sem,
1294 695 1404 725 cecidit
1422 698 1589 733 Servilius,
1608 704 1779 742 complures
1798 716 1947 747 praetcrea.
1971 710 2038 741 sunt
2061 714 2146 744 enim

1183 732 1311 775 infignes
1321 736 1455 777 aliquot,
1475 742 1527 781 qui
1539 744 1758 782 improbiffime
1773 749 1904 781 sentiunt
1918 762 1923 780 :
1936 752 1983 782 sed
1997 753 2146 783 acerbissi-

1184 776 1234 805 me
1246 777 1315 807 tulit
1322 779 1471 810 Servilius
1487 780 1635 814 ass‘ensum
1648 784 1705 815 effi·
1717 790 1792 817 mihi
1806 791 1842 820 de
1852 793 1974 822 Planco.
1993 795 2145 835 Magnum

1182 817 1257 847 illud
1278 819 1451 851 monstrum
1470 824 1503 852 in
1523 825 1625 864 repub.
1648 826 1691 858 est
1710 827 1743 842 *³
1762 832 1852 861 Deestz
1866 834 1949 871 liujus
1959 834 2145 878 epistolaparc

1181 866 1315 890 extrema.

1372 905 1591 940 BRUTUS
1612 912 1767 943 CICER
1782 914 1897 950 ONI,
1918 919 1945 947 S.

1454 948 1547 978 Dee-ff
1563 952 1738 993 principium
1756 955 1874 996 epistola.

1223 982 1266 998 '¹‘
1284 985 1334 1016 sed
1352 998 1414 1028 quo
1434 998 1491 1018 nos
1511 991 1659 1023 amisisse:
1679 1005 1769 1035 quem
1794 996 1832 1027 fic
1842 1001 1946 1031 vexari
1959 1000 2143 1036 aDolabella

1180 1026 1291 1060 audio,
1313 1038 1345 1059 ut
1363 1031 1427 1069 jam
1448 1040 1512 1062 non
1529 1034 1666 1066 videatur
1683 1037 1921 1071 crudeliffimum
1943 1043 2007 1082 ejus
2025 1044 2142 1075 facinus

1179 1067 1354 1101 interfeetio
1372 1072 1536 1103 Trebonii.
1560 1077 1652 1107 Vetus
1671 1078 1820 1110 Antistius
1840 1091 1891 1112 me
1903 1092 2002 1114 tamen
2014 1091 2141 1125 pecunia

1178 1109 1353 1142 sublevavit.
1377 1115 1484 1144 Cicero
1494 1114 1575 1146 filius
1587 1126 1654 1148 tuus
1663 1118 1701 1150 fic
1714 1122 1792 1151 mihi
1807 1122 1835 1152 se
1845 1124 1964 1163 probat,
1976 1127 2136 1161 industria,

1175 1153 1316 1190 patientia
1328 1173 1338 1187 ,
1351 1154 1453 1187 labore
1466 1176 1474 1190 ‚
1488 1160 1583 1188 animi
1596 1162 1814 1201 magnitudine,
1827 1167 1915 1196 omni
1928 1166 2059 1208 denique
2067 1169 2140 1199 offr-

1175 1194 1223 1222 cio
1235 1213 1244 1226 ,
1265 1202 1298 1224 ut
1321 1197 1441 1235 prorsus
1449 1208 1616 1240 numquam
1627 1202 1779 1234 dimittere
1789 1205 1926 1238 videatur
1936 1210 2136 1249 cogitationem

1171 1234 1256 1274 cujus
1275 1234 1311 1266 fit
1332 1235 1425 1268 filius.
1449 1242 1548 1280 Qare
1566 1245 1712 1283 quoniam
1743 1244 1860 1277 efficere
1870 1258 1932 1279 non
1942 1250 2059 1290 possum
2072 1272 2080 1286 ‚
2102 1263 2137 1283 ur:

1172 1276 1266 1315 pluris
1276 1277 1364 1308 facias
1376 1290 1458 1315 eum,
1473 1285 1525 1322 qui
1538 1283 1592 1314 tibi
1604 1284 1646 1315 est
1655 1286 1816 1318 cariffimus
1830 1301 1838 1322 3
1859 1290 1934 1320 illud
1946 1292 2136 1333 tribuejudi-

1171 1319 1220 1347 cio
1232 1328 1313 1353 meo,
1327 1329 1360 1351 ut
1373 1322 1426 1351 tibi
1436 1324 1620 1362 persuadeas,
1630 1336 1693 1358 non
1704 1327 1770 1359 fore
1781 1330 1826 1359 illi
1838 1331 2022 1364 abutendum
2032 1335 2134 1376 gloria

1171 1367 1220 1389 tua
1231 1379 1239 1395 ‚
1255 1370 1287 1392 ut
1299 1362 1477 1403 adipiscatur
1488 1367 1619 1398 honores
1628 1378 1778 1409 paternos.
1801 1373 1922 1404 calend.
1935 1376 2031 1416 April.
2044 1379 2132 1409 cara-

1410 1450 1610 1482 CICERO
1638 1454 1842 1489 BRUTO,
1865 1459 1893 1487 S.

1172 1401 1253 1431 chio.

1170 1481 1345 1557 Dllrrs
1356 1489 1445 1520 mane
1455 1501 1479 1520 a.
1492 1491 1632 1523 d.v1.1d.
1645 1496 1740 1534 April.
1750 1499 1867 1536 Scaptio
1879 1499 1998 1535 litteris,
2011 1502 2123 1535 eodem

1183 1527 1185 1530 ’
1262 1527 1312 1557 die
1329 1537 1394 1559 tuas
1414 1535 1510 1573 accepi
1522 1534 1588 1563 Kal.
1600 1537 1694 1574 April.
1705 1538 1897 1576 Dyrrhachio
1911 1541 2125 1583 datasvesperi-

1166 1568 1264 1608 itaque
1285 1571 1374 1600 mane
1392 1573 1470 1610 prid.
1488 1574 1532 1603 ld.
1545 1577 1640 1614 April.
1659 1577 1730 1607 cum
1752 1578 1767 1608 a
1782 1581 1900 1619 Scaptio
1909 1585 2019 1614 certior
2029 1584 2130 1615 satane

1165 1607 1256 1639 ess‘em
1266 1629 1275 1643 ,
1298 1620 1361 1641 non
1374 1611 1431 1643 esse
1442 1624 1492 1644 eos
1501 1616 1654 1654 profecitos
1667 1639 1675 1651 ‚
1687 1618 1796 1658 quibus
1808 1621 1906 1660 pridie
1916 1622 2056 1656 dederam
2069 1646 2079 1660 ,
2093 1627 2131 1657 &¹

1165 1649 1264 1682 statim
1287 1654 1332 1682 ire
1343 1673 1351 1687 ‚
1373 1655 1431 1684 hoc
1453 1657 1620 1695 paullulum
1632 1662 1750 1690 exaravi
1760 1662 1820 1701 ipsa
1829 1664 1862 1692 in
1873 1664 1959 1695 turba
1968 1670 2128 1700 matutina:

1164 1692 1360 1725 salutationis.
1386 1698 1433 1726 De
1451 1697 1547 1729 Caffio
1564 1700 1670 1735 laetor,
1692 1702 1725 1731 &
1741 1704 1857 1743 reipub.
1875 1707 2023 1746 gratulor:
2041 1712 2128 1742 mihi

1163 1736 1251 1765 etiam
1265 1756 1273 1770 ‚
1287 1738 1339 1777 qui
1349 1747 1533 1780 repugnante
1544 1740 1728 1773 &irascente
1743 1746 1834 1776 Pansa
1844 1746 2021 1779 sententiam
2035 1750 2128 1782 dixe-

1160 1777 1230 1810 rim,
1246 1787 1278 1807 ut
1288 1779 1480 1811 Dolabellam
1491 1782 1690 1814 belloCaffius
1698 1786 1928 1827 persequeretur.
1947 1792 2124 1832 thuidem

1159 1817 1298 1849 auda6ler
1307 1819 1441 1851 dicebam
1455 1842 1463 1855 ‚
1486 1821 1548 1854 fine
1562 1825 1670 1858 nostro
1680 1836 1704 1855 s.
1718 1828 1817 1866 c.jam
1830 1830 1906 1860 illud
1920 1840 1989 1861 eum
2003 1834 2121 1867 bellum

1158 1868 1270 1898 gerere.
1294 1863 1342 1890 De
1360 1871 1389 1891 te
1408 1864 1498 1893 etiam
1511 1865 1575 1895 dixi
1590 1876 1654 1896 tum
1667 1887 1676 1901 ,
1697 1878 1762 1908 quae
1774 1869 1898 1900 dicenda
1909 1875 2019 1911 putavi.
2044 1878 2120 1908 Haec

1157 1899 1192 1929 ad
1213 1909 1239 1930 te
1250 1903 1537 1942 oratioperferetur,
1555 1910 1700 1947 quoniam
1716 1910 1842 1940 tevideo
1852 1912 2123 1958 dele&a1·iPhilip-

1153 1942 1230 1980 picis
1248 1942 1370 1973 nostris.
1393 1944 1484 1985 de
1493 1956 1544 1976 me
1553 1950 1590 1977 de
1601 1952 1738 1980 Antonio
1748 1953 1884 1982 consulis
1894 1966 1903 1988 3
1923 1957 2020 1996 quoad
2031 1960 2119 1991 Bruti

1154 1985 1273 2013 exitum
1287 1988 1485 2026 cognorimus
1496 2008 1504 2021 ,
1523 1988 1754 2022 custodiendum
1766 2002 1849 2032 puto.
1873 1997 1919 2025 Ex
1930 1998 1978 2027 his
1990 1999 2115 2035 litteris,

1150 2034 1222 2064 quas
1233 2026 1309 2055 mihi
1322 2025 1446 2063 misisti,
1466 2031 1625 2062 Dolabella
1636 2031 1733 2063 Afiam
1743 2044 1854 2066 vexare
1865 2037 1987 2069 videtur
2001 2060 2011 2073 ,
2033 2041 2067 2072 &
2076 2044 2114 2074 in.

1149 2076 1183 2097 ea
1206 2067 1234 2097 se
1255 2078 1353 2108 gerere
1371 2070 1542 2102 taeterrime.
1566 2074 1780 2114 Compluribus
1790 2086 1887 2107 autem
1899 2079 2030 2120 scripsisti
2042 2085 2114 2114 Do-

1148 2108 1285 2139 labellam
1296 2109 1311 2140 a
1321 2112 1451 2142 Rhodiis
1463 2112 1520 2143 effe
1530 2115 1684 2145 exclusum
1699 2127 1704 2145 :
1717 2120 1768 2158 qui
1778 2116 1798 2147 fi
1809 2119 1843 2149 ad
1855 2121 2000 2152 Rhodum
2013 2126 2113 2156 acces-

1148 2148 1201 2183 sit,
1222 2150 1342 2182 videtur
1361 2154 1439 2184 mihi
1460 2153 1559 2186 Asiam
1578 2156 1738 2198 reliquiffe.
1763 2159 1829 2189 Idsi
1842 2162 1880 2191 ita
1889 2161 1951 2196 est,
1976 2164 2111 2198 istictibi

1147 2192 1254 2222 censeo
1263 2196 1534 2227 commorandum:
1557 2196 1599 2229 fin
1612 2209 1677 2231 eam
1688 2200 1781 2231 semel
1792 2204 1889 2243 cepit,
1912 2206 1991 2236 mihi
2004 2208 2109 2243 crede.

1149 2231 1184 2247 *³*
1192 2243 1258 2264 non
1268 2237 1332 2266 erit.
1345 2237 1391 2267 Id.
1407 2239 1502 2277 April.

1338 2280 1548 2312 BRUTUS
1570 2285 1851 2320 CICERONI,
1875 2289 1901 2318 S.

1240 2320 1283 2348 11-
1294 2329 1314 2349 τ
1326 2329 1345 2349 ε
1355 2331 1376 2350 R
1389 2330 1408 2350 A
1420 2331 1433 2350 s
1452 2331 1514 2352 tuas
1532 2324 1616 2354 valde
1627 2326 1769 2366 exspe&o
1781 2348 1790 2361 ,
1808 2338 1880 2368 quas
1892 2330 2025 2371 scripsisti
2033 2332 2103 2373 post

1231 2362 1357 2391 nuntios
1378 2362 1550 2395 nostrarum
1569 2376 1688 2401 rerum,
1713 2368 1746 2398 ὃς
1764 2369 1800 2399 de
1818 2380 1920 2402 morte
1940 2374 2105 2407 Trebonii:

1145 2410 1209 2429 non
1233 2404 1315 2432 enim
1343 2403 1451 2435 dubito
1469 2409 1543 2446 quin
1566 2410 1644 2438 mihi
1665 2409 1826 2442 consilium
1846 2421 1933 2443 tuum
1955 2416 2103 2455 explices.

1144 2442 1275 2484 Indigno
1285 2444 1390 2476 scelere
1402 2447 1435 2477 &
1444 2449 1542 2478 civem
1555 2452 1706 2489 optimum
1717 2451 1881 2488 amisimus,
1892 2455 1925 2485 &
1934 2458 2101 2495 provinciae

1142 2482 1320 2523 poffeffione
1351 2487 1464 2528 depulsi
1481 2490 1582 2521 sumus
1608 2511 1617 2525 ,
1648 2503 1737 2533 quam
1758 2498 1920 2535 recuperari
1939 2497 2024 2528 facile
2041 2499 2100 2530 est.

1121 2551 1123 2562 ,
1144 2535 1240 2566 neque
1261 2530 1365 2559 minus
1386 2539 1488 2570 turpe,
1513 2542 1563 2562 aut
1580 2532 1760 2574 flagitiosum
1773 2538 1848 2570 erit,
1869 2536 2014 2577 sipotest‚
2032 2551 2101 2573 non

1143 2571 1318 2608 recuperari.
1345 2574 1497 2602 Antonius
1516 2574 1612 2605 adhuc
1634 2574 1676 2605 est
1694 2577 1870 2608 nobiscum:
1890 2580 1939 2611 sed
1958 2581 2101 2612 medius-

1142 2608 1231 2639 fidius
1255 2611 1289 2640 δε
1308 2621 1438 2644 moveor
1460 2616 1595 2645 hominis
1614 2617 1770 2656 precibus,
1796 2619 1829 2649 &
1847 2623 1941 2653 timeo
1952 2633 1990 2652 ne
2003 2623 2098 2657 illurn.

1139 2651 1309 2691 aliquorum
1327 2653 1411 2684 furor
1426 2658 1572 2696 excipiat:
1592 2658 1680 2696 plane
1703 2659 1804 2689 aestuo.
1827 2662 1916 2700 Quod
1942 2662 1963 2694 fi
1987 2664 2098 2698 scirem

1140 2693 1213 2733 quid
1234 2693 1287 2723 tibi
1298 2695 1425 2734 placeret
1435 2717 1443 2730 ,
1467 2696 1526 2727 fine
1541 2699 1741 2730 sollicitudine
1752 2700 1853 2732 ess'em.
1877 2705 1907 2735 id
1919 2707 2002 2736 enim
2014 2710 2098 2748 opti-

1140 2743 1227 2763 mum
1247 2734 1304 2765 effe
1315 2738 1486 2775 persuasum
1497 2737 1566 2770 ess'et
1577 2742 1665 2770 mihi.
1688 2745 1786 2780 Quare
1794 2745 1884 2784 quam
1896 2748 2032 2786 primum
2045 2748 2093 2781 fac

1141 2785 1191 2805 me
1211 2778 1373 2808 certiorem
1393 2780 1466 2819 quid
1487 2781 1541 2810 tibi
1553 2782 1671 2821 placeat.
1714 2784 1822 2815 caffius
1842 2788 1944 2820 noster
1960 2791 2092 2829 Syriam,

1141 2817 1275 2858 legiones
1284 2820 1414 2858 Syriacas
1423 2821 1605 2855 habenultro
1614 2824 1736 2865 quidem
1747 2826 1762 2856 a
1773 2829 1882 2859 Murco
1893 2831 1926 2860 &
1935 2832 1950 2861 a
1960 2832 2090 2868 Marcio,

1142 2858 1173 2889 &
1183 2859 1219 2889 ab
1231 2862 1362 2890 exercitu
1373 2862 1437 2901 ipso
1451 2862 1607 2894 arceffitus.
1632 2869 1693 2906 Ego
1704 2867 1799 2908 scripfi
1810 2870 1845 2900 ad
1857 2874 1993 2903 Tertiam
2005 2874 2092 2905 soro-

1139 2910 1202 2930 rem
1214 2920 1223 2933 ,
1247 2901 1279 2931 &
1299 2911 1425 2933 matrem
1440 2924 1448 2937 ‚
1468 2915 1505 2934 ne
1517 2907 1601 2944 prius
1611 2907 1735 2938 ederent
1748 2910 1805 2940 hoc
1815 2931 1823 2944 ,
1838 2913 1920 2952 quod
1930 2916 2046 2954 optime
2056 2927 2092 2947 ac

1116 2968 1119 2977 ,
1138 2940 1306 2972 feliciffime
1316 2943 1399 2984 geffit
1412 2945 1520 2976 Caffius
1531 2966 1539 2979 ,
1559 2958 1647 2987 quam
1660 2959 1744 2980 tuum
1756 2952 1915 2985 confilium
1924 2959 2091 2997 cognovis-

1138 2983 1219 3017 sent,
1241 2984 1356 3025 tibique
1366 2987 1464 3017 visum
1478 2987 1556 3018 css'et.
1580 2991 1654 3032 Legi
1665 2994 1816 3024 orationes
1827 2995 1898 3026 duas
1908 3005 1973 3028 tuas
1984 3019 1992 3032 ‚
2012 3008 2092 3040 qua-

1139 3034 1206 3054 rum
1225 3026 1313 3056 altera
1331 3028 1396 3057 Kal.
1411 3029 1478 3069 Jan.
1497 3030 1566 3060 usus
1586 3041 1616 3061 es
1630 3042 1635 3061 z
1648 3034 1735 3064 altera
1745 3034 1897 3068 delitteris
1907 3041 2001 3073 meis,
2019 3051 2088 3082 quae

1140 3066 1238 3096 habita
1256 3067 1299 3097 est
1315 3068 1366 3098 abs
1381 3078 1408 3099 te
1426 3080 1529 3101 contra
1546 3073 1702 3104 Calenum.
1725 3077 1818 3108 Nunc
1835 3079 1946 3111 scilicet
1962 3082 2021 3112 hoc
2030 3093 2087 3113 ex·-

153 3089 262 3120 litterae
273 3093 350 3121 mihi
369 3093 402 3122 in
415 3094 515 3125 senam
526 3097 648 3128 redditae
664 3099 733 3129 sunt
750 3101 766 3130 a
776 3100 909 3130 Lentulo
919 3100 1023 3131 nostro
1036 3121 1045 3134 ‚
1064 3100 1099 3130 de

158 3130 254 3164 caffio
263 3151 273 3169 ,
286 3133 322 3165 de
333 3133 504 3177 legionibus
514 3156 524 3174 ,
534 3137 570 3171 de
578 3141 662 3181 Syria
673 3150 760 3183 :quas
770 3140 951 3176 statimct‘un
961 3143 1111 3179 recitavis-

1138 3107 1270 3147 schtaS,
1288 3109 1361 3139 dum
1382 3121 1429 3141 eas
1448 3113 1576 3144 laudem.
1600 3117 1713 3147 Nescio
1728 3120 1844 3155 animi,
1865 3132 1902 3152 an
1916 3124 2028 3165 ingenii
2042 3125 2088 3154 tui

1137 3150 1274 3192 major-in
1283 3152 1330 3184 his
1340 3152 1454 3228 libelli}
1462 3155 1733 3229 ¹5⁵}ufoc2’mineamr'
1751 3161 1820 3204 Jam
1831 3164 1965 3199 concedo
1973 3185 1983 3201 ‚
1996 3165 2088 3240 ἪΞῙ

2065 150 2154 214 961

2163 921 2179 954 Ξ

2144 1458 2176 1500 4ἰ

2121 2304 2145 2334 5
