<?xml version="1.0" encoding="UTF-8"?>
<!DOCTYPE html PUBLIC "-//W3C//DTD XHTML 1.0 Transitional//EN"
    "http://www.w3.org/TR/xhtml1/DTD/xhtml1-transitional.dtd">
<html xmlns="http://www.w3.org/1999/xhtml" xml:lang="en" lang="en">
 <head>
  <title>
</title>
<meta http-equiv="Content-Type" content="text/html;charset=utf-8" />
  <meta name='ocr-system' content='tesseract 3.04.00' />
  <meta name='ocr-capabilities' content='ocr_page ocr_carea ocr_par ocr_line ocrx_word'/>
</head>
<body>
  <div class='ocr_page' id='page_1' title='image "./mtuliiciceroniso00cice_0613.png"; bbox 0 0 2339 3379; ppageno 0'>
   <div class='ocr_carea' id='block_1_1' title="bbox 0 0 40 3379">
    <p class='ocr_par' dir='ltr' id='par_1_1' title="bbox 0 0 40 3379">
     <span class='ocr_line' id='line_1_1' title="bbox 0 0 40 3379; baseline 0 0"><span class='ocrx_word' id='word_1_1' title='bbox 0 0 40 3379; x_wconf 95' lang='lat' dir='ltr'> </span> 
     </span>
    </p>
   </div>
   <div class='ocr_carea' id='block_1_2' title="bbox 587 133 1749 188">
    <p class='ocr_par' dir='ltr' id='par_1_2' title="bbox 587 133 1749 188">
     <span class='ocr_line' id='line_1_2' title="bbox 587 133 1749 188; baseline 0 -1"><span class='ocrx_word' id='word_1_2' title='bbox 587 142 840 188; x_wconf 72' lang='lat' dir='ltr'>ORAT10</span> <span class='ocrx_word' id='word_1_3' title='bbox 887 155 1002 186; x_wconf 77' lang='lat' dir='ltr'>PRo</span> <span class='ocrx_word' id='word_1_4' title='bbox 1050 133 1102 186; x_wconf 65' lang='lat' dir='ltr'>Lss</span> <span class='ocrx_word' id='word_1_5' title='bbox 1141 138 1479 185; x_wconf 78' lang='lat' dir='ltr'>CORNELIO</span> <span class='ocrx_word' id='word_1_6' title='bbox 1527 141 1749 187; x_wconf 78' lang='lat' dir='ltr'>BALBO.</span> 
     </span>
    </p>
   </div>
   <div class='ocr_carea' id='block_1_3' title="bbox 177 221 1133 306">
    <p class='ocr_par' dir='ltr' id='par_1_3' title="bbox 177 221 1133 306">
     <span class='ocr_line' id='line_1_3' title="bbox 178 221 1133 265; baseline -0.007 -7"><span class='ocrx_word' id='word_1_7' title='bbox 178 224 331 259; x_wconf 77' lang='lat' dir='ltr'>&#39;ritiffimos</span> <span class='ocrx_word' id='word_1_8' title='bbox 340 225 442 257; x_wconf 81' lang='lat' dir='ltr'>bellici</span> <span class='ocrx_word' id='word_1_9' title='bbox 447 224 525 265; x_wconf 72' lang='lat' dir='ltr'>juris</span> <span class='ocrx_word' id='word_1_10' title='bbox 533 243 541 257; x_wconf 81' lang='lat'>,</span> <span class='ocrx_word' id='word_1_11' title='bbox 552 233 630 265; x_wconf 89' lang='lat' dir='ltr'>quos</span> <span class='ocrx_word' id='word_1_12' title='bbox 640 223 887 265; x_wconf 79' lang='lat' dir='ltr'>diligentissimos</span> <span class='ocrx_word' id='word_1_13' title='bbox 896 225 928 253; x_wconf 93' lang='lat' dir='ltr'>in</span> <span class='ocrx_word' id='word_1_14' title='bbox 940 221 1133 264; x_wconf 81' lang='lat' dir='ltr'><strong>exquirendis</strong></span> 
     </span>
     <span class='ocr_line' id='line_1_4' title="bbox 177 264 1132 306; baseline -0.008 -6"><span class='ocrx_word' id='word_1_15' title='bbox 177 268 403 300; x_wconf 85' lang='lat' dir='ltr'>conditionibus</span> <span class='ocrx_word' id='word_1_16' title='bbox 413 268 569 298; x_wconf 85' lang='lat' dir='ltr'>civitatum</span> <span class='ocrx_word' id='word_1_17' title='bbox 579 285 588 300; x_wconf 88' lang='lat'><em>‚</em></span> <span class='ocrx_word' id='word_1_18' title='bbox 609 274 695 306; x_wconf 87' lang='lat' dir='ltr'>atque</span> <span class='ocrx_word' id='word_1_19' title='bbox 708 264 797 296; x_wconf 89' lang='lat' dir='ltr'>caufis</span> <span class='ocrx_word' id='word_1_20' title='bbox 809 285 817 299; x_wconf 87' lang='lat'>‚</span> <span class='ocrx_word' id='word_1_21' title='bbox 840 264 896 296; x_wconf 76' lang='lat' dir='ltr'>ess’e</span> <span class='ocrx_word' id='word_1_22' title='bbox 906 264 1132 295; x_wconf 75' lang='lat' dir='ltr'>arbitrabamur?</span> 
     </span>
    </p>
   </div>
   <div class='ocr_carea' id='block_1_4' title="bbox 114 306 1130 351">
    <p class='ocr_par' dir='ltr' id='par_1_4' title="bbox 114 306 1130 351">
     <span class='ocr_line' id='line_1_5' title="bbox 114 306 1130 351; baseline -0.009 -9"><span class='ocrx_word' id='word_1_23' title='bbox 114 318 160 344; x_wconf 82' lang='lat'>20</span> <span class='ocrx_word' id='word_1_24' title='bbox 177 320 228 341; x_wconf 90' lang='lat' dir='ltr'>eos</span> <span class='ocrx_word' id='word_1_25' title='bbox 238 308 384 351; x_wconf 72' lang='grc' dir='ltr'>Ρτοὶεᾶὸ,</span> <span class='ocrx_word' id='word_1_26' title='bbox 395 310 446 349; x_wconf 89' lang='lat' dir='ltr'>qui</span> <span class='ocrx_word' id='word_1_27' title='bbox 453 308 516 348; x_wconf 89' lang='lat' dir='ltr'>jam</span> <span class='ocrx_word' id='word_1_28' title='bbox 525 309 653 348; x_wconf 88' lang='lat' dir='ltr'>imperia</span> <span class='ocrx_word' id='word_1_29' title='bbox 662 328 670 341; x_wconf 87' lang='lat'>‚</span> <span class='ocrx_word' id='word_1_30' title='bbox 685 317 718 338; x_wconf 91' lang='lat' dir='ltr'>ac</span> <span class='ocrx_word' id='word_1_31' title='bbox 728 308 805 338; x_wconf 86' lang='lat' dir='ltr'>bella</span> <span class='ocrx_word' id='word_1_32' title='bbox 812 306 971 349; x_wconf 72' lang='lat' dir='ltr'>gesserunt.</span> <span class='ocrx_word' id='word_1_33' title='bbox 995 306 1130 337; x_wconf 82' lang='lat' dir='ltr'>Etenim,</span> 
     </span>
    </p>
   </div>
   <div class='ocr_carea' id='block_1_5' title="bbox 100 1568 141 1594">
    <p class='ocr_par' dir='ltr' id='par_1_5' title="bbox 100 1568 141 1594">
     <span class='ocr_line' id='line_1_6' title="bbox 100 1568 141 1594; baseline 0 0"><span class='ocrx_word' id='word_1_34' title='bbox 100 1568 141 1594; x_wconf 80' lang='lat'>21</span> 
     </span>
    </p>
   </div>
   <div class='ocr_carea' id='block_1_6' title="bbox 156 346 1132 2222">
    <p class='ocr_par' dir='ltr' id='par_1_6' title="bbox 156 346 1132 2222">
     <span class='ocr_line' id='line_1_7' title="bbox 178 346 1132 392; baseline -0.007 -10"><span class='ocrx_word' id='word_1_35' title='bbox 178 351 200 382; x_wconf 80' lang='lat' dir='ltr'>si</span> <span class='ocrx_word' id='word_1_36' title='bbox 209 350 387 392; x_wconf 79' lang='lat' dir='ltr'>Qscaevola</span> <span class='ocrx_word' id='word_1_37' title='bbox 396 350 449 379; x_wconf 89' lang='lat' dir='ltr'>ille</span> <span class='ocrx_word' id='word_1_38' title='bbox 455 359 549 391; x_wconf 90' lang='lat' dir='ltr'>augur</span> <span class='ocrx_word' id='word_1_39' title='bbox 558 369 566 383; x_wconf 84' lang='lat'>‚</span> <span class='ocrx_word' id='word_1_40' title='bbox 585 359 655 380; x_wconf 89' lang='lat' dir='ltr'>cum</span> <span class='ocrx_word' id='word_1_41' title='bbox 667 350 702 380; x_wconf 87' lang='lat' dir='ltr'>de</span> <span class='ocrx_word' id='word_1_42' title='bbox 708 350 774 388; x_wconf 77' lang='lat' dir='ltr'>jure</span> <span class='ocrx_word' id='word_1_43' title='bbox 777 349 952 391; x_wconf 75' lang='lat' dir='ltr'>praediatorio</span> <span class='ocrx_word' id='word_1_44' title='bbox 963 346 1132 377; x_wconf 82' lang='lat' dir='ltr'>consulere—</span> 
     </span>
     <span class='ocr_line' id='line_1_8' title="bbox 174 390 1130 431; baseline -0.007 -7"><span class='ocrx_word' id='word_1_45' title='bbox 174 400 242 427; x_wconf 85' lang='lat' dir='ltr'>tur,</span> <span class='ocrx_word' id='word_1_46' title='bbox 260 393 355 423; x_wconf 87' lang='lat' dir='ltr'>homo</span> <span class='ocrx_word' id='word_1_47' title='bbox 371 391 446 431; x_wconf 86' lang='lat' dir='ltr'>juris</span> <span class='ocrx_word' id='word_1_48' title='bbox 462 390 657 431; x_wconf 85' lang='lat' dir='ltr'>peritiffimus</span> <span class='ocrx_word' id='word_1_49' title='bbox 669 412 678 425; x_wconf 87' lang='lat'>‚</span> <span class='ocrx_word' id='word_1_50' title='bbox 697 392 884 422; x_wconf 80' lang='lat' dir='ltr'>consultores</span> <span class='ocrx_word' id='word_1_51' title='bbox 895 390 962 420; x_wconf 86' lang='lat' dir='ltr'>suos</span> <span class='ocrx_word' id='word_1_52' title='bbox 973 397 1130 419; x_wconf 88' lang='lat' dir='ltr'>nonnum-</span> 
     </span>
     <span class='ocr_line' id='line_1_9' title="bbox 175 430 1132 476; baseline -0.007 -11"><span class='ocrx_word' id='word_1_53' title='bbox 175 444 268 476; x_wconf 75' lang='lat' dir='ltr'>quam</span> <span class='ocrx_word' id='word_1_54' title='bbox 287 437 297 453; x_wconf 90' lang='lat'>¹</span> <span class='ocrx_word' id='word_1_55' title='bbox 307 433 342 464; x_wconf 86' lang='lat' dir='ltr'>ad</span> <span class='ocrx_word' id='word_1_56' title='bbox 353 434 478 463; x_wconf 89' lang='lat' dir='ltr'>Furium</span> <span class='ocrx_word' id='word_1_57' title='bbox 491 453 501 466; x_wconf 89' lang='lat'><em>‚</em></span> <span class='ocrx_word' id='word_1_58' title='bbox 521 433 555 464; x_wconf 66' lang='grc' dir='ltr'>ὃς</span> <span class='ocrx_word' id='word_1_59' title='bbox 566 433 743 464; x_wconf 80' lang='lat' dir='ltr'>Cascellium</span> <span class='ocrx_word' id='word_1_60' title='bbox 756 454 764 467; x_wconf 89' lang='lat'>‚</span> <span class='ocrx_word' id='word_1_61' title='bbox 787 432 974 474; x_wconf 75' lang='lat' dir='ltr'>praediatores</span> <span class='ocrx_word' id='word_1_62' title='bbox 984 450 993 465; x_wconf 92' lang='lat'>‚</span> <span class='ocrx_word' id='word_1_63' title='bbox 1012 430 1132 469; x_wconf 80' lang='lat' dir='ltr'>rejicie-</span> 
     </span>
     <span class='ocr_line' id='line_1_10' title="bbox 176 473 1131 516; baseline -0.006 -10"><span class='ocrx_word' id='word_1_64' title='bbox 176 475 226 506; x_wconf 89' lang='lat' dir='ltr'>bat</span> <span class='ocrx_word' id='word_1_65' title='bbox 245 487 251 505; x_wconf 90' lang='lat'>:</span> <span class='ocrx_word' id='word_1_66' title='bbox 277 473 298 505; x_wconf 90' lang='lat' dir='ltr'><strong>fi</strong></span> <span class='ocrx_word' id='word_1_67' title='bbox 316 484 374 504; x_wconf 90' lang='lat' dir='ltr'>nos</span> <span class='ocrx_word' id='word_1_68' title='bbox 391 474 428 505; x_wconf 90' lang='lat' dir='ltr'>de</span> <span class='ocrx_word' id='word_1_69' title='bbox 442 484 517 516; x_wconf 82' lang='lat' dir='ltr'>aqua</span> <span class='ocrx_word' id='word_1_70' title='bbox 532 474 630 505; x_wconf 88' lang='lat' dir='ltr'>nostra</span> <span class='ocrx_word' id='word_1_71' title='bbox 642 473 813 506; x_wconf 85' lang='lat' dir='ltr'>Tusculana</span> <span class='ocrx_word' id='word_1_72' title='bbox 826 474 1054 514; x_wconf 85' lang='lat' dir='ltr'>M-Tugionem</span> <span class='ocrx_word' id='word_1_73' title='bbox 1075 480 1131 511; x_wconf 89' lang='lat' dir='ltr'>po—</span> 
     </span>
     <span class='ocr_line' id='line_1_11' title="bbox 174 513 1130 558; baseline -0.006 -11"><span class='ocrx_word' id='word_1_74' title='bbox 174 516 234 548; x_wconf 76' lang='lat' dir='ltr'>tius</span> <span class='ocrx_word' id='word_1_75' title='bbox 245 537 255 550; x_wconf 85' lang='lat'><em>‚</em></span> <span class='ocrx_word' id='word_1_76' title='bbox 271 516 360 558; x_wconf 75' lang='lat' dir='ltr'>quam</span> <span class='ocrx_word' id='word_1_77' title='bbox 376 517 584 557; x_wconf 7' lang='lat' dir='ltr'>C Aquillium</span> <span class='ocrx_word' id='word_1_78' title='bbox 601 517 852 550; x_wconf 80' lang='lat' dir='ltr'>consulebamus,</span> <span class='ocrx_word' id='word_1_79' title='bbox 872 513 954 556; x_wconf 76' lang='lat' dir='ltr'>quod</span> <span class='ocrx_word' id='word_1_80' title='bbox 973 521 1130 543; x_wconf 77' lang='lat' dir='ltr'>Assmuus</span> 
     </span>
     <span class='ocr_line' id='line_1_12' title="bbox 175 555 1130 600; baseline -0.005 -12"><span class='ocrx_word' id='word_1_81' title='bbox 175 558 245 588; x_wconf 86' lang='lat' dir='ltr'>usus</span> <span class='ocrx_word' id='word_1_82' title='bbox 263 560 316 588; x_wconf 91' lang='lat' dir='ltr'>uni</span> <span class='ocrx_word' id='word_1_83' title='bbox 334 560 375 588; x_wconf 90' lang='lat' dir='ltr'>rei</span> <span class='ocrx_word' id='word_1_84' title='bbox 389 558 508 589; x_wconf 87' lang='lat' dir='ltr'>deditus</span> <span class='ocrx_word' id='word_1_85' title='bbox 519 578 527 592; x_wconf 92' lang='lat'>,</span> <span class='ocrx_word' id='word_1_86' title='bbox 549 558 581 589; x_wconf 73' lang='grc' dir='ltr'>δε</span> <span class='ocrx_word' id='word_1_87' title='bbox 591 560 748 600; x_wconf 79' lang='lat' dir='ltr'>ingenium</span> <span class='ocrx_word' id='word_1_88' title='bbox 760 579 768 592; x_wconf 90' lang='lat'><em>‚</em></span> <span class='ocrx_word' id='word_1_89' title='bbox 792 559 927 588; x_wconf 87' lang='lat' dir='ltr'>&amp;artem</span> <span class='ocrx_word' id='word_1_90' title='bbox 938 556 1012 596; x_wconf 88' lang='lat' dir='ltr'>saepe</span> <span class='ocrx_word' id='word_1_91' title='bbox 1026 555 1130 585; x_wconf 84' lang='lat' dir='ltr'>vincit:</span> 
     </span>
     <span class='ocr_line' id='line_1_13' title="bbox 174 596 1128 641; baseline -0.005 -11"><span class='ocrx_word' id='word_1_92' title='bbox 174 601 244 641; x_wconf 83' lang='lat' dir='ltr'>quis</span> <span class='ocrx_word' id='word_1_93' title='bbox 252 600 369 630; x_wconf 90' lang='lat' dir='ltr'>dubitet</span> <span class='ocrx_word' id='word_1_94' title='bbox 378 600 415 630; x_wconf 91' lang='lat' dir='ltr'>de</span> <span class='ocrx_word' id='word_1_95' title='bbox 428 599 591 631; x_wconf 75' lang='lat' dir='ltr'>foederibus</span> <span class='ocrx_word' id='word_1_96' title='bbox 601 621 610 635; x_wconf 95' lang='lat'>‚</span> <span class='ocrx_word' id='word_1_97' title='bbox 632 601 665 631; x_wconf 91' lang='lat'>&amp;</span> <span class='ocrx_word' id='word_1_98' title='bbox 678 600 714 631; x_wconf 91' lang='lat' dir='ltr'>de</span> <span class='ocrx_word' id='word_1_99' title='bbox 729 609 794 631; x_wconf 90' lang='lat' dir='ltr'>toto</span> <span class='ocrx_word' id='word_1_100' title='bbox 805 601 870 639; x_wconf 87' lang='lat' dir='ltr'>jure</span> <span class='ocrx_word' id='word_1_101' title='bbox 883 599 962 638; x_wconf 82' lang='lat' dir='ltr'>pacis</span> <span class='ocrx_word' id='word_1_102' title='bbox 973 617 982 631; x_wconf 84' lang='lat'>,</span> <span class='ocrx_word' id='word_1_103' title='bbox 1001 597 1033 627; x_wconf 92' lang='lat'>&amp;</span> <span class='ocrx_word' id='word_1_104' title='bbox 1044 596 1128 629; x_wconf 82' lang='lat' dir='ltr'>belli,</span> 
     </span>
     <span class='ocr_line' id='line_1_14' title="bbox 175 636 1130 683; baseline -0.005 -12"><span class='ocrx_word' id='word_1_105' title='bbox 175 642 322 672; x_wconf 90' lang='lat' dir='ltr'>omnibus</span> <span class='ocrx_word' id='word_1_106' title='bbox 335 642 411 681; x_wconf 85' lang='lat' dir='ltr'>juris</span> <span class='ocrx_word' id='word_1_107' title='bbox 427 641 612 682; x_wconf 86' lang='lat' dir='ltr'>peritiflimis</span> <span class='ocrx_word' id='word_1_108' title='bbox 628 644 821 683; x_wconf 86' lang='lat' dir='ltr'>imperatores</span> <span class='ocrx_word' id='word_1_109' title='bbox 836 636 1130 671; x_wconf 84' lang='lat' dir='ltr'>nostros‘anteferre?</span> 
     </span>
     <span class='ocr_line' id='line_1_15' title="bbox 173 680 1127 726; baseline -0.006 -13"><span class='ocrx_word' id='word_1_110' title='bbox 173 681 370 714; x_wconf 80' lang='lat' dir='ltr'>Possumusne</span> <span class='ocrx_word' id='word_1_111' title='bbox 384 686 474 726; x_wconf 90' lang='lat' dir='ltr'>igitur</span> <span class='ocrx_word' id='word_1_112' title='bbox 487 684 542 714; x_wconf 92' lang='lat' dir='ltr'>tibi</span> <span class='ocrx_word' id='word_1_113' title='bbox 558 684 683 725; x_wconf 85' lang='lat' dir='ltr'>probare</span> <span class='ocrx_word' id='word_1_114' title='bbox 699 683 853 714; x_wconf 62' lang='lat' dir='ltr'>auetorem</span> <span class='ocrx_word' id='word_1_115' title='bbox 869 680 1022 719; x_wconf 85' lang='lat' dir='ltr'>exempli,</span> <span class='ocrx_word' id='word_1_116' title='bbox 1041 687 1127 719; x_wconf 88' lang='lat' dir='ltr'>atque</span> 
     </span>
     <span class='ocr_line' id='line_1_16' title="bbox 173 721 1129 767; baseline -0.005 -13"><span class='ocrx_word' id='word_1_117' title='bbox 173 724 336 756; x_wconf 71' lang='lat' dir='ltr'>fafflillius</span> <span class='ocrx_word' id='word_1_118' title='bbox 347 746 355 759; x_wconf 93' lang='lat'>‚</span> <span class='ocrx_word' id='word_1_119' title='bbox 375 725 456 767; x_wconf 90' lang='lat' dir='ltr'>quod</span> <span class='ocrx_word' id='word_1_120' title='bbox 471 725 488 756; x_wconf 74' lang='lat' dir='ltr'>a</span> <span class='ocrx_word' id='word_1_121' title='bbox 500 735 527 756; x_wconf 90' lang='lat' dir='ltr'>te</span> <span class='ocrx_word' id='word_1_122' title='bbox 537 725 762 766; x_wconf 82' lang='lat' dir='ltr'>reprehenditur</span> <span class='ocrx_word' id='word_1_123' title='bbox 772 743 780 757; x_wconf 88' lang='lat'><strong>,</strong></span> <span class='ocrx_word' id='word_1_124' title='bbox 801 726 834 753; x_wconf 93' lang='lat' dir='ltr'>C.</span> <span class='ocrx_word' id='word_1_125' title='bbox 844 723 977 751; x_wconf 89' lang='lat' dir='ltr'>Marium</span> <span class='ocrx_word' id='word_1_126' title='bbox 990 723 1001 750; x_wconf 92' lang='lat'><strong>?</strong></span> <span class='ocrx_word' id='word_1_127' title='bbox 1021 721 1129 761; x_wconf 86' lang='lat' dir='ltr'>quaeris</span> 
     </span>
     <span class='ocr_line' id='line_1_17' title="bbox 171 762 1130 808; baseline -0.006 -12"><span class='ocrx_word' id='word_1_128' title='bbox 171 766 304 807; x_wconf 79' lang='lat' dir='ltr'>aliquem</span> <span class='ocrx_word' id='word_1_129' title='bbox 315 771 481 808; x_wconf 89' lang='lat' dir='ltr'>graviorem</span> <span class='ocrx_word' id='word_1_130' title='bbox 494 770 504 797; x_wconf 87' lang='lat'>?</span> <span class='ocrx_word' id='word_1_131' title='bbox 520 767 777 798; x_wconf 84' lang='lat' dir='ltr'>constantiorem?</span> <span class='ocrx_word' id='word_1_132' title='bbox 789 762 1022 804; x_wconf 77' lang='lat' dir='ltr'>praestantiorern</span> <span class='ocrx_word' id='word_1_133' title='bbox 1034 763 1130 791; x_wconf 90' lang='lat' dir='ltr'>virtu-</span> 
     </span>
     <span class='ocr_line' id='line_1_18' title="bbox 173 805 1125 849; baseline -0.006 -11"><span class='ocrx_word' id='word_1_134' title='bbox 173 817 221 842; x_wconf 76' lang='lat' dir='ltr'>te,</span> <span class='ocrx_word' id='word_1_135' title='bbox 240 809 415 848; x_wconf 88' lang='lat' dir='ltr'>prudentia,</span> <span class='ocrx_word' id='word_1_136' title='bbox 433 810 599 849; x_wconf 77' lang='lat' dir='ltr'>religione,</span> <span class='ocrx_word' id='word_1_137' title='bbox 614 809 771 847; x_wconf 86' lang='lat' dir='ltr'>aequitate?</span> <span class='ocrx_word' id='word_1_138' title='bbox 793 808 821 835; x_wconf 90' lang='lat' dir='ltr'>Is</span> <span class='ocrx_word' id='word_1_139' title='bbox 836 807 924 846; x_wconf 88' lang='lat' dir='ltr'>igitur</span> <span class='ocrx_word' id='word_1_140' title='bbox 934 805 1125 833; x_wconf 85' lang='lat' dir='ltr'>M.Annium</span> 
     </span>
     <span class='ocr_line' id='line_1_19' title="bbox 171 845 1125 890; baseline -0.005 -11"><span class='ocrx_word' id='word_1_141' title='bbox 171 851 304 890; x_wconf 86' lang='lat' dir='ltr'>Appium</span> <span class='ocrx_word' id='word_1_142' title='bbox 317 871 326 884; x_wconf 86' lang='lat'><em>‚</em></span> <span class='ocrx_word' id='word_1_143' title='bbox 349 849 543 881; x_wconf 85' lang='lat' dir='ltr'>fortiffimum</span> <span class='ocrx_word' id='word_1_144' title='bbox 558 851 658 879; x_wconf 90' lang='lat' dir='ltr'>virum</span> <span class='ocrx_word' id='word_1_145' title='bbox 669 868 678 882; x_wconf 88' lang='lat'>‚</span> <span class='ocrx_word' id='word_1_146' title='bbox 698 848 815 878; x_wconf 88' lang='lat' dir='ltr'>summa</span> <span class='ocrx_word' id='word_1_147' title='bbox 828 849 939 876; x_wconf 89' lang='lat' dir='ltr'>virtute</span> <span class='ocrx_word' id='word_1_148' title='bbox 954 845 1125 890; x_wconf 70' lang='lat' dir='ltr'>praefiitum,</span> 
     </span>
     <span class='ocr_line' id='line_1_20' title="bbox 172 886 1123 925; baseline -0.007 -3"><span class='ocrx_word' id='word_1_149' title='bbox 172 893 291 922; x_wconf 88' lang='lat' dir='ltr'>civitate</span> <span class='ocrx_word' id='word_1_150' title='bbox 301 892 444 925; x_wconf 86' lang='lat' dir='ltr'>donavit,</span> <span class='ocrx_word' id='word_1_151' title='bbox 458 890 530 922; x_wconf 76' lang='lat' dir='ltr'>curn</span> <span class='ocrx_word' id='word_1_152' title='bbox 541 891 747 920; x_wconf 82' lang='lat' dir='ltr'>Camertinum</span> <span class='ocrx_word' id='word_1_153' title='bbox 758 888 857 919; x_wconf 84' lang='lat' dir='ltr'>foedus</span> <span class='ocrx_word' id='word_1_154' title='bbox 868 908 877 922; x_wconf 84' lang='lat'><em>,</em></span> <span class='ocrx_word' id='word_1_155' title='bbox 892 886 1123 920; x_wconf 68' lang='lat' dir='ltr'>sanffiffimum,</span> 
     </span>
     <span class='ocr_line' id='line_1_21' title="bbox 171 929 1128 974; baseline -0.006 -10"><span class='ocrx_word' id='word_1_156' title='bbox 171 941 259 974; x_wconf 86' lang='lat' dir='ltr'>atque</span> <span class='ocrx_word' id='word_1_157' title='bbox 269 932 469 974; x_wconf 83' lang='lat' dir='ltr'>aequissimum</span> <span class='ocrx_word' id='word_1_158' title='bbox 480 932 565 962; x_wconf 85' lang='lat' dir='ltr'>sciret</span> <span class='ocrx_word' id='word_1_159' title='bbox 574 929 640 962; x_wconf 80' lang='lat' dir='ltr'>effe.</span> <span class='ocrx_word' id='word_1_160' title='bbox 658 930 756 962; x_wconf 87' lang='lat' dir='ltr'>Potest</span> <span class='ocrx_word' id='word_1_161' title='bbox 767 933 868 972; x_wconf 89' lang='lat' dir='ltr'>igitur,</span> <span class='ocrx_word' id='word_1_162' title='bbox 877 929 1004 969; x_wconf 85' lang='lat' dir='ltr'>judices,</span> <span class='ocrx_word' id='word_1_163' title='bbox 1014 931 1128 958; x_wconf 83' lang='lat' dir='ltr'>L.Cor—</span> 
     </span>
     <span class='ocr_line' id='line_1_22' title="bbox 171 971 1129 1008; baseline -0.005 -4"><span class='ocrx_word' id='word_1_164' title='bbox 171 977 269 1005; x_wconf 87' lang='lat' dir='ltr'>nelius</span> <span class='ocrx_word' id='word_1_165' title='bbox 279 975 494 1008; x_wconf 79' lang='lat' dir='ltr'>condemnari,</span> <span class='ocrx_word' id='word_1_166' title='bbox 512 983 621 1004; x_wconf 92' lang='lat' dir='ltr'>utnon</span> <span class='ocrx_word' id='word_1_167' title='bbox 632 975 664 1003; x_wconf 92' lang='lat' dir='ltr'>C.</span> <span class='ocrx_word' id='word_1_168' title='bbox 674 974 763 1003; x_wconf 91' lang='lat' dir='ltr'>Marii</span> <span class='ocrx_word' id='word_1_169' title='bbox 773 971 886 1003; x_wconf 58' lang='lat' dir='ltr'>facium</span> <span class='ocrx_word' id='word_1_170' title='bbox 897 971 1129 1001; x_wconf 85' lang='lat' dir='ltr'>condemnetur?</span> 
     </span>
     <span class='ocr_line' id='line_1_23' title="bbox 170 1012 1126 1057; baseline -0.006 -11"><span class='ocrx_word' id='word_1_171' title='bbox 170 1015 296 1047; x_wconf 80' lang='lat' dir='ltr'>Exsistat</span> <span class='ocrx_word' id='word_1_172' title='bbox 304 1026 374 1057; x_wconf 87' lang='lat' dir='ltr'>ergo</span> <span class='ocrx_word' id='word_1_173' title='bbox 383 1015 435 1045; x_wconf 92' lang='lat' dir='ltr'>ille</span> <span class='ocrx_word' id='word_1_174' title='bbox 445 1017 492 1045; x_wconf 92' lang='lat' dir='ltr'>vir</span> <span class='ocrx_word' id='word_1_175' title='bbox 498 1024 657 1055; x_wconf 82' lang='lat' dir='ltr'>parumper</span> <span class='ocrx_word' id='word_1_176' title='bbox 665 1016 846 1056; x_wconf 84' lang='lat' dir='ltr'>cogitatione</span> <span class='ocrx_word' id='word_1_177' title='bbox 857 1012 949 1043; x_wconf 88' lang='lat' dir='ltr'>vestra</span> <span class='ocrx_word' id='word_1_178' title='bbox 959 1032 968 1046; x_wconf 82' lang='lat'>‚</span> <span class='ocrx_word' id='word_1_179' title='bbox 978 1013 1126 1053; x_wconf 85' lang='lat' dir='ltr'>quoniam</span> 
     </span>
     <span class='ocr_line' id='line_1_24' title="bbox 169 1053 1128 1098; baseline -0.004 -11"><span class='ocrx_word' id='word_1_180' title='bbox 169 1067 201 1088; x_wconf 84' lang='lat' dir='ltr'>re</span> <span class='ocrx_word' id='word_1_181' title='bbox 214 1067 277 1087; x_wconf 90' lang='lat' dir='ltr'>non</span> <span class='ocrx_word' id='word_1_182' title='bbox 291 1056 404 1097; x_wconf 86' lang='lat' dir='ltr'>potest:</span> <span class='ocrx_word' id='word_1_183' title='bbox 425 1058 657 1098; x_wconf 87' lang='lat' dir='ltr'>utconspiciatis</span> <span class='ocrx_word' id='word_1_184' title='bbox 666 1066 737 1086; x_wconf 90' lang='lat' dir='ltr'>eum</span> <span class='ocrx_word' id='word_1_185' title='bbox 749 1054 905 1089; x_wconf 66' lang='lat' dir='ltr'>mentibus,</span> <span class='ocrx_word' id='word_1_186' title='bbox 927 1064 1018 1096; x_wconf 82' lang='lat' dir='ltr'>quem</span> <span class='ocrx_word' id='word_1_187' title='bbox 1033 1053 1128 1084; x_wconf 88' lang='lat' dir='ltr'>oculis</span> 
     </span>
     <span class='ocr_line' id='line_1_25' title="bbox 167 1096 1127 1139; baseline -0.004 -10"><span class='ocrx_word' id='word_1_188' title='bbox 167 1108 233 1129; x_wconf 79' lang='lat' dir='ltr'>non</span> <span class='ocrx_word' id='word_1_189' title='bbox 242 1098 375 1139; x_wconf 88' lang='lat' dir='ltr'>potestis.</span> <span class='ocrx_word' id='word_1_190' title='bbox 398 1097 497 1133; x_wconf 87' lang='lat' dir='ltr'>dicat,</span> <span class='ocrx_word' id='word_1_191' title='bbox 517 1099 545 1129; x_wconf 93' lang='lat' dir='ltr'>se</span> <span class='ocrx_word' id='word_1_192' title='bbox 563 1108 627 1129; x_wconf 91' lang='lat' dir='ltr'>non</span> <span class='ocrx_word' id='word_1_193' title='bbox 643 1099 822 1138; x_wconf 86' lang='lat' dir='ltr'>imperitum</span> <span class='ocrx_word' id='word_1_194' title='bbox 839 1096 962 1127; x_wconf 82' lang='lat' dir='ltr'>foederis</span> <span class='ocrx_word' id='word_1_195' title='bbox 973 1116 981 1130; x_wconf 70' lang='lat'>2</span> <span class='ocrx_word' id='word_1_196' title='bbox 1002 1105 1065 1126; x_wconf 91' lang='lat' dir='ltr'>non</span> <span class='ocrx_word' id='word_1_197' title='bbox 1077 1105 1127 1125; x_wconf 86' lang='lat' dir='ltr'>ru-</span> 
     </span>
     <span class='ocr_line' id='line_1_26' title="bbox 167 1137 1126 1182; baseline -0.003 -12"><span class='ocrx_word' id='word_1_198' title='bbox 167 1139 239 1170; x_wconf 91' lang='lat' dir='ltr'>dem</span> <span class='ocrx_word' id='word_1_199' title='bbox 252 1141 465 1181; x_wconf 84' lang='lat' dir='ltr'>exemplorum</span> <span class='ocrx_word' id='word_1_200' title='bbox 476 1160 486 1175; x_wconf 91' lang='lat'>,</span> <span class='ocrx_word' id='word_1_201' title='bbox 505 1144 519 1160; x_wconf 84' lang='lat'><em>²</em></span> <span class='ocrx_word' id='word_1_202' title='bbox 529 1150 595 1170; x_wconf 92' lang='lat' dir='ltr'>non</span> <span class='ocrx_word' id='word_1_203' title='bbox 609 1142 747 1182; x_wconf 88' lang='lat' dir='ltr'>ignarum</span> <span class='ocrx_word' id='word_1_204' title='bbox 763 1140 835 1170; x_wconf 90' lang='lat' dir='ltr'>belli</span> <span class='ocrx_word' id='word_1_205' title='bbox 848 1137 951 1169; x_wconf 76' lang='lat' dir='ltr'>fuisse:</span> <span class='ocrx_word' id='word_1_206' title='bbox 972 1139 999 1168; x_wconf 86' lang='lat' dir='ltr'>se</span> <span class='ocrx_word' id='word_1_207' title='bbox 1010 1137 1126 1168; x_wconf 82' lang='lat' dir='ltr'>P-Afri·</span> 
     </span>
     <span class='ocr_line' id='line_1_27' title="bbox 166 1179 1126 1222; baseline -0.004 -9"><span class='ocrx_word' id='word_1_208' title='bbox 166 1184 233 1213; x_wconf 85' lang='lat' dir='ltr'>cani</span> <span class='ocrx_word' id='word_1_209' title='bbox 245 1183 426 1222; x_wconf 90' lang='lat' dir='ltr'>discipulum</span> <span class='ocrx_word' id='word_1_210' title='bbox 438 1203 446 1216; x_wconf 86' lang='lat'><em>,</em></span> <span class='ocrx_word' id='word_1_211' title='bbox 457 1193 489 1213; x_wconf 92' lang='lat' dir='ltr'>ac</span> <span class='ocrx_word' id='word_1_212' title='bbox 500 1182 633 1212; x_wconf 90' lang='lat' dir='ltr'>militem</span> <span class='ocrx_word' id='word_1_213' title='bbox 645 1192 651 1211; x_wconf 81' lang='lat'>2</span> <span class='ocrx_word' id='word_1_214' title='bbox 662 1182 690 1212; x_wconf 90' lang='lat' dir='ltr'>se</span> <span class='ocrx_word' id='word_1_215' title='bbox 701 1181 858 1222; x_wconf 87' lang='lat' dir='ltr'>stipendiis</span> <span class='ocrx_word' id='word_1_216' title='bbox 867 1201 876 1214; x_wconf 96' lang='lat'><em>,</em></span> <span class='ocrx_word' id='word_1_217' title='bbox 888 1181 916 1211; x_wconf 87' lang='lat' dir='ltr'>se</span> <span class='ocrx_word' id='word_1_218' title='bbox 925 1179 1126 1221; x_wconf 73' lang='lat' dir='ltr'>legationibus</span> 
     </span>
     <span class='ocr_line' id='line_1_28' title="bbox 167 1220 1125 1264; baseline -0.004 -10"><span class='ocrx_word' id='word_1_219' title='bbox 167 1224 285 1256; x_wconf 86' lang='lat' dir='ltr'>bellicis</span> <span class='ocrx_word' id='word_1_220' title='bbox 295 1224 447 1254; x_wconf 82' lang='lat' dir='ltr'>eruditum</span> <span class='ocrx_word' id='word_1_221' title='bbox 460 1235 466 1253; x_wconf 76' lang='lat'>2</span> <span class='ocrx_word' id='word_1_222' title='bbox 486 1225 515 1254; x_wconf 91' lang='lat' dir='ltr'>se</span> <span class='ocrx_word' id='word_1_223' title='bbox 523 1244 532 1257; x_wconf 85' lang='lat'>‚</span> <span class='ocrx_word' id='word_1_224' title='bbox 552 1222 573 1254; x_wconf 80' lang='lat' dir='ltr'>si</span> <span class='ocrx_word' id='word_1_225' title='bbox 582 1232 662 1254; x_wconf 89' lang='lat' dir='ltr'>tanta</span> <span class='ocrx_word' id='word_1_226' title='bbox 671 1223 750 1253; x_wconf 88' lang='lat' dir='ltr'>bella</span> <span class='ocrx_word' id='word_1_227' title='bbox 758 1221 873 1264; x_wconf 79' lang='lat' dir='ltr'>legiss&#39;et</span> <span class='ocrx_word' id='word_1_228' title='bbox 884 1243 892 1255; x_wconf 91' lang='lat'>,</span> <span class='ocrx_word' id='word_1_229' title='bbox 911 1231 1019 1262; x_wconf 88' lang='lat' dir='ltr'>quanta</span> <span class='ocrx_word' id='word_1_230' title='bbox 1028 1220 1125 1262; x_wconf 75' lang='lat' dir='ltr'>gestit,</span> 
     </span>
     <span class='ocr_line' id='line_1_29' title="bbox 167 1263 1125 1305; baseline -0.005 -9"><span class='ocrx_word' id='word_1_231' title='bbox 167 1267 202 1297; x_wconf 73' lang='grc' dir='ltr'>δε</span> <span class='ocrx_word' id='word_1_232' title='bbox 211 1265 359 1296; x_wconf 89' lang='lat' dir='ltr'>confecit:</span> <span class='ocrx_word' id='word_1_233' title='bbox 371 1264 393 1295; x_wconf 87' lang='lat' dir='ltr'>fi</span> <span class='ocrx_word' id='word_1_234' title='bbox 404 1274 448 1296; x_wconf 92' lang='lat' dir='ltr'>tot</span> <span class='ocrx_word' id='word_1_235' title='bbox 455 1265 629 1296; x_wconf 89' lang='lat' dir='ltr'>consulibus</span> <span class='ocrx_word' id='word_1_236' title='bbox 640 1263 795 1295; x_wconf 85' lang='lat' dir='ltr'>meruiffet</span> <span class='ocrx_word' id='word_1_237' title='bbox 804 1284 812 1298; x_wconf 86' lang='lat'><strong>,</strong></span> <span class='ocrx_word' id='word_1_238' title='bbox 824 1265 941 1305; x_wconf 83' lang='lat' dir='ltr'>quoties</span> <span class='ocrx_word' id='word_1_239' title='bbox 952 1264 1010 1303; x_wconf 87' lang='lat' dir='ltr'>ipse</span> <span class='ocrx_word' id='word_1_240' title='bbox 1021 1263 1125 1293; x_wconf 84' lang='lat' dir='ltr'>consul</span> 
     </span>
     <span class='ocr_line' id='line_1_30' title="bbox 163 1303 1123 1347; baseline -0.005 -9"><span class='ocrx_word' id='word_1_241' title='bbox 163 1306 266 1338; x_wconf 83' lang='lat' dir='ltr'>fuifl&#39;et</span> <span class='ocrx_word' id='word_1_242' title='bbox 275 1327 283 1341; x_wconf 86' lang='lat'><strong>,</strong></span> <span class='ocrx_word' id='word_1_243' title='bbox 299 1307 477 1347; x_wconf 83' lang='lat' dir='ltr'>omniajura</span> <span class='ocrx_word' id='word_1_244' title='bbox 487 1307 559 1337; x_wconf 90' lang='lat' dir='ltr'>belli</span> <span class='ocrx_word' id='word_1_245' title='bbox 570 1307 734 1346; x_wconf 83' lang='lat' dir='ltr'>perdiscere</span> <span class='ocrx_word' id='word_1_246' title='bbox 745 1326 753 1340; x_wconf 93' lang='lat'>,</span> <span class='ocrx_word' id='word_1_247' title='bbox 771 1316 803 1336; x_wconf 90' lang='lat' dir='ltr'>ac</span> <span class='ocrx_word' id='word_1_248' title='bbox 812 1304 895 1335; x_wconf 80' lang='lat' dir='ltr'>noffe</span> <span class='ocrx_word' id='word_1_249' title='bbox 907 1303 1034 1345; x_wconf 77' lang='lat' dir='ltr'>potuisse</span> <span class='ocrx_word' id='word_1_250' title='bbox 1047 1315 1052 1333; x_wconf 91' lang='lat'><strong>:</strong></span> <span class='ocrx_word' id='word_1_251' title='bbox 1069 1303 1123 1334; x_wconf 83' lang='lat' dir='ltr'>sibi</span> 
     </span>
     <span class='ocr_line' id='line_1_31' title="bbox 167 1346 1123 1389; baseline -0.004 -9"><span class='ocrx_word' id='word_1_252' title='bbox 167 1360 231 1380; x_wconf 90' lang='lat' dir='ltr'>non</span> <span class='ocrx_word' id='word_1_253' title='bbox 246 1347 333 1379; x_wconf 86' lang='lat' dir='ltr'>fuisse</span> <span class='ocrx_word' id='word_1_254' title='bbox 346 1349 474 1379; x_wconf 89' lang='lat' dir='ltr'>dubium</span> <span class='ocrx_word' id='word_1_255' title='bbox 484 1368 493 1383; x_wconf 90' lang='lat'>,</span> <span class='ocrx_word' id='word_1_256' title='bbox 513 1350 588 1389; x_wconf 91' lang='lat' dir='ltr'>quin</span> <span class='ocrx_word' id='word_1_257' title='bbox 601 1348 689 1378; x_wconf 90' lang='lat' dir='ltr'>nullo</span> <span class='ocrx_word' id='word_1_258' title='bbox 701 1347 814 1377; x_wconf 84' lang='lat' dir='ltr'>foedere</span> <span class='ocrx_word' id='word_1_259' title='bbox 827 1347 842 1377; x_wconf 76' lang='lat' dir='ltr'>a</span> <span class='ocrx_word' id='word_1_260' title='bbox 856 1347 969 1387; x_wconf 88' lang='lat' dir='ltr'>republ.</span> <span class='ocrx_word' id='word_1_261' title='bbox 984 1346 1061 1376; x_wconf 88' lang='lat' dir='ltr'>bene</span> <span class='ocrx_word' id='word_1_262' title='bbox 1071 1356 1123 1386; x_wconf 89' lang='lat' dir='ltr'>ge-</span> 
     </span>
     <span class='ocr_line' id='line_1_32' title="bbox 165 1387 1123 1430; baseline -0.005 -8"><span class='ocrx_word' id='word_1_263' title='bbox 165 1391 257 1422; x_wconf 87' lang='lat' dir='ltr'>renda</span> <span class='ocrx_word' id='word_1_264' title='bbox 271 1390 481 1430; x_wconf 85' lang='lat' dir='ltr'>impediretur:</span> <span class='ocrx_word' id='word_1_265' title='bbox 500 1390 516 1420; x_wconf 71' lang='lat' dir='ltr'>a</span> <span class='ocrx_word' id='word_1_266' title='bbox 529 1390 557 1420; x_wconf 89' lang='lat' dir='ltr'>se</span> <span class='ocrx_word' id='word_1_267' title='bbox 570 1399 609 1419; x_wconf 88' lang='lat' dir='ltr'>ex</span> <span class='ocrx_word' id='word_1_268' title='bbox 623 1387 867 1429; x_wconf 57' lang='lat' dir='ltr'>conjunciiffima</span> <span class='ocrx_word' id='word_1_269' title='bbox 878 1409 887 1421; x_wconf 93' lang='lat'><em>‚</em></span> <span class='ocrx_word' id='word_1_270' title='bbox 907 1396 994 1429; x_wconf 86' lang='lat' dir='ltr'>atque</span> <span class='ocrx_word' id='word_1_271' title='bbox 1005 1388 1123 1418; x_wconf 85' lang='lat' dir='ltr'>amicis-</span> 
     </span>
     <span class='ocr_line' id='line_1_33' title="bbox 164 1429 1121 1471; baseline -0.003 -9"><span class='ocrx_word' id='word_1_272' title='bbox 164 1432 238 1463; x_wconf 85' lang='lat' dir='ltr'>fima</span> <span class='ocrx_word' id='word_1_273' title='bbox 246 1433 364 1462; x_wconf 89' lang='lat' dir='ltr'>civitate</span> <span class='ocrx_word' id='word_1_274' title='bbox 371 1430 570 1462; x_wconf 82' lang='lat' dir='ltr'>fortifl&#39;imum</span> <span class='ocrx_word' id='word_1_275' title='bbox 580 1441 731 1471; x_wconf 89' lang='lat' dir='ltr'>quemque</span> <span class='ocrx_word' id='word_1_276' title='bbox 742 1429 799 1460; x_wconf 85' lang='lat' dir='ltr'>effe</span> <span class='ocrx_word' id='word_1_277' title='bbox 809 1429 961 1461; x_wconf 70' lang='lat' dir='ltr'>dele&amp;um</span> <span class='ocrx_word' id='word_1_278' title='bbox 973 1440 979 1459; x_wconf 78' lang='lat' dir='ltr'>t</span> <span class='ocrx_word' id='word_1_279' title='bbox 1002 1433 1014 1457; x_wconf 87' lang='lat'>3</span> <span class='ocrx_word' id='word_1_280' title='bbox 1025 1439 1121 1470; x_wconf 89' lang='lat' dir='ltr'>neque</span> 
     </span>
     <span class='ocr_line' id='line_1_34' title="bbox 163 1470 1120 1515; baseline -0.004 -11"><span class='ocrx_word' id='word_1_281' title='bbox 163 1474 369 1515; x_wconf 79' lang='lat' dir='ltr'>Fulginatium</span> <span class='ocrx_word' id='word_1_282' title='bbox 388 1492 397 1507; x_wconf 83' lang='lat'>‚</span> <span class='ocrx_word' id='word_1_283' title='bbox 420 1482 519 1513; x_wconf 89' lang='lat' dir='ltr'>neque</span> <span class='ocrx_word' id='word_1_284' title='bbox 537 1474 721 1503; x_wconf 83' lang='lat' dir='ltr'>Camertium</span> <span class='ocrx_word' id='word_1_285' title='bbox 741 1472 854 1503; x_wconf 84' lang='lat' dir='ltr'>foedere</span> <span class='ocrx_word' id='word_1_286' title='bbox 864 1470 922 1501; x_wconf 86' lang='lat' dir='ltr'>effe</span> <span class='ocrx_word' id='word_1_287' title='bbox 941 1480 1120 1512; x_wconf 85' lang='lat' dir='ltr'>exceptum:</span> 
     </span>
     <span class='ocr_line' id='line_1_35' title="bbox 159 1513 1120 1557; baseline -0.004 -11"><span class='ocrx_word' id='word_1_288' title='bbox 159 1525 223 1557; x_wconf 89' lang='lat' dir='ltr'>quo</span> <span class='ocrx_word' id='word_1_289' title='bbox 234 1514 338 1545; x_wconf 78' lang='lat' dir='ltr'>minus</span> <span class='ocrx_word' id='word_1_290' title='bbox 348 1524 454 1544; x_wconf 90' lang='lat' dir='ltr'>eorum</span> <span class='ocrx_word' id='word_1_291' title='bbox 462 1514 580 1545; x_wconf 90' lang='lat' dir='ltr'>civibus</span> <span class='ocrx_word' id='word_1_292' title='bbox 589 1513 605 1545; x_wconf 76' lang='lat' dir='ltr'>a</span> <span class='ocrx_word' id='word_1_293' title='bbox 614 1514 729 1554; x_wconf 85' lang='lat' dir='ltr'>populo</span> <span class='ocrx_word' id='word_1_294' title='bbox 739 1516 884 1545; x_wconf 89' lang='lat' dir='ltr'>Romano</span> <span class='ocrx_word' id='word_1_295' title='bbox 896 1515 1017 1553; x_wconf 85' lang='lat' dir='ltr'>praemia</span> <span class='ocrx_word' id='word_1_296' title='bbox 1026 1515 1120 1543; x_wconf 72' lang='lat' dir='ltr'>virtu-</span> 
     </span>
     <span class='ocr_line' id='line_1_36' title="bbox 163 1554 1119 1598; baseline -0.002 -11"><span class='ocrx_word' id='word_1_297' title='bbox 163 1566 200 1589; x_wconf 84' lang='lat' dir='ltr'>tis</span> <span class='ocrx_word' id='word_1_298' title='bbox 219 1556 430 1590; x_wconf 80' lang='lat' dir='ltr'>tribuerentur.</span> <span class='ocrx_word' id='word_1_299' title='bbox 453 1559 556 1598; x_wconf 88' lang='lat' dir='ltr'>Itaque</span> <span class='ocrx_word' id='word_1_300' title='bbox 566 1576 575 1590; x_wconf 86' lang='lat'>‚</span> <span class='ocrx_word' id='word_1_301' title='bbox 593 1566 665 1586; x_wconf 91' lang='lat' dir='ltr'>cum</span> <span class='ocrx_word' id='word_1_302' title='bbox 675 1558 775 1596; x_wconf 86' lang='lat' dir='ltr'>paucis</span> <span class='ocrx_word' id='word_1_303' title='bbox 785 1557 870 1586; x_wconf 91' lang='lat' dir='ltr'>annis</span> <span class='ocrx_word' id='word_1_304' title='bbox 880 1554 946 1595; x_wconf 90' lang='lat' dir='ltr'>post</span> <span class='ocrx_word' id='word_1_305' title='bbox 956 1556 1032 1585; x_wconf 88' lang='lat' dir='ltr'>hanc</span> <span class='ocrx_word' id='word_1_306' title='bbox 1042 1556 1119 1585; x_wconf 86' lang='lat' dir='ltr'>civi—</span> 
     </span>
     <span class='ocr_line' id='line_1_37' title="bbox 161 1596 1120 1639; baseline -0.003 -10"><span class='ocrx_word' id='word_1_307' title='bbox 161 1600 228 1630; x_wconf 87' lang='lat' dir='ltr'>t&#39;atis</span> <span class='ocrx_word' id='word_1_308' title='bbox 237 1597 434 1628; x_wconf 78' lang='lat' dir='ltr'>donationem</span> <span class='ocrx_word' id='word_1_309' title='bbox 444 1600 587 1628; x_wconf 87' lang='lat' dir='ltr'>acerrima</span> <span class='ocrx_word' id='word_1_310' title='bbox 595 1597 631 1628; x_wconf 90' lang='lat' dir='ltr'>de</span> <span class='ocrx_word' id='word_1_311' title='bbox 642 1600 760 1629; x_wconf 89' lang='lat' dir='ltr'>civitate</span> <span class='ocrx_word' id='word_1_312' title='bbox 771 1596 898 1639; x_wconf 80' lang='lat' dir='ltr'>quaestio</span> <span class='ocrx_word' id='word_1_313' title='bbox 910 1616 919 1630; x_wconf 86' lang='lat'>‚</span> <span class='ocrx_word' id='word_1_314' title='bbox 934 1598 1052 1627; x_wconf 89' lang='lat' dir='ltr'>Licinia</span> <span class='ocrx_word' id='word_1_315' title='bbox 1062 1616 1070 1630; x_wconf 88' lang='lat'>‚</span> <span class='ocrx_word' id='word_1_316' title='bbox 1086 1596 1120 1627; x_wconf 68' lang='grc' dir='ltr'>ὃς</span> 
     </span>
     <span class='ocr_line' id='line_1_38' title="bbox 161 1638 1119 1681; baseline -0.003 -10"><span class='ocrx_word' id='word_1_317' title='bbox 161 1642 265 1671; x_wconf 87' lang='lat' dir='ltr'>Mucia</span> <span class='ocrx_word' id='word_1_318' title='bbox 278 1640 341 1681; x_wconf 88' lang='lat' dir='ltr'>lege</span> <span class='ocrx_word' id='word_1_319' title='bbox 351 1660 360 1674; x_wconf 91' lang='lat'>,</span> <span class='ocrx_word' id='word_1_320' title='bbox 379 1638 521 1670; x_wconf 78' lang='lat' dir='ltr'>venisset:</span> <span class='ocrx_word' id='word_1_321' title='bbox 545 1650 620 1670; x_wconf 90' lang='lat' dir='ltr'>num</span> <span class='ocrx_word' id='word_1_322' title='bbox 634 1641 701 1681; x_wconf 86' lang='lat' dir='ltr'>quis</span> <span class='ocrx_word' id='word_1_323' title='bbox 711 1649 816 1670; x_wconf 89' lang='lat' dir='ltr'>eorum</span> <span class='ocrx_word' id='word_1_324' title='bbox 830 1659 838 1673; x_wconf 88' lang='lat'>‚</span> <span class='ocrx_word' id='word_1_325' title='bbox 859 1640 910 1679; x_wconf 89' lang='lat' dir='ltr'>qui</span> <span class='ocrx_word' id='word_1_326' title='bbox 920 1639 957 1669; x_wconf 89' lang='lat' dir='ltr'>de</span> <span class='ocrx_word' id='word_1_327' title='bbox 968 1638 1119 1669; x_wconf 86' lang='lat' dir='ltr'>foederatis</span> 
     </span>
     <span class='ocr_line' id='line_1_39' title="bbox 161 1679 1118 1721; baseline -0.003 -8"><span class='ocrx_word' id='word_1_328' title='bbox 161 1681 332 1713; x_wconf 81' lang='lat' dir='ltr'>civitatibus</span> <span class='ocrx_word' id='word_1_329' title='bbox 344 1679 416 1712; x_wconf 79' lang='lat' dir='ltr'>efl&#39;et</span> <span class='ocrx_word' id='word_1_330' title='bbox 427 1683 547 1712; x_wconf 89' lang='lat' dir='ltr'>civitate</span> <span class='ocrx_word' id='word_1_331' title='bbox 560 1682 688 1713; x_wconf 88' lang='lat' dir='ltr'>donatus</span> <span class='ocrx_word' id='word_1_332' title='bbox 699 1702 708 1716; x_wconf 88' lang='lat'>‚</span> <span class='ocrx_word' id='word_1_333' title='bbox 728 1683 759 1711; x_wconf 91' lang='lat' dir='ltr'>in</span> <span class='ocrx_word' id='word_1_334' title='bbox 768 1681 921 1721; x_wconf 87' lang='lat' dir='ltr'>judicium</span> <span class='ocrx_word' id='word_1_335' title='bbox 933 1680 974 1711; x_wconf 87' lang='lat' dir='ltr'>est</span> <span class='ocrx_word' id='word_1_336' title='bbox 983 1682 1118 1711; x_wconf 82' lang='lat' dir='ltr'>vocatus?</span> 
     </span>
     <span class='ocr_line' id='line_1_40' title="bbox 160 1723 1118 1764; baseline -0.003 -9"><span class='ocrx_word' id='word_1_337' title='bbox 160 1734 233 1755; x_wconf 88' lang='lat' dir='ltr'>nam</span> <span class='ocrx_word' id='word_1_338' title='bbox 241 1727 258 1750; x_wconf 87' lang='lat'><em>4</em></span> <span class='ocrx_word' id='word_1_339' title='bbox 266 1723 437 1764; x_wconf 85' lang='lat' dir='ltr'>Spoletinus</span> <span class='ocrx_word' id='word_1_340' title='bbox 446 1725 645 1755; x_wconf 79' lang='lat' dir='ltr'>L-Matrinius</span> <span class='ocrx_word' id='word_1_341' title='bbox 656 1744 664 1758; x_wconf 85' lang='grc'>,</span> <span class='ocrx_word' id='word_1_342' title='bbox 675 1733 755 1754; x_wconf 90' lang='lat' dir='ltr'>unus</span> <span class='ocrx_word' id='word_1_343' title='bbox 764 1733 802 1754; x_wconf 84' lang='lat' dir='ltr'>ex</span> <span class='ocrx_word' id='word_1_344' title='bbox 813 1725 850 1753; x_wconf 80' lang='lat' dir='ltr'>iis</span> <span class='ocrx_word' id='word_1_345' title='bbox 861 1743 869 1757; x_wconf 82' lang='grc'>,</span> <span class='ocrx_word' id='word_1_346' title='bbox 880 1732 957 1764; x_wconf 72' lang='lat' dir='ltr'>quot</span> <span class='ocrx_word' id='word_1_347' title='bbox 968 1725 1118 1753; x_wconf 86' lang='lat' dir='ltr'>C.Marius</span> 
     </span>
     <span class='ocr_line' id='line_1_41' title="bbox 159 1764 1118 1804; baseline -0.002 -8"><span class='ocrx_word' id='word_1_348' title='bbox 159 1767 279 1796; x_wconf 86' lang='lat' dir='ltr'>civitate</span> <span class='ocrx_word' id='word_1_349' title='bbox 290 1764 441 1799; x_wconf 72' lang='lat' dir='ltr'>donasset,</span> <span class='ocrx_word' id='word_1_350' title='bbox 462 1765 542 1796; x_wconf 89' lang='lat' dir='ltr'>dixit</span> <span class='ocrx_word' id='word_1_351' title='bbox 551 1766 668 1796; x_wconf 90' lang='lat' dir='ltr'>causam</span> <span class='ocrx_word' id='word_1_352' title='bbox 683 1775 721 1796; x_wconf 83' lang='lat' dir='ltr'>ex</span> <span class='ocrx_word' id='word_1_353' title='bbox 738 1766 859 1796; x_wconf 88' lang='lat' dir='ltr'>colonia</span> <span class='ocrx_word' id='word_1_354' title='bbox 868 1766 974 1795; x_wconf 89' lang='lat' dir='ltr'>Latina</span> <span class='ocrx_word' id='word_1_355' title='bbox 984 1785 992 1798; x_wconf 88' lang='lat'><strong><em>,</em></strong></span> <span class='ocrx_word' id='word_1_356' title='bbox 1012 1766 1044 1795; x_wconf 91' lang='lat' dir='ltr'>in</span> <span class='ocrx_word' id='word_1_357' title='bbox 1057 1766 1118 1804; x_wconf 85' lang='lat' dir='ltr'>pri-</span> 
     </span>
     <span class='ocr_line' id='line_1_42' title="bbox 162 1805 1118 1848; baseline -0.001 -11"><span class='ocrx_word' id='word_1_358' title='bbox 162 1809 224 1837; x_wconf 88' lang='lat' dir='ltr'>mis</span> <span class='ocrx_word' id='word_1_359' title='bbox 242 1805 328 1836; x_wconf 85' lang='lat' dir='ltr'>firma</span> <span class='ocrx_word' id='word_1_360' title='bbox 340 1827 348 1839; x_wconf 93' lang='lat'>‚</span> <span class='ocrx_word' id='word_1_361' title='bbox 371 1806 403 1837; x_wconf 85' lang='lat'>&amp;</span> <span class='ocrx_word' id='word_1_362' title='bbox 416 1807 534 1837; x_wconf 85' lang='lat' dir='ltr'>illustri.</span> <span class='ocrx_word' id='word_1_363' title='bbox 557 1817 649 1848; x_wconf 86' lang='lat' dir='ltr'>quern</span> <span class='ocrx_word' id='word_1_364' title='bbox 659 1806 731 1837; x_wconf 78' lang='lat' dir='ltr'>curn</span> <span class='ocrx_word' id='word_1_365' title='bbox 742 1807 869 1837; x_wconf 87' lang='lat' dir='ltr'>disertus</span> <span class='ocrx_word' id='word_1_366' title='bbox 878 1807 974 1836; x_wconf 90' lang='lat' dir='ltr'>homo</span> <span class='ocrx_word' id='word_1_367' title='bbox 984 1808 1019 1836; x_wconf 94' lang='lat' dir='ltr'>L.</span> <span class='ocrx_word' id='word_1_368' title='bbox 1029 1807 1118 1836; x_wconf 84' lang='lat' dir='ltr'>Anti-</span> 
     </span>
     <span class='ocr_line' id='line_1_43' title="bbox 162 1848 1116 1889; baseline -0.001 -11"><span class='ocrx_word' id='word_1_369' title='bbox 162 1848 235 1880; x_wconf 87' lang='lat' dir='ltr'>stius</span> <span class='ocrx_word' id='word_1_370' title='bbox 245 1849 403 1882; x_wconf 88' lang='lat' dir='ltr'>accusaret,</span> <span class='ocrx_word' id='word_1_371' title='bbox 425 1849 599 1889; x_wconf 87' lang='lat' dir='ltr'>Spoletinus</span> <span class='ocrx_word' id='word_1_372' title='bbox 615 1849 712 1882; x_wconf 82' lang='lat' dir='ltr'>dixit,</span> <span class='ocrx_word' id='word_1_373' title='bbox 732 1848 863 1878; x_wconf 87' lang='lat' dir='ltr'>fundum</span> <span class='ocrx_word' id='word_1_374' title='bbox 881 1848 1029 1887; x_wconf 91' lang='lat' dir='ltr'>populum</span> <span class='ocrx_word' id='word_1_375' title='bbox 1040 1851 1116 1887; x_wconf 91' lang='lat' dir='ltr'>Spo-</span> 
     </span>
     <span class='ocr_line' id='line_1_44' title="bbox 161 1888 1115 1929; baseline -0.003 -8"><span class='ocrx_word' id='word_1_376' title='bbox 161 1891 292 1921; x_wconf 86' lang='lat' dir='ltr'>letinum</span> <span class='ocrx_word' id='word_1_377' title='bbox 310 1899 375 1920; x_wconf 87' lang='lat' dir='ltr'>non</span> <span class='ocrx_word' id='word_1_378' title='bbox 393 1888 450 1920; x_wconf 84' lang='lat' dir='ltr'>effe</span> <span class='ocrx_word' id='word_1_379' title='bbox 468 1889 592 1921; x_wconf 56' lang='lat' dir='ltr'>facium.</span> <span class='ocrx_word' id='word_1_380' title='bbox 615 1890 735 1921; x_wconf 89' lang='lat' dir='ltr'>videbat</span> <span class='ocrx_word' id='word_1_381' title='bbox 751 1891 834 1920; x_wconf 89' lang='lat' dir='ltr'>enim</span> <span class='ocrx_word' id='word_1_382' title='bbox 846 1909 854 1923; x_wconf 89' lang='lat'>,</span> <span class='ocrx_word' id='word_1_383' title='bbox 874 1889 1004 1929; x_wconf 88' lang='lat' dir='ltr'>populos</span> <span class='ocrx_word' id='word_1_384' title='bbox 1014 1889 1050 1919; x_wconf 90' lang='lat' dir='ltr'>de</span> <span class='ocrx_word' id='word_1_385' title='bbox 1061 1889 1115 1919; x_wconf 92' lang='lat' dir='ltr'>suo</span> 
     </span>
     <span class='ocr_line' id='line_1_45' title="bbox 156 1929 1117 1974; baseline -0.002 -12"><span class='ocrx_word' id='word_1_386' title='bbox 156 1932 244 1974; x_wconf 88' lang='lat' dir='ltr'>jure,</span> <span class='ocrx_word' id='word_1_387' title='bbox 263 1941 328 1962; x_wconf 91' lang='lat' dir='ltr'>non</span> <span class='ocrx_word' id='word_1_388' title='bbox 346 1931 383 1961; x_wconf 89' lang='lat' dir='ltr'>de</span> <span class='ocrx_word' id='word_1_389' title='bbox 400 1930 524 1966; x_wconf 86' lang='lat' dir='ltr'>nostro,</span> <span class='ocrx_word' id='word_1_390' title='bbox 544 1931 655 1962; x_wconf 89' lang='lat' dir='ltr'>fundos</span> <span class='ocrx_word' id='word_1_391' title='bbox 668 1931 854 1965; x_wconf 81' lang='lat' dir='ltr'>fierisoiere;</span> <span class='ocrx_word' id='word_1_392' title='bbox 874 1931 924 1961; x_wconf 89' lang='lat' dir='ltr'>sed</span> <span class='ocrx_word' id='word_1_393' title='bbox 937 1950 945 1964; x_wconf 86' lang='lat'>,</span> <span class='ocrx_word' id='word_1_394' title='bbox 964 1929 1037 1961; x_wconf 78' lang='lat' dir='ltr'>cum</span> <span class='ocrx_word' id='word_1_395' title='bbox 1053 1930 1117 1972; x_wconf 89' lang='lat' dir='ltr'>lege</span> 
     </span>
     <span class='ocr_line' id='line_1_46' title="bbox 160 1971 1116 2014; baseline -0.002 -11"><span class='ocrx_word' id='word_1_396' title='bbox 160 1973 286 2014; x_wconf 82' lang='lat' dir='ltr'>Apuleia</span> <span class='ocrx_word' id='word_1_397' title='bbox 297 1973 427 2003; x_wconf 79' lang='lat' dir='ltr'>coloniae</span> <span class='ocrx_word' id='word_1_398' title='bbox 438 1983 503 2003; x_wconf 90' lang='lat' dir='ltr'>non</span> <span class='ocrx_word' id='word_1_399' title='bbox 513 1971 607 2003; x_wconf 78' lang='lat' dir='ltr'>efl&#39;ent</span> <span class='ocrx_word' id='word_1_400' title='bbox 616 1972 750 2003; x_wconf 69' lang='lat' dir='ltr'>dedu&amp;ae</span> <span class='ocrx_word' id='word_1_401' title='bbox 761 1993 769 2007; x_wconf 95' lang='lat'>,</span> <span class='ocrx_word' id='word_1_402' title='bbox 788 1982 847 2013; x_wconf 90' lang='lat' dir='ltr'>qua</span> <span class='ocrx_word' id='word_1_403' title='bbox 864 1973 928 2014; x_wconf 87' lang='lat' dir='ltr'>lege</span> <span class='ocrx_word' id='word_1_404' title='bbox 937 1973 1116 2003; x_wconf 81' lang='lat' dir='ltr'>Saturninus</span> 
     </span>
     <span class='ocr_line' id='line_1_47' title="bbox 161 2013 1117 2056; baseline -0.003 -10"><span class='ocrx_word' id='word_1_405' title='bbox 161 2016 296 2046; x_wconf 80' lang='lat' dir='ltr'>CMario</span> <span class='ocrx_word' id='word_1_406' title='bbox 309 2015 432 2048; x_wconf 84' lang='lat' dir='ltr'>tulerat,</span> <span class='ocrx_word' id='word_1_407' title='bbox 454 2023 487 2045; x_wconf 92' lang='lat' dir='ltr'>ut</span> <span class='ocrx_word' id='word_1_408' title='bbox 499 2016 533 2044; x_wconf 91' lang='lat' dir='ltr'>in</span> <span class='ocrx_word' id='word_1_409' title='bbox 545 2013 672 2056; x_wconf 78' lang='lat' dir='ltr'>singulas</span> <span class='ocrx_word' id='word_1_410' title='bbox 684 2015 818 2044; x_wconf 84' lang='lat' dir='ltr'>colonias</span> <span class='ocrx_word' id='word_1_411' title='bbox 833 2023 933 2044; x_wconf 88' lang='lat' dir='ltr'>ternos</span> <span class='ocrx_word' id='word_1_412' title='bbox 946 2015 1039 2043; x_wconf 89' lang='lat' dir='ltr'>civeis</span> <span class='ocrx_word' id='word_1_413' title='bbox 1052 2015 1117 2043; x_wconf 91' lang='lat' dir='ltr'>Ro-</span> 
     </span>
     <span class='ocr_line' id='line_1_48' title="bbox 161 2054 1113 2097; baseline -0.004 -10"><span class='ocrx_word' id='word_1_414' title='bbox 161 2066 242 2087; x_wconf 88' lang='lat' dir='ltr'>man.</span> <span class='ocrx_word' id='word_1_415' title='bbox 252 2055 348 2087; x_wconf 89' lang='lat' dir='ltr'>facere</span> <span class='ocrx_word' id='word_1_416' title='bbox 357 2055 463 2097; x_wconf 86' lang='lat' dir='ltr'>posset,</span> <span class='ocrx_word' id='word_1_417' title='bbox 477 2056 600 2096; x_wconf 82' lang='lat' dir='ltr'>negabat</span> <span class='ocrx_word' id='word_1_418' title='bbox 608 2057 667 2086; x_wconf 92' lang='lat' dir='ltr'>hoc</span> <span class='ocrx_word' id='word_1_419' title='bbox 675 2055 871 2089; x_wconf 89' lang='lat' dir='ltr'>beneficium,</span> <span class='ocrx_word' id='word_1_420' title='bbox 883 2065 910 2085; x_wconf 89' lang='lat' dir='ltr'>re</span> <span class='ocrx_word' id='word_1_421' title='bbox 920 2055 979 2097; x_wconf 60' lang='lat' dir='ltr'>ipsit</span> <span class='ocrx_word' id='word_1_422' title='bbox 984 2054 1113 2095; x_wconf 83' lang='lat' dir='ltr'>sublata,</span> 
     </span>
     <span class='ocr_line' id='line_1_49' title="bbox 159 2095 1113 2129; baseline -0.002 0"><span class='ocrx_word' id='word_1_423' title='bbox 159 2099 259 2129; x_wconf 88' lang='lat' dir='ltr'>valere</span> <span class='ocrx_word' id='word_1_424' title='bbox 267 2098 387 2128; x_wconf 88' lang='lat' dir='ltr'>debere.</span> <span class='ocrx_word' id='word_1_425' title='bbox 411 2098 500 2128; x_wconf 89' lang='lat' dir='ltr'>Nihil</span> <span class='ocrx_word' id='word_1_426' title='bbox 509 2097 598 2128; x_wconf 86' lang='lat' dir='ltr'>habet</span> <span class='ocrx_word' id='word_1_427' title='bbox 606 2095 814 2128; x_wconf 80' lang='lat' dir='ltr'>similitudinis</span> <span class='ocrx_word' id='word_1_428' title='bbox 823 2097 878 2128; x_wconf 89' lang='lat' dir='ltr'>ista</span> <span class='ocrx_word' id='word_1_429' title='bbox 887 2097 1031 2128; x_wconf 85' lang='lat' dir='ltr'>accusatio</span> <span class='ocrx_word' id='word_1_430' title='bbox 1045 2107 1050 2126; x_wconf 77' lang='lat' dir='ltr'>t</span> <span class='ocrx_word' id='word_1_431' title='bbox 1065 2097 1113 2127; x_wconf 88' lang='lat' dir='ltr'>sed</span> 
     </span>
     <span class='ocr_line' id='line_1_50' title="bbox 159 2138 1117 2180; baseline -0.002 -9"><span class='ocrx_word' id='word_1_432' title='bbox 159 2147 263 2171; x_wconf 84' lang='lat' dir='ltr'>tamen</span> <span class='ocrx_word' id='word_1_433' title='bbox 274 2148 353 2170; x_wconf 87' lang='lat' dir='ltr'>tanta</span> <span class='ocrx_word' id='word_1_434' title='bbox 360 2139 519 2170; x_wconf 69' lang='lat' dir='ltr'>auetoriras</span> <span class='ocrx_word' id='word_1_435' title='bbox 528 2140 563 2170; x_wconf 87' lang='lat' dir='ltr'>in</span> <span class='ocrx_word' id='word_1_436' title='bbox 573 2141 709 2170; x_wconf 29' lang='lat' dir='ltr'>C Mario</span> <span class='ocrx_word' id='word_1_437' title='bbox 717 2138 776 2169; x_wconf 82' lang='lat' dir='ltr'>fuit</span> <span class='ocrx_word' id='word_1_438' title='bbox 787 2159 796 2174; x_wconf 90' lang='lat'>‚</span> <span class='ocrx_word' id='word_1_439' title='bbox 815 2149 848 2169; x_wconf 93' lang='lat' dir='ltr'>ut</span> <span class='ocrx_word' id='word_1_440' title='bbox 858 2149 920 2169; x_wconf 87' lang='lat' dir='ltr'>non</span> <span class='ocrx_word' id='word_1_441' title='bbox 931 2149 984 2180; x_wconf 90' lang='lat' dir='ltr'>per</span> <span class='ocrx_word' id='word_1_442' title='bbox 992 2139 1117 2169; x_wconf 85' lang='lat' dir='ltr'>L.Cras-</span> 
     </span>
     <span class='ocr_line' id='line_1_51' title="bbox 159 2180 1114 2222; baseline -0.002 -10"><span class='ocrx_word' id='word_1_443' title='bbox 159 2181 226 2213; x_wconf 85' lang='lat' dir='ltr'>sum</span> <span class='ocrx_word' id='word_1_444' title='bbox 240 2201 249 2214; x_wconf 82' lang='lat'>‚</span> <span class='ocrx_word' id='word_1_445' title='bbox 259 2180 382 2211; x_wconf 84' lang='lat' dir='ltr'>affinem</span> <span class='ocrx_word' id='word_1_446' title='bbox 393 2181 481 2211; x_wconf 90' lang='lat' dir='ltr'>suum</span> <span class='ocrx_word' id='word_1_447' title='bbox 491 2201 501 2214; x_wconf 93' lang='lat'>‚</span> <span class='ocrx_word' id='word_1_448' title='bbox 516 2182 676 2212; x_wconf 89' lang='lat' dir='ltr'>hominem</span> <span class='ocrx_word' id='word_1_449' title='bbox 687 2181 857 2212; x_wconf 86' lang='lat' dir='ltr'>incredibili</span> <span class='ocrx_word' id='word_1_450' title='bbox 868 2181 1052 2222; x_wconf 82' lang='lat' dir='ltr'>eloquentia,</span> <span class='ocrx_word' id='word_1_451' title='bbox 1066 2180 1114 2211; x_wconf 90' lang='lat' dir='ltr'>sed</span> 
     </span>
    </p>
   </div>
   <div class='ocr_carea' id='block_1_7' title="bbox 133 2222 1115 2264">
    <p class='ocr_par' dir='ltr' id='par_1_7' title="bbox 133 2222 1115 2264">
     <span class='ocr_line' id='line_1_52' title="bbox 133 2222 1115 2264; baseline -0.001 -10"><span class='ocrx_word' id='word_1_452' title='bbox 133 2229 136 2233; x_wconf 77' lang='grc'>’</span> <span class='ocrx_word' id='word_1_453' title='bbox 162 2224 265 2264; x_wconf 83' lang='lat' dir='ltr'>paucis</span> <span class='ocrx_word' id='word_1_454' title='bbox 278 2223 338 2262; x_wconf 89' lang='lat' dir='ltr'>ipse</span> <span class='ocrx_word' id='word_1_455' title='bbox 350 2222 449 2252; x_wconf 85' lang='lat' dir='ltr'>verbis</span> <span class='ocrx_word' id='word_1_456' title='bbox 461 2223 577 2253; x_wconf 86' lang='lat' dir='ltr'>causam</span> <span class='ocrx_word' id='word_1_457' title='bbox 590 2223 674 2254; x_wconf 86' lang='lat' dir='ltr'>illam</span> <span class='ocrx_word' id='word_1_458' title='bbox 687 2225 827 2263; x_wconf 87' lang='lat' dir='ltr'>gravitate</span> <span class='ocrx_word' id='word_1_459' title='bbox 837 2223 886 2253; x_wconf 89' lang='lat' dir='ltr'>sua</span> <span class='ocrx_word' id='word_1_460' title='bbox 898 2222 1115 2256; x_wconf 68' lang='lat' dir='ltr'>defenderin&amp;</span> 
     </span>
    </p>
   </div>
   <div class='ocr_carea' id='block_1_8' title="bbox 156 2263 1117 2473">
    <p class='ocr_par' dir='ltr' id='par_1_8' title="bbox 156 2263 1117 2473">
     <span class='ocr_line' id='line_1_53' title="bbox 157 2263 1115 2306; baseline -0.001 -11"><span class='ocrx_word' id='word_1_461' title='bbox 157 2264 299 2306; x_wconf 86' lang='lat' dir='ltr'>probarit.</span> <span class='ocrx_word' id='word_1_462' title='bbox 323 2266 399 2306; x_wconf 88' lang='lat' dir='ltr'>Qis</span> <span class='ocrx_word' id='word_1_463' title='bbox 409 2266 492 2294; x_wconf 89' lang='lat' dir='ltr'>enim</span> <span class='ocrx_word' id='word_1_464' title='bbox 505 2263 576 2295; x_wconf 84' lang='lat' dir='ltr'>ess&#39;et</span> <span class='ocrx_word' id='word_1_465' title='bbox 586 2284 594 2297; x_wconf 87' lang='lat'><strong>,</strong></span> <span class='ocrx_word' id='word_1_466' title='bbox 607 2264 739 2304; x_wconf 81' lang='lat' dir='ltr'>judices,</span> <span class='ocrx_word' id='word_1_467' title='bbox 756 2267 808 2306; x_wconf 90' lang='lat' dir='ltr'>qui</span> <span class='ocrx_word' id='word_1_468' title='bbox 817 2265 1045 2305; x_wconf 86' lang='lat' dir='ltr'>imperatoribus</span> <span class='ocrx_word' id='word_1_469' title='bbox 1056 2274 1115 2294; x_wconf 86' lang='lat' dir='ltr'>no—</span> 
     </span>
     <span class='ocr_line' id='line_1_54' title="bbox 158 2305 1112 2347; baseline 0 -11"><span class='ocrx_word' id='word_1_470' title='bbox 158 2305 274 2340; x_wconf 88' lang='lat' dir='ltr'>stris,in</span> <span class='ocrx_word' id='word_1_471' title='bbox 286 2305 413 2339; x_wconf 87' lang='lat' dir='ltr'>bello,in</span> <span class='ocrx_word' id='word_1_472' title='bbox 422 2308 494 2339; x_wconf 86' lang='lat' dir='ltr'>acie,</span> <span class='ocrx_word' id='word_1_473' title='bbox 504 2307 537 2335; x_wconf 89' lang='lat' dir='ltr'>in</span> <span class='ocrx_word' id='word_1_474' title='bbox 548 2308 689 2340; x_wconf 86' lang='lat' dir='ltr'>exercitu,</span> <span class='ocrx_word' id='word_1_475' title='bbox 697 2306 848 2336; x_wconf 71' lang='lat' dir='ltr'>dele&amp;um</span> <span class='ocrx_word' id='word_1_476' title='bbox 862 2307 990 2336; x_wconf 86' lang='lat' dir='ltr'>virtutis:</span> <span class='ocrx_word' id='word_1_477' title='bbox 1001 2309 1054 2347; x_wconf 86' lang='lat' dir='ltr'>qui</span> <span class='ocrx_word' id='word_1_478' title='bbox 1063 2307 1112 2336; x_wconf 90' lang='lat' dir='ltr'>so-</span> 
     </span>
     <span class='ocr_line' id='line_1_55' title="bbox 157 2346 1115 2389; baseline -0.003 -10"><span class='ocrx_word' id='word_1_479' title='bbox 157 2346 483 2389; x_wconf 85' lang='lat' dir='ltr'>ciis,quifoederatis,in</span> <span class='ocrx_word' id='word_1_480' title='bbox 494 2347 682 2378; x_wconf 85' lang='lat' dir='ltr'>defendenda</span> <span class='ocrx_word' id='word_1_481' title='bbox 691 2348 793 2387; x_wconf 85' lang='lat' dir='ltr'>repub.</span> <span class='ocrx_word' id='word_1_482' title='bbox 805 2347 905 2377; x_wconf 85' lang='lat' dir='ltr'>nostra</span> <span class='ocrx_word' id='word_1_483' title='bbox 906 2348 983 2386; x_wconf 85' lang='lat' dir='ltr'>spem</span> <span class='ocrx_word' id='word_1_484' title='bbox 990 2348 1115 2388; x_wconf 79' lang='lat' dir='ltr'>praemio-</span> 
     </span>
     <span class='ocr_line' id='line_1_56' title="bbox 157 2387 1114 2430; baseline 0 -11"><span class='ocrx_word' id='word_1_485' title='bbox 157 2400 223 2419; x_wconf 81' lang='lat' dir='ltr'>rum</span> <span class='ocrx_word' id='word_1_486' title='bbox 232 2391 306 2430; x_wconf 86' lang='lat' dir='ltr'>eripi</span> <span class='ocrx_word' id='word_1_487' title='bbox 316 2390 426 2420; x_wconf 84' lang='lat' dir='ltr'>vellet?</span> <span class='ocrx_word' id='word_1_488' title='bbox 447 2388 540 2430; x_wconf 75' lang='lat' dir='ltr'>Qod</span> <span class='ocrx_word' id='word_1_489' title='bbox 550 2387 571 2418; x_wconf 86' lang='lat' dir='ltr'><strong>fi</strong></span> <span class='ocrx_word' id='word_1_490' title='bbox 581 2390 680 2419; x_wconf 87' lang='lat' dir='ltr'>vultus</span> <span class='ocrx_word' id='word_1_491' title='bbox 689 2392 723 2419; x_wconf 91' lang='lat' dir='ltr'>C.</span> <span class='ocrx_word' id='word_1_492' title='bbox 736 2387 859 2423; x_wconf 87' lang='lat' dir='ltr'>Marii‚fi</span> <span class='ocrx_word' id='word_1_493' title='bbox 870 2399 947 2422; x_wconf 85' lang='lat' dir='ltr'>vox,</span> <span class='ocrx_word' id='word_1_494' title='bbox 961 2388 981 2419; x_wconf 88' lang='lat' dir='ltr'>fi</span> <span class='ocrx_word' id='word_1_495' title='bbox 991 2390 1043 2419; x_wconf 86' lang='lat' dir='ltr'>ille</span> <span class='ocrx_word' id='word_1_496' title='bbox 1055 2392 1114 2419; x_wconf 87' lang='lat' dir='ltr'>im-</span> 
     </span>
     <span class='ocr_line' id='line_1_57' title="bbox 156 2429 1117 2473; baseline -0.001 -11"><span class='ocrx_word' id='word_1_497' title='bbox 156 2433 318 2473; x_wconf 85' lang='lat' dir='ltr'>peratorius</span> <span class='ocrx_word' id='word_1_498' title='bbox 336 2431 423 2462; x_wconf 88' lang='lat' dir='ltr'>ardor</span> <span class='ocrx_word' id='word_1_499' title='bbox 439 2431 597 2462; x_wconf 88' lang='lat' dir='ltr'>oculorum</span> <span class='ocrx_word' id='word_1_500' title='bbox 613 2451 622 2466; x_wconf 85' lang='lat'>,</span> <span class='ocrx_word' id='word_1_501' title='bbox 643 2429 664 2461; x_wconf 87' lang='lat' dir='ltr'><strong>fi</strong></span> <span class='ocrx_word' id='word_1_502' title='bbox 681 2440 815 2462; x_wconf 84' lang='lat' dir='ltr'>recentes</span> <span class='ocrx_word' id='word_1_503' title='bbox 833 2433 998 2473; x_wconf 84' lang='lat' dir='ltr'>triumphi,</span> <span class='ocrx_word' id='word_1_504' title='bbox 1010 2430 1030 2461; x_wconf 84' lang='lat' dir='ltr'><strong>fi</strong></span> <span class='ocrx_word' id='word_1_505' title='bbox 1040 2441 1117 2472; x_wconf 84' lang='lat' dir='ltr'>prae-</span> 
     </span>
    </p>
   </div>
   <div class='ocr_carea' id='block_1_9' title="bbox 153 2561 1117 3177">
    <p class='ocr_par' dir='ltr' id='par_1_9' title="bbox 156 2561 1116 2768">
     <span class='ocr_line' id='line_1_58' title="bbox 197 2561 1113 2597; baseline 0.002 -10"><span class='ocrx_word' id='word_1_506' title='bbox 197 2570 221 2588; x_wconf 76' lang='lat' dir='ltr'>r.</span> <span class='ocrx_word' id='word_1_507' title='bbox 240 2562 294 2590; x_wconf 57' lang='lat' dir='ltr'>(Ad</span> <span class='ocrx_word' id='word_1_508' title='bbox 301 2565 398 2588; x_wconf 58' lang='lat' dir='ltr'>furium</span> <span class='ocrx_word' id='word_1_509' title='bbox 407 2562 603 2597; x_wconf 71' lang='lat' dir='ltr'>&amp;Caftcmum.]</span> <span class='ocrx_word' id='word_1_510' title='bbox 626 2562 669 2589; x_wconf 83' lang='lat' dir='ltr'>Est</span> <span class='ocrx_word' id='word_1_511' title='bbox 680 2563 695 2588; x_wconf 66' lang='lat' dir='ltr'>:i</span> <span class='ocrx_word' id='word_1_512' title='bbox 706 2561 815 2590; x_wconf 87' lang='lat' dir='ltr'>Gembl.</span> <span class='ocrx_word' id='word_1_513' title='bbox 835 2563 861 2588; x_wconf 89' lang='lat'>&amp;</span> <span class='ocrx_word' id='word_1_514' title='bbox 874 2563 932 2589; x_wconf 69' lang='lat'>1²21.</span> <span class='ocrx_word' id='word_1_515' title='bbox 951 2573 1032 2590; x_wconf 87' lang='lat' dir='ltr'>nono.</span> <span class='ocrx_word' id='word_1_516' title='bbox 1053 2572 1113 2590; x_wconf 81' lang='lat' dir='ltr'>nam</span> 
     </span>
     <span class='ocr_line' id='line_1_59' title="bbox 157 2598 1114 2634; baseline 0.001 -10"><span class='ocrx_word' id='word_1_517' title='bbox 157 2598 239 2624; x_wconf 78' lang='lat' dir='ltr'>ceteri</span> <span class='ocrx_word' id='word_1_518' title='bbox 249 2600 372 2632; x_wconf 70' lang='lat' dir='ltr'>Castellum</span> <span class='ocrx_word' id='word_1_519' title='bbox 385 2618 391 2630; x_wconf 85' lang='lat'>‚</span> <span class='ocrx_word' id='word_1_520' title='bbox 412 2599 546 2634; x_wconf 83' lang='lat' dir='ltr'>quomodo</span> <span class='ocrx_word' id='word_1_521' title='bbox 556 2600 584 2625; x_wconf 67' lang='grc' dir='ltr'>ὃ(</span> <span class='ocrx_word' id='word_1_522' title='bbox 603 2600 631 2625; x_wconf 82' lang='lat' dir='ltr'>S.</span> <span class='ocrx_word' id='word_1_523' title='bbox 643 2598 715 2624; x_wconf 55' lang='lat' dir='ltr'>Viti.</span> <span class='ocrx_word' id='word_1_524' title='bbox 738 2599 846 2633; x_wconf 77' lang='lat' dir='ltr'>vulgata</span> <span class='ocrx_word' id='word_1_525' title='bbox 855 2600 988 2632; x_wconf 75' lang='lat' dir='ltr'>Casellium.</span> <span class='ocrx_word' id='word_1_526' title='bbox 1009 2600 1035 2625; x_wconf 84' lang='lat' dir='ltr'>Si</span> <span class='ocrx_word' id='word_1_527' title='bbox 1046 2599 1114 2625; x_wconf 81' lang='lat' dir='ltr'>stan—</span> 
     </span>
     <span class='ocr_line' id='line_1_60' title="bbox 157 2632 1114 2670; baseline 0.002 -10"><span class='ocrx_word' id='word_1_528' title='bbox 157 2632 221 2660; x_wconf 86' lang='lat' dir='ltr'>dum</span> <span class='ocrx_word' id='word_1_529' title='bbox 233 2634 427 2670; x_wconf 80' lang='lat' dir='ltr'>exemplaribus</span> <span class='ocrx_word' id='word_1_530' title='bbox 439 2636 537 2662; x_wconf 74' lang='lat' dir='ltr'>Valerii</span> <span class='ocrx_word' id='word_1_531' title='bbox 549 2635 663 2661; x_wconf 84' lang='lat' dir='ltr'>Maximi</span> <span class='ocrx_word' id='word_1_532' title='bbox 683 2635 732 2660; x_wconf 83' lang='lat' dir='ltr'>lib.</span> <span class='ocrx_word' id='word_1_533' title='bbox 745 2644 816 2661; x_wconf 80' lang='lat' dir='ltr'>vui.</span> <span class='ocrx_word' id='word_1_534' title='bbox 836 2644 890 2670; x_wconf 83' lang='lat' dir='ltr'>cap.</span> <span class='ocrx_word' id='word_1_535' title='bbox 906 2643 948 2661; x_wconf 83' lang='lat'>12.</span> <span class='ocrx_word' id='word_1_536' title='bbox 969 2634 1114 2662; x_wconf 78' lang='lat' dir='ltr'>rescriben-</span> 
     </span>
     <span class='ocr_line' id='line_1_61' title="bbox 157 2669 1115 2707; baseline 0.001 -11"><span class='ocrx_word' id='word_1_537' title='bbox 157 2669 221 2696; x_wconf 80' lang='lat' dir='ltr'>dum</span> <span class='ocrx_word' id='word_1_538' title='bbox 231 2670 319 2706; x_wconf 81' lang='lat' dir='ltr'>potius</span> <span class='ocrx_word' id='word_1_539' title='bbox 329 2672 449 2704; x_wconf 42' lang='lat' dir='ltr'>Calauius.</span> <span class='ocrx_word' id='word_1_540' title='bbox 468 2671 569 2707; x_wconf 88' lang='lat' dir='ltr'>hocque</span> <span class='ocrx_word' id='word_1_541' title='bbox 581 2672 647 2697; x_wconf 71' lang='lat' dir='ltr'>item</span> <span class='ocrx_word' id='word_1_542' title='bbox 665 2670 724 2700; x_wconf 78' lang='lat' dir='ltr'>aliis</span> <span class='ocrx_word' id='word_1_543' title='bbox 744 2671 909 2706; x_wconf 74' lang='lat' dir='ltr'>argumentis</span> <span class='ocrx_word' id='word_1_544' title='bbox 929 2671 1029 2697; x_wconf 83' lang='lat' dir='ltr'>evincit</span> <span class='ocrx_word' id='word_1_545' title='bbox 1047 2672 1115 2698; x_wconf 77' lang='lat' dir='ltr'>anii-</span> 
     </span>
     <span class='ocr_line' id='line_1_62' title="bbox 156 2706 1116 2742; baseline 0.004 -11"><span class='ocrx_word' id='word_1_546' title='bbox 156 2714 202 2732; x_wconf 85' lang='lat' dir='ltr'>cus</span> <span class='ocrx_word' id='word_1_547' title='bbox 222 2706 308 2733; x_wconf 88' lang='lat' dir='ltr'>noster</span> <span class='ocrx_word' id='word_1_548' title='bbox 328 2706 436 2742; x_wconf 80' lang='lat' dir='ltr'>Pighius</span> <span class='ocrx_word' id='word_1_549' title='bbox 449 2726 457 2739; x_wconf 86' lang='lat'>,</span> <span class='ocrx_word' id='word_1_550' title='bbox 476 2708 522 2742; x_wconf 88' lang='lat' dir='ltr'>qui</span> <span class='ocrx_word' id='word_1_551' title='bbox 533 2707 654 2737; x_wconf 70' lang='lat' dir='ltr'>videatur</span> <span class='ocrx_word' id='word_1_552' title='bbox 665 2707 692 2733; x_wconf 89' lang='lat' dir='ltr'>in</span> <span class='ocrx_word' id='word_1_553' title='bbox 704 2707 785 2734; x_wconf 75' lang='lat' dir='ltr'>Fastis</span> <span class='ocrx_word' id='word_1_554' title='bbox 804 2709 835 2734; x_wconf 88' lang='lat' dir='ltr'>ad</span> <span class='ocrx_word' id='word_1_555' title='bbox 850 2716 948 2734; x_wconf 79' lang='lat' dir='ltr'>aunum</span> <span class='ocrx_word' id='word_1_556' title='bbox 967 2707 1039 2734; x_wconf 84' lang='lat' dir='ltr'>urbis</span> <span class='ocrx_word' id='word_1_557' title='bbox 1053 2717 1116 2735; x_wconf 83' lang='lat' dir='ltr'>con-</span> 
     </span>
     <span class='ocr_line' id='line_1_63' title="bbox 156 2740 380 2768; baseline 0 0"><span class='ocrx_word' id='word_1_558' title='bbox 156 2740 218 2768; x_wconf 82' lang='lat' dir='ltr'>ditae</span> <span class='ocrx_word' id='word_1_559' title='bbox 228 2751 380 2768; x_wconf 63' lang='lat' dir='ltr'>ncxszxiii.</span> 
     </span>
    </p>

    <p class='ocr_par' dir='ltr' id='par_1_10' title="bbox 155 2779 1117 2884">
     <span class='ocr_line' id='line_1_64' title="bbox 193 2779 1116 2814; baseline 0.002 -10"><span class='ocrx_word' id='word_1_560' title='bbox 193 2786 221 2804; x_wconf 80' lang='lat'>2.</span> <span class='ocrx_word' id='word_1_561' title='bbox 239 2781 299 2814; x_wconf 58' lang='lat' dir='ltr'>Qun</span> <span class='ocrx_word' id='word_1_562' title='bbox 308 2788 416 2811; x_wconf 74' lang='lat' dir='ltr'>lgnarum</span> <span class='ocrx_word' id='word_1_563' title='bbox 426 2780 477 2805; x_wconf 76' lang='lat' dir='ltr'>belli</span> <span class='ocrx_word' id='word_1_564' title='bbox 488 2779 586 2813; x_wconf 78' lang='lat' dir='ltr'>fuiffe]</span> <span class='ocrx_word' id='word_1_565' title='bbox 608 2779 667 2805; x_wconf 83' lang='lat' dir='ltr'>Pal.</span> <span class='ocrx_word' id='word_1_566' title='bbox 677 2789 762 2806; x_wconf 84' lang='lat' dir='ltr'>nonus</span> <span class='ocrx_word' id='word_1_567' title='bbox 777 2799 784 2811; x_wconf 89' lang='lat'>‚</span> <span class='ocrx_word' id='word_1_568' title='bbox 795 2790 867 2814; x_wconf 79' lang='lat' dir='ltr'>neque</span> <span class='ocrx_word' id='word_1_569' title='bbox 877 2783 994 2813; x_wconf 46' lang='lat' dir='ltr'>ignarum.</span> <span class='ocrx_word' id='word_1_570' title='bbox 1006 2780 1116 2807; x_wconf 84' lang='lat' dir='ltr'>Gembl.</span> 
     </span>
     <span class='ocr_line' id='line_1_65' title="bbox 157 2815 1117 2852; baseline 0.004 -13"><span class='ocrx_word' id='word_1_571' title='bbox 157 2822 202 2839; x_wconf 73' lang='lat' dir='ltr'>non</span> <span class='ocrx_word' id='word_1_572' title='bbox 211 2817 268 2848; x_wconf 63' lang='lat' dir='ltr'>‘que</span> <span class='ocrx_word' id='word_1_573' title='bbox 276 2818 393 2847; x_wconf 78' lang='lat' dir='ltr'>ignarum.</span> <span class='ocrx_word' id='word_1_574' title='bbox 406 2815 474 2842; x_wconf 87' lang='lat' dir='ltr'>unde</span> <span class='ocrx_word' id='word_1_575' title='bbox 484 2815 637 2842; x_wconf 82' lang='lat' dir='ltr'>faciundum</span> <span class='ocrx_word' id='word_1_576' title='bbox 648 2815 774 2849; x_wconf 74' lang='lat' dir='ltr'>foi-tastis,</span> <span class='ocrx_word' id='word_1_577' title='bbox 788 2817 876 2852; x_wconf 84' lang='lat' dir='ltr'>inquit</span> <span class='ocrx_word' id='word_1_578' title='bbox 886 2816 1062 2849; x_wconf 82' lang='lat' dir='ltr'>Gulielmius,</span> <span class='ocrx_word' id='word_1_579' title='bbox 1072 2827 1117 2843; x_wconf 83' lang='lat' dir='ltr'>non</span> 
     </span>
     <span class='ocr_line' id='line_1_66' title="bbox 155 2849 1016 2884; baseline 0.006 -9"><span class='ocrx_word' id='word_1_580' title='bbox 155 2849 251 2884; x_wconf 62' lang='lat' dir='ltr'>deni-quc</span> <span class='ocrx_word' id='word_1_581' title='bbox 259 2860 379 2884; x_wconf 58' lang='lat' dir='ltr'>ignarum,</span> <span class='ocrx_word' id='word_1_582' title='bbox 389 2852 440 2882; x_wconf 51' lang='lat' dir='ltr'>&amp;a</span> <span class='ocrx_word' id='word_1_583' title='bbox 1013 2871 1016 2873; x_wconf 93' lang='lat'><em>-</em></span> 
     </span>
    </p>

    <p class='ocr_par' dir='ltr' id='par_1_11' title="bbox 153 2886 1115 3065">
     <span class='ocr_line' id='line_1_67' title="bbox 191 2886 1115 2923; baseline 0.003 -12"><span class='ocrx_word' id='word_1_584' title='bbox 191 2893 217 2920; x_wconf 82' lang='lat'>3.</span> <span class='ocrx_word' id='word_1_585' title='bbox 237 2890 314 2920; x_wconf 76' lang='lat' dir='ltr'>Neque</span> <span class='ocrx_word' id='word_1_586' title='bbox 322 2889 466 2920; x_wconf 73' lang='lat' dir='ltr'>Iguinmum</span> <span class='ocrx_word' id='word_1_587' title='bbox 483 2886 555 2923; x_wconf 56' lang='lat' dir='ltr'>neque</span> <span class='ocrx_word' id='word_1_588' title='bbox 564 2890 707 2914; x_wconf 65' lang='lat' dir='ltr'>Camertium</span> <span class='ocrx_word' id='word_1_589' title='bbox 718 2908 726 2920; x_wconf 91' lang='lat'>,</span> <span class='ocrx_word' id='word_1_590' title='bbox 748 2889 815 2923; x_wconf 51' lang='grc' dir='ltr'>ἅμα]</span> <span class='ocrx_word' id='word_1_591' title='bbox 840 2888 954 2915; x_wconf 71' lang='lat' dir='ltr'>Necesse</span> <span class='ocrx_word' id='word_1_592' title='bbox 965 2888 1039 2915; x_wconf 69' lang='lat' dir='ltr'>habui</span> <span class='ocrx_word' id='word_1_593' title='bbox 1052 2887 1115 2914; x_wconf 79' lang='lat' dir='ltr'>scri·</span> 
     </span>
     <span class='ocr_line' id='line_1_68' title="bbox 153 2922 1111 2957; baseline 0.004 -11"><span class='ocrx_word' id='word_1_594' title='bbox 153 2926 237 2954; x_wconf 63' lang='lat' dir='ltr'>ptum</span> <span class='ocrx_word' id='word_1_595' title='bbox 247 2922 306 2948; x_wconf 86' lang='lat' dir='ltr'>huic</span> <span class='ocrx_word' id='word_1_596' title='bbox 315 2923 376 2948; x_wconf 78' lang='lat' dir='ltr'>dare</span> <span class='ocrx_word' id='word_1_597' title='bbox 388 2923 473 2952; x_wconf 86' lang='lat' dir='ltr'>locum</span> <span class='ocrx_word' id='word_1_598' title='bbox 487 2944 495 2955; x_wconf 83' lang='lat'><strong>‚</strong></span> <span class='ocrx_word' id='word_1_599' title='bbox 506 2924 630 2951; x_wconf 60' lang='lat' dir='ltr'>industris</span> <span class='ocrx_word' id='word_1_600' title='bbox 640 2926 656 2951; x_wconf 71' lang='lat' dir='ltr'>a</span> <span class='ocrx_word' id='word_1_601' title='bbox 668 2924 725 2952; x_wconf 81' lang='lat' dir='ltr'>Pal.</span> <span class='ocrx_word' id='word_1_602' title='bbox 738 2934 809 2951; x_wconf 91' lang='lat' dir='ltr'>nono</span> <span class='ocrx_word' id='word_1_603' title='bbox 821 2944 829 2957; x_wconf 90' lang='lat'>,</span> <span class='ocrx_word' id='word_1_604' title='bbox 842 2924 952 2951; x_wconf 77' lang='lat' dir='ltr'>Erfurd.</span> <span class='ocrx_word' id='word_1_605' title='bbox 964 2925 990 2950; x_wconf 57' lang='grc' dir='ltr'>ἓξ</span> <span class='ocrx_word' id='word_1_606' title='bbox 1003 2924 1111 2951; x_wconf 78' lang='lat' dir='ltr'>Genibl.</span> 
     </span>
     <span class='ocr_line' id='line_1_69' title="bbox 153 2955 1114 2996; baseline 0.004 -15"><span class='ocrx_word' id='word_1_607' title='bbox 153 2955 355 2992; x_wconf 70' lang='lat' dir='ltr'>auudebantque</span> <span class='ocrx_word' id='word_1_608' title='bbox 374 2960 454 2986; x_wconf 82' lang='lat' dir='ltr'>ceteri</span> <span class='ocrx_word' id='word_1_609' title='bbox 473 2961 553 2987; x_wconf 87' lang='lat' dir='ltr'>nostri</span> <span class='ocrx_word' id='word_1_610' title='bbox 568 2960 635 2986; x_wconf 82' lang='lat' dir='ltr'>Pau.</span> <span class='ocrx_word' id='word_1_611' title='bbox 656 2970 685 2986; x_wconf 85' lang='lat' dir='ltr'>ac</span> <span class='ocrx_word' id='word_1_612' title='bbox 703 2961 729 2987; x_wconf 86' lang='lat' dir='ltr'>S.</span> <span class='ocrx_word' id='word_1_613' title='bbox 741 2961 813 2987; x_wconf 67' lang='lat' dir='ltr'>Viet.</span> <span class='ocrx_word' id='word_1_614' title='bbox 832 2961 857 2986; x_wconf 92' lang='lat' dir='ltr'>in</span> <span class='ocrx_word' id='word_1_615' title='bbox 879 2960 973 2996; x_wconf 89' lang='lat' dir='ltr'>quibus</span> <span class='ocrx_word' id='word_1_616' title='bbox 984 2963 1114 2994; x_wconf 78' lang='lat' dir='ltr'>Ignarimn,</span> 
     </span>
     <span class='ocr_line' id='line_1_70' title="bbox 155 2991 1113 3033; baseline 0.006 -17"><span class='ocrx_word' id='word_1_617' title='bbox 155 2991 288 3031; x_wconf 73' lang='lat' dir='ltr'>quomodo</span> <span class='ocrx_word' id='word_1_618' title='bbox 297 2993 322 3018; x_wconf 87' lang='lat'>&amp;</span> <span class='ocrx_word' id='word_1_619' title='bbox 334 2994 456 3028; x_wconf 83' lang='lat' dir='ltr'>primitus</span> <span class='ocrx_word' id='word_1_620' title='bbox 467 2994 542 3022; x_wconf 83' lang='lat' dir='ltr'>editi.</span> <span class='ocrx_word' id='word_1_621' title='bbox 564 3005 622 3023; x_wconf 79' lang='lat' dir='ltr'>nam</span> <span class='ocrx_word' id='word_1_622' title='bbox 642 2997 811 3032; x_wconf 84' lang='lat' dir='ltr'>posteriores,</span> <span class='ocrx_word' id='word_1_623' title='bbox 822 2996 918 3033; x_wconf 84' lang='lat' dir='ltr'>quibus</span> <span class='ocrx_word' id='word_1_624' title='bbox 928 2999 1036 3031; x_wconf 67' lang='lat' dir='ltr'>Iguvium</span> <span class='ocrx_word' id='word_1_625' title='bbox 1046 2996 1113 3023; x_wconf 84' lang='lat' dir='ltr'>istud</span> 
     </span>
     <span class='ocr_line' id='line_1_71' title="bbox 154 3027 733 3065; baseline 0.012 -14"><span class='ocrx_word' id='word_1_626' title='bbox 154 3034 289 3062; x_wconf 81' lang='lat' dir='ltr'>ignotum,</span> <span class='ocrx_word' id='word_1_627' title='bbox 300 3027 452 3065; x_wconf 82' lang='lat' dir='ltr'>supposuere</span> <span class='ocrx_word' id='word_1_628' title='bbox 462 3031 550 3063; x_wconf 84' lang='lat' dir='ltr'>nobis,</span> <span class='ocrx_word' id='word_1_629' title='bbox 561 3034 733 3065; x_wconf 68' lang='lat' dir='ltr'>R14ginatium.</span> 
     </span>
    </p>

    <p class='ocr_par' dir='ltr' id='par_1_12' title="bbox 156 3065 1110 3137">
     <span class='ocr_line' id='line_1_72' title="bbox 190 3065 1110 3104; baseline 0.007 -16"><span class='ocrx_word' id='word_1_630' title='bbox 190 3069 218 3093; x_wconf 81' lang='lat'>4.</span> <span class='ocrx_word' id='word_1_631' title='bbox 239 3065 367 3095; x_wconf 71' lang='lat' dir='ltr'>spoletinus</span> <span class='ocrx_word' id='word_1_632' title='bbox 384 3068 416 3092; x_wconf 84' lang='lat' dir='ltr'>L.</span> <span class='ocrx_word' id='word_1_633' title='bbox 426 3068 589 3102; x_wconf 65' lang='lat' dir='ltr'>Matrinius]</span> <span class='ocrx_word' id='word_1_634' title='bbox 611 3069 652 3094; x_wconf 83' lang='lat' dir='ltr'>lta</span> <span class='ocrx_word' id='word_1_635' title='bbox 662 3067 719 3095; x_wconf 69' lang='lat' dir='ltr'>feri:</span> <span class='ocrx_word' id='word_1_636' title='bbox 739 3067 820 3095; x_wconf 73' lang='lat' dir='ltr'>iidem</span> <span class='ocrx_word' id='word_1_637' title='bbox 839 3068 920 3096; x_wconf 82' lang='lat' dir='ltr'>nostri</span> <span class='ocrx_word' id='word_1_638' title='bbox 939 3067 1038 3104; x_wconf 82' lang='lat' dir='ltr'>scripti.</span> <span class='ocrx_word' id='word_1_639' title='bbox 1058 3077 1110 3095; x_wconf 85' lang='lat' dir='ltr'>non</span> 
     </span>
     <span class='ocr_line' id='line_1_73' title="bbox 156 3099 499 3137; baseline 0.015 -14"><span class='ocrx_word' id='word_1_640' title='bbox 156 3099 181 3123; x_wconf 67' lang='lat' dir='ltr'>T.</span> <span class='ocrx_word' id='word_1_641' title='bbox 191 3102 332 3131; x_wconf 76' lang='lat' dir='ltr'>Macrinm,</span> <span class='ocrx_word' id='word_1_642' title='bbox 343 3107 372 3126; x_wconf 86' lang='lat' dir='ltr'>ut</span> <span class='ocrx_word' id='word_1_643' title='bbox 385 3101 499 3137; x_wconf 81' lang='lat' dir='ltr'>vulgata.</span> 
     </span>
    </p>

    <p class='ocr_par' dir='ltr' id='par_1_13' title="bbox 166 3135 1111 3177">
     <span class='ocr_line' id='line_1_74' title="bbox 166 3135 1111 3177; baseline 0 -12"><span class='ocrx_word' id='word_1_644' title='bbox 166 3148 168 3151; x_wconf 86' lang='grc'><strong>’</strong></span> <span class='ocrx_word' id='word_1_645' title='bbox 193 3141 218 3165; x_wconf 81' lang='lat'>5·</span> <span class='ocrx_word' id='word_1_646' title='bbox 239 3135 305 3166; x_wconf 68' lang='lat' dir='ltr'>Qia&#39;</span> <span class='ocrx_word' id='word_1_647' title='bbox 311 3138 490 3170; x_wconf 72' lang='lat' dir='ltr'>Heraclitnfiunr</span> <span class='ocrx_word' id='word_1_648' title='bbox 499 3141 614 3172; x_wconf 78' lang='lat' dir='ltr'>legionem,</span> <span class='ocrx_word' id='word_1_649' title='bbox 625 3140 692 3174; x_wconf 54' lang='lat' dir='ltr'>cisa]</span> <span class='ocrx_word' id='word_1_650' title='bbox 710 3141 796 3166; x_wconf 83' lang='lat' dir='ltr'>Locus</span> <span class='ocrx_word' id='word_1_651' title='bbox 807 3139 968 3177; x_wconf 77' lang='lat' dir='ltr'>desperatus.</span> <span class='ocrx_word' id='word_1_652' title='bbox 982 3149 1042 3167; x_wconf 85' lang='lat' dir='ltr'>nam</span> <span class='ocrx_word' id='word_1_653' title='bbox 1053 3139 1111 3166; x_wconf 86' lang='lat' dir='ltr'>edi-</span> 
     </span>
    </p>
   </div>
   <div class='ocr_carea' id='block_1_10' title="bbox 153 3168 1266 3213">
    <p class='ocr_par' dir='ltr' id='par_1_14' title="bbox 153 3168 1266 3213">
     <span class='ocr_line' id='line_1_75' title="bbox 153 3168 1266 3213; baseline 0.004 -15"><span class='ocrx_word' id='word_1_654' title='bbox 153 3168 192 3198; x_wconf 71' lang='grc' dir='ltr'>ῑὶο</span> <span class='ocrx_word' id='word_1_655' title='bbox 204 3177 295 3202; x_wconf 61' lang='lat' dir='ltr'>verusfi</span> <span class='ocrx_word' id='word_1_656' title='bbox 318 3171 382 3206; x_wconf 69' lang='lat' dir='ltr'>Qid</span> <span class='ocrx_word' id='word_1_657' title='bbox 397 3175 531 3209; x_wconf 71' lang='lat' dir='ltr'>Eracltfina</span> <span class='ocrx_word' id='word_1_658' title='bbox 548 3176 607 3204; x_wconf 81' lang='lat' dir='ltr'>Iex?</span> <span class='ocrx_word' id='word_1_659' title='bbox 620 3178 694 3205; x_wconf 76' lang='lat' dir='ltr'>AtP.</span> <span class='ocrx_word' id='word_1_660' title='bbox 706 3177 822 3212; x_wconf 76' lang='lat' dir='ltr'>Crassus,</span> <span class='ocrx_word' id='word_1_661' title='bbox 845 3176 981 3213; x_wconf 84' lang='lat' dir='ltr'>quomodo</span> <span class='ocrx_word' id='word_1_662' title='bbox 999 3178 1026 3204; x_wconf 75' lang='grc' dir='ltr'>ὅ(</span> <span class='ocrx_word' id='word_1_663' title='bbox 1039 3176 1110 3205; x_wconf 73' lang='lat' dir='ltr'>Pali.</span> <span class='ocrx_word' id='word_1_664' title='bbox 1152 3177 1179 3203; x_wconf 90' lang='lat' dir='ltr'>S.</span> <span class='ocrx_word' id='word_1_665' title='bbox 1193 3174 1266 3204; x_wconf 58' lang='lat' dir='ltr'>Via.</span> 
     </span>
    </p>
   </div>
   <div class='ocr_carea' id='block_1_11' title="bbox 2052 150 2146 199">
    <p class='ocr_par' dir='ltr' id='par_1_15' title="bbox 2052 150 2146 199">
     <span class='ocr_line' id='line_1_76' title="bbox 2052 150 2146 199; baseline 0.021 -3"><span class='ocrx_word' id='word_1_666' title='bbox 2052 150 2146 199; x_wconf 80' lang='lat'>535¹</span> 
     </span>
    </p>
   </div>
   <div class='ocr_carea' id='block_1_12' title="bbox 1161 218 2142 2432">
    <p class='ocr_par' dir='ltr' id='par_1_16' title="bbox 1161 218 2142 2432">
     <span class='ocr_line' id='line_1_77' title="bbox 1183 218 2142 263; baseline -0.006 -10"><span class='ocrx_word' id='word_1_667' title='bbox 1183 223 1250 253; x_wconf 88' lang='lat' dir='ltr'>sens</span> <span class='ocrx_word' id='word_1_668' title='bbox 1259 223 1354 253; x_wconf 85' lang='lat' dir='ltr'>valuit</span> <span class='ocrx_word' id='word_1_669' title='bbox 1363 222 1503 263; x_wconf 54' lang='lat' dir='ltr'>adspectus</span> <span class='ocrx_word' id='word_1_670' title='bbox 1510 233 1521 251; x_wconf 82' lang='grc'>.·</span> <span class='ocrx_word' id='word_1_671' title='bbox 1531 223 1627 254; x_wconf 88' lang='lat' dir='ltr'>valeat</span> <span class='ocrx_word' id='word_1_672' title='bbox 1634 220 1803 256; x_wconf 57' lang='lat' dir='ltr'>audieritas,</span> <span class='ocrx_word' id='word_1_673' title='bbox 1809 221 1926 252; x_wconf 82' lang='lat' dir='ltr'>valeant</span> <span class='ocrx_word' id='word_1_674' title='bbox 1934 228 1980 251; x_wconf 84' lang='lat' dir='ltr'>res</span> <span class='ocrx_word' id='word_1_675' title='bbox 1990 218 2142 260; x_wconf 54' lang='lat' dir='ltr'>gestara-</span> 
     </span>
     <span class='ocr_line' id='line_1_78' title="bbox 1184 262 2139 299; baseline -0.006 -5"><span class='ocrx_word' id='word_1_676' title='bbox 1184 264 1242 295; x_wconf 84' lang='lat' dir='ltr'>leat</span> <span class='ocrx_word' id='word_1_677' title='bbox 1253 267 1418 299; x_wconf 84' lang='lat' dir='ltr'>memoria,</span> <span class='ocrx_word' id='word_1_678' title='bbox 1439 263 1711 299; x_wconf 65' lang='lat' dir='ltr'>valentior-tiffimi,</span> <span class='ocrx_word' id='word_1_679' title='bbox 1731 265 1764 295; x_wconf 93' lang='lat'>&amp;</span> <span class='ocrx_word' id='word_1_680' title='bbox 1780 262 1930 294; x_wconf 88' lang='lat' dir='ltr'>clariffirni</span> <span class='ocrx_word' id='word_1_681' title='bbox 1947 263 2006 292; x_wconf 87' lang='lat' dir='ltr'>viri</span> <span class='ocrx_word' id='word_1_682' title='bbox 2023 267 2139 291; x_wconf 87' lang='lat' dir='ltr'>nornen</span> 
     </span>
     <span class='ocr_line' id='line_1_79' title="bbox 1184 304 2138 348; baseline -0.003 -13"><span class='ocrx_word' id='word_1_683' title='bbox 1184 315 1338 336; x_wconf 87' lang='lat' dir='ltr'>aeternum.</span> <span class='ocrx_word' id='word_1_684' title='bbox 1361 304 1395 337; x_wconf 89' lang='lat' dir='ltr'>fit</span> <span class='ocrx_word' id='word_1_685' title='bbox 1412 308 1470 337; x_wconf 89' lang='lat' dir='ltr'>hoc</span> <span class='ocrx_word' id='word_1_686' title='bbox 1488 307 1652 337; x_wconf 86' lang='lat' dir='ltr'>discrimen</span> <span class='ocrx_word' id='word_1_687' title='bbox 1669 308 1748 337; x_wconf 88' lang='lat' dir='ltr'>inter</span> <span class='ocrx_word' id='word_1_688' title='bbox 1763 306 1906 348; x_wconf 87' lang='lat' dir='ltr'>gratiosos</span> <span class='ocrx_word' id='word_1_689' title='bbox 1918 305 2011 335; x_wconf 85' lang='lat' dir='ltr'>civeis</span> <span class='ocrx_word' id='word_1_690' title='bbox 2022 323 2030 336; x_wconf 80' lang='lat'>.</span> <span class='ocrx_word' id='word_1_691' title='bbox 2050 309 2138 343; x_wconf 86' lang='lat' dir='ltr'>atque</span> 
     </span>
     <span class='ocr_line' id='line_1_80' title="bbox 1183 346 2135 388; baseline -0.002 -12"><span class='ocrx_word' id='word_1_692' title='bbox 1183 346 1306 381; x_wconf 86' lang='lat' dir='ltr'>forteis‚</span> <span class='ocrx_word' id='word_1_693' title='bbox 1330 357 1362 379; x_wconf 90' lang='lat' dir='ltr'>ut</span> <span class='ocrx_word' id='word_1_694' title='bbox 1378 349 1423 378; x_wconf 89' lang='lat' dir='ltr'>illi</span> <span class='ocrx_word' id='word_1_695' title='bbox 1441 351 1503 379; x_wconf 89' lang='lat' dir='ltr'>vivi</span> <span class='ocrx_word' id='word_1_696' title='bbox 1520 348 1654 379; x_wconf 84' lang='lat' dir='ltr'>fruantur</span> <span class='ocrx_word' id='word_1_697' title='bbox 1671 348 1778 388; x_wconf 88' lang='lat' dir='ltr'>opibus</span> <span class='ocrx_word' id='word_1_698' title='bbox 1795 348 1871 378; x_wconf 86' lang='lat' dir='ltr'>suis:</span> <span class='ocrx_word' id='word_1_699' title='bbox 1891 348 2002 376; x_wconf 81' lang='lat' dir='ltr'>horum</span> <span class='ocrx_word' id='word_1_700' title='bbox 2014 365 2024 379; x_wconf 88' lang='lat'>‚</span> <span class='ocrx_word' id='word_1_701' title='bbox 2044 346 2135 374; x_wconf 85' lang='lat' dir='ltr'>etiarn</span> 
     </span>
     <span class='ocr_line' id='line_1_81' title="bbox 1181 384 2136 432; baseline -0.001 -15"><span class='ocrx_word' id='word_1_702' title='bbox 1181 397 1374 419; x_wconf 85' lang='lat' dir='ltr'>mortuorum</span> <span class='ocrx_word' id='word_1_703' title='bbox 1391 410 1399 424; x_wconf 91' lang='lat'>,</span> <span class='ocrx_word' id='word_1_704' title='bbox 1423 389 1455 428; x_wconf 78' lang='lat' dir='ltr'>(si</span> <span class='ocrx_word' id='word_1_705' title='bbox 1473 391 1629 432; x_wconf 88' lang='lat' dir='ltr'>quisquam</span> <span class='ocrx_word' id='word_1_706' title='bbox 1649 391 1738 429; x_wconf 85' lang='lat' dir='ltr'>hujus</span> <span class='ocrx_word' id='word_1_707' title='bbox 1757 390 1876 430; x_wconf 86' lang='lat' dir='ltr'>imperii</span> <span class='ocrx_word' id='word_1_708' title='bbox 1895 387 2035 419; x_wconf 86' lang='lat' dir='ltr'>defensor</span> <span class='ocrx_word' id='word_1_709' title='bbox 2053 384 2136 416; x_wconf 87' lang='lat' dir='ltr'>mori</span> 
     </span>
     <span class='ocr_line' id='line_1_82' title="bbox 1181 428 2132 471; baseline 0.002 -12"><span class='ocrx_word' id='word_1_710' title='bbox 1181 428 1289 469; x_wconf 83' lang='lat' dir='ltr'>potest)</span> <span class='ocrx_word' id='word_1_711' title='bbox 1299 432 1380 461; x_wconf 85' lang='lat' dir='ltr'>vivat</span> <span class='ocrx_word' id='word_1_712' title='bbox 1389 431 1544 461; x_wconf 64' lang='lat' dir='ltr'>austoriras</span> <span class='ocrx_word' id='word_1_713' title='bbox 1553 432 1726 461; x_wconf 74' lang='lat' dir='ltr'>immortalis.</span> <span class='ocrx_word' id='word_1_714' title='bbox 1770 430 1851 471; x_wconf 69' lang='lat' dir='ltr'>Qiid</span> <span class='ocrx_word' id='word_1_715' title='bbox 1863 434 1873 460; x_wconf 91' lang='lat'>?</span> <span class='ocrx_word' id='word_1_716' title='bbox 1892 433 1947 461; x_wconf 82' lang='lat' dir='ltr'>Cn.</span> <span class='ocrx_word' id='word_1_717' title='bbox 1957 429 2132 469; x_wconf 79' lang='lat' dir='ltr'>pompejus.</span> 
     </span>
     <span class='ocr_line' id='line_1_83' title="bbox 1179 469 2137 515; baseline -0.001 -15"><span class='ocrx_word' id='word_1_718' title='bbox 1179 479 1259 510; x_wconf 86' lang='lat' dir='ltr'>pater</span> <span class='ocrx_word' id='word_1_719' title='bbox 1268 490 1276 503; x_wconf 68' lang='lat'>2</span> <span class='ocrx_word' id='word_1_720' title='bbox 1289 472 1377 501; x_wconf 87' lang='lat' dir='ltr'>rebus</span> <span class='ocrx_word' id='word_1_721' title='bbox 1388 474 1492 503; x_wconf 87' lang='lat' dir='ltr'>Italico</span> <span class='ocrx_word' id='word_1_722' title='bbox 1502 473 1584 503; x_wconf 86' lang='lat' dir='ltr'>bello</span> <span class='ocrx_word' id='word_1_723' title='bbox 1598 475 1740 503; x_wconf 83' lang='lat' dir='ltr'>maximis</span> <span class='ocrx_word' id='word_1_724' title='bbox 1749 473 1836 515; x_wconf 85' lang='lat' dir='ltr'>gestis</span> <span class='ocrx_word' id='word_1_725' title='bbox 1848 492 1856 506; x_wconf 87' lang='lat'>‚</span> <span class='ocrx_word' id='word_1_726' title='bbox 1868 469 2038 504; x_wconf 68' lang='lat' dir='ltr'>Rcaefium,</span> <span class='ocrx_word' id='word_1_727' title='bbox 2049 471 2137 511; x_wconf 89' lang='lat' dir='ltr'>equi-</span> 
     </span>
     <span class='ocr_line' id='line_1_84' title="bbox 1179 512 2133 555; baseline -0.001 -13"><span class='ocrx_word' id='word_1_728' title='bbox 1179 521 1241 542; x_wconf 84' lang='lat' dir='ltr'>tem</span> <span class='ocrx_word' id='word_1_729' title='bbox 1251 514 1344 542; x_wconf 85' lang='lat' dir='ltr'>Rom.</span> <span class='ocrx_word' id='word_1_730' title='bbox 1355 516 1456 543; x_wconf 86' lang='lat' dir='ltr'>virum</span> <span class='ocrx_word' id='word_1_731' title='bbox 1475 514 1611 548; x_wconf 80' lang='lat' dir='ltr'>bonum,</span> <span class='ocrx_word' id='word_1_732' title='bbox 1633 517 1684 555; x_wconf 85' lang='lat' dir='ltr'>qui</span> <span class='ocrx_word' id='word_1_733' title='bbox 1700 517 1778 545; x_wconf 78' lang='lat' dir='ltr'>vivit</span> <span class='ocrx_word' id='word_1_734' title='bbox 1792 517 1945 545; x_wconf 86' lang='lat' dir='ltr'>Ravennae</span> <span class='ocrx_word' id='word_1_735' title='bbox 1958 534 1966 547; x_wconf 88' lang='lat'><em>‚</em></span> <span class='ocrx_word' id='word_1_736' title='bbox 1989 512 2133 543; x_wconf 78' lang='lat' dir='ltr'>foedcrato</span> 
     </span>
     <span class='ocr_line' id='line_1_85' title="bbox 1179 553 2134 597; baseline 0 -14"><span class='ocrx_word' id='word_1_737' title='bbox 1179 562 1216 583; x_wconf 78' lang='lat' dir='ltr'>ex</span> <span class='ocrx_word' id='word_1_738' title='bbox 1228 554 1343 593; x_wconf 86' lang='lat' dir='ltr'>populo</span> <span class='ocrx_word' id='word_1_739' title='bbox 1353 574 1361 587; x_wconf 85' lang='lat'>,</span> <span class='ocrx_word' id='word_1_740' title='bbox 1373 565 1475 585; x_wconf 90' lang='lat' dir='ltr'>nonne</span> <span class='ocrx_word' id='word_1_741' title='bbox 1492 557 1610 586; x_wconf 85' lang='lat' dir='ltr'>civitate</span> <span class='ocrx_word' id='word_1_742' title='bbox 1621 557 1767 586; x_wconf 84' lang='lat' dir='ltr'>donavit?</span> <span class='ocrx_word' id='word_1_743' title='bbox 1784 556 1857 597; x_wconf 84' lang='lat' dir='ltr'>quid</span> <span class='ocrx_word' id='word_1_744' title='bbox 1870 558 1880 585; x_wconf 72' lang='grc' dir='ltr'><strong><em>ἓ</em></strong></span> <span class='ocrx_word' id='word_1_745' title='bbox 1899 557 2048 586; x_wconf 85' lang='lat' dir='ltr'>cohorteis</span> <span class='ocrx_word' id='word_1_746' title='bbox 2061 553 2134 584; x_wconf 83' lang='lat' dir='ltr'>duas</span> 
     </span>
     <span class='ocr_line' id='line_1_86' title="bbox 1176 595 2131 638; baseline -0.001 -14"><span class='ocrx_word' id='word_1_747' title='bbox 1176 595 1328 625; x_wconf 78' lang='lat' dir='ltr'>universas</span> <span class='ocrx_word' id='word_1_748' title='bbox 1348 598 1555 626; x_wconf 87' lang='lat' dir='ltr'>Camertium?</span> <span class='ocrx_word' id='word_1_749' title='bbox 1576 597 1692 637; x_wconf 79' lang='lat' dir='ltr'>5quid?</span> <span class='ocrx_word' id='word_1_750' title='bbox 1711 596 1946 628; x_wconf 73' lang='lat' dir='ltr'>Heracliensium</span> <span class='ocrx_word' id='word_1_751' title='bbox 1965 597 2131 638; x_wconf 84' lang='lat' dir='ltr'>legionem,</span> 
     </span>
     <span class='ocr_line' id='line_1_87' title="bbox 1177 634 2131 680; baseline 0 -14"><span class='ocrx_word' id='word_1_752' title='bbox 1177 639 1208 666; x_wconf 89' lang='grc' dir='ltr'>Ρ.</span> <span class='ocrx_word' id='word_1_753' title='bbox 1220 634 1334 666; x_wconf 73' lang='lat' dir='ltr'>Crass&#39;us</span> <span class='ocrx_word' id='word_1_754' title='bbox 1345 657 1352 670; x_wconf 94' lang='lat'>,</span> <span class='ocrx_word' id='word_1_755' title='bbox 1364 639 1411 667; x_wconf 89' lang='lat' dir='ltr'>vir</span> <span class='ocrx_word' id='word_1_756' title='bbox 1420 636 1619 677; x_wconf 71' lang='lat' dir='ltr'>amplissimus</span> <span class='ocrx_word' id='word_1_757' title='bbox 1629 658 1637 672; x_wconf 85' lang='lat'>,</span> <span class='ocrx_word' id='word_1_758' title='bbox 1653 649 1690 668; x_wconf 83' lang='lat' dir='ltr'>ex</span> <span class='ocrx_word' id='word_1_759' title='bbox 1700 649 1732 670; x_wconf 86' lang='lat' dir='ltr'>ea</span> <span class='ocrx_word' id='word_1_760' title='bbox 1740 641 1859 670; x_wconf 85' lang='lat' dir='ltr'>civitate</span> <span class='ocrx_word' id='word_1_761' title='bbox 1871 660 1880 673; x_wconf 88' lang='lat'>‚</span> <span class='ocrx_word' id='word_1_762' title='bbox 1897 648 2026 680; x_wconf 88' lang='lat' dir='ltr'>quacum</span> <span class='ocrx_word' id='word_1_763' title='bbox 2036 636 2131 678; x_wconf 69' lang='lat' dir='ltr'>prope</span> 
     </span>
     <span class='ocr_line' id='line_1_88' title="bbox 1178 676 2132 719; baseline 0.005 -12"><span class='ocrx_word' id='word_1_764' title='bbox 1178 676 1322 719; x_wconf 72' lang='lat' dir='ltr'>singulare</span> <span class='ocrx_word' id='word_1_765' title='bbox 1339 678 1437 709; x_wconf 69' lang='lat' dir='ltr'>foedus</span> <span class='ocrx_word' id='word_1_766' title='bbox 1447 680 1550 718; x_wconf 88' lang='lat' dir='ltr'>Pyrrhi</span> <span class='ocrx_word' id='word_1_767' title='bbox 1569 680 1775 719; x_wconf 80' lang='lat' dir='ltr'>temporibus,</span> <span class='ocrx_word' id='word_1_768' title='bbox 1797 684 1829 711; x_wconf 91' lang='lat' dir='ltr'>C.</span> <span class='ocrx_word' id='word_1_769' title='bbox 1842 681 1976 711; x_wconf 82' lang='lat' dir='ltr'>Fabricio</span> <span class='ocrx_word' id='word_1_770' title='bbox 1995 679 2132 712; x_wconf 68' lang='lat' dir='ltr'>consule»</span> 
     </span>
     <span class='ocr_line' id='line_1_89' title="bbox 1176 718 2133 762; baseline 0 -13"><span class='ocrx_word' id='word_1_771' title='bbox 1176 718 1273 749; x_wconf 69' lang='lat' dir='ltr'>iEtum</span> <span class='ocrx_word' id='word_1_772' title='bbox 1283 723 1421 759; x_wconf 84' lang='lat' dir='ltr'>putatur?</span> <span class='ocrx_word' id='word_1_773' title='bbox 1430 720 1503 760; x_wconf 84' lang='lat' dir='ltr'>quid</span> <span class='ocrx_word' id='word_1_774' title='bbox 1514 723 1523 750; x_wconf 87' lang='lat'>?</span> <span class='ocrx_word' id='word_1_775' title='bbox 1535 720 1748 751; x_wconf 83' lang='lat' dir='ltr'>Massiliensem</span> <span class='ocrx_word' id='word_1_776' title='bbox 1759 722 1929 753; x_wconf 81' lang='lat' dir='ltr'>Aristonem</span> <span class='ocrx_word' id='word_1_777' title='bbox 1938 722 2019 753; x_wconf 88' lang='lat' dir='ltr'>Sulia</span> <span class='ocrx_word' id='word_1_778' title='bbox 2027 724 2038 751; x_wconf 89' lang='lat'>?</span> <span class='ocrx_word' id='word_1_779' title='bbox 2046 719 2133 762; x_wconf 73' lang='lat' dir='ltr'>quid?</span> 
     </span>
     <span class='ocr_line' id='line_1_90' title="bbox 1176 761 2132 803; baseline 0 -12"><span class='ocrx_word' id='word_1_780' title='bbox 1176 763 1322 802; x_wconf 86' lang='lat' dir='ltr'>quoniam</span> <span class='ocrx_word' id='word_1_781' title='bbox 1334 762 1369 792; x_wconf 84' lang='lat' dir='ltr'>de</span> <span class='ocrx_word' id='word_1_782' title='bbox 1380 763 1536 792; x_wconf 84' lang='lat' dir='ltr'>Gaditanis</span> <span class='ocrx_word' id='word_1_783' title='bbox 1545 764 1660 803; x_wconf 84' lang='lat' dir='ltr'>agimus</span> <span class='ocrx_word' id='word_1_784' title='bbox 1671 782 1679 796; x_wconf 89' lang='lat'>‚</span> <span class='ocrx_word' id='word_1_785' title='bbox 1699 761 1713 782; x_wconf 80' lang='lat'><strong>⁶</strong></span> <span class='ocrx_word' id='word_1_786' title='bbox 1724 764 1805 793; x_wconf 84' lang='lat' dir='ltr'>idem</span> <span class='ocrx_word' id='word_1_787' title='bbox 1817 765 1903 794; x_wconf 87' lang='lat' dir='ltr'>heros</span> <span class='ocrx_word' id='word_1_788' title='bbox 1914 773 2026 794; x_wconf 87' lang='lat' dir='ltr'>novem</span> <span class='ocrx_word' id='word_1_789' title='bbox 2038 761 2132 792; x_wconf 89' lang='lat' dir='ltr'>Gadi-</span> 
     </span>
     <span class='ocr_line' id='line_1_91' title="bbox 1177 802 2127 846; baseline 0.001 -14"><span class='ocrx_word' id='word_1_790' title='bbox 1177 806 1286 833; x_wconf 87' lang='lat' dir='ltr'>tanos?</span> <span class='ocrx_word' id='word_1_791' title='bbox 1302 803 1397 844; x_wconf 90' lang='lat' dir='ltr'>quid?</span> <span class='ocrx_word' id='word_1_792' title='bbox 1420 805 1466 833; x_wconf 90' lang='lat' dir='ltr'>vir</span> <span class='ocrx_word' id='word_1_793' title='bbox 1486 802 1700 837; x_wconf 62' lang='lat' dir='ltr'>sanffissimus,</span> <span class='ocrx_word' id='word_1_794' title='bbox 1724 804 1757 834; x_wconf 70' lang='grc' dir='ltr'>ὃς</span> <span class='ocrx_word' id='word_1_795' title='bbox 1777 805 1893 835; x_wconf 86' lang='lat' dir='ltr'>summa</span> <span class='ocrx_word' id='word_1_796' title='bbox 1912 806 2076 846; x_wconf 83' lang='lat' dir='ltr'>religione,</span> <span class='ocrx_word' id='word_1_797' title='bbox 2095 813 2127 833; x_wconf 89' lang='lat' dir='ltr'>ac</span> 
     </span>
     <span class='ocr_line' id='line_1_92' title="bbox 1175 843 2131 887; baseline 0 -13"><span class='ocrx_word' id='word_1_798' title='bbox 1175 843 1333 878; x_wconf 83' lang='lat' dir='ltr'>modestia,</span> <span class='ocrx_word' id='word_1_799' title='bbox 1345 846 1530 885; x_wconf 76' lang='lat' dir='ltr'>QMetellus</span> <span class='ocrx_word' id='word_1_800' title='bbox 1541 848 1610 876; x_wconf 84' lang='lat' dir='ltr'>Pius</span> <span class='ocrx_word' id='word_1_801' title='bbox 1621 866 1629 879; x_wconf 90' lang='lat'>,</span> <span class='ocrx_word' id='word_1_802' title='bbox 1641 846 1807 886; x_wconf 74' lang='lat' dir='ltr'>QFabium</span> <span class='ocrx_word' id='word_1_803' title='bbox 1818 849 2014 887; x_wconf 78' lang='lat' dir='ltr'>Saguntinum</span> <span class='ocrx_word' id='word_1_804' title='bbox 2024 849 2034 874; x_wconf 90' lang='lat'>?</span> <span class='ocrx_word' id='word_1_805' title='bbox 2043 845 2131 886; x_wconf 74' lang='lat' dir='ltr'>quid?</span> 
     </span>
     <span class='ocr_line' id='line_1_93' title="bbox 1176 886 2131 928; baseline 0 -12"><span class='ocrx_word' id='word_1_806' title='bbox 1176 888 1226 916; x_wconf 86' lang='lat' dir='ltr'>hic</span> <span class='ocrx_word' id='word_1_807' title='bbox 1236 907 1244 920; x_wconf 92' lang='lat'>,</span> <span class='ocrx_word' id='word_1_808' title='bbox 1259 888 1311 927; x_wconf 90' lang='lat' dir='ltr'>qui</span> <span class='ocrx_word' id='word_1_809' title='bbox 1321 886 1401 917; x_wconf 80' lang='lat' dir='ltr'>adest</span> <span class='ocrx_word' id='word_1_810' title='bbox 1410 906 1418 919; x_wconf 81' lang='lat'><em>‚</em></span> <span class='ocrx_word' id='word_1_811' title='bbox 1434 887 1449 917; x_wconf 77' lang='lat' dir='ltr'>a</span> <span class='ocrx_word' id='word_1_812' title='bbox 1459 897 1519 928; x_wconf 90' lang='lat' dir='ltr'>quo</span> <span class='ocrx_word' id='word_1_813' title='bbox 1531 889 1592 918; x_wconf 85' lang='lat' dir='ltr'>haec</span> <span class='ocrx_word' id='word_1_814' title='bbox 1602 907 1609 920; x_wconf 83' lang='lat'>‚</span> <span class='ocrx_word' id='word_1_815' title='bbox 1630 897 1696 928; x_wconf 77' lang='lat' dir='ltr'>quae</span> <span class='ocrx_word' id='word_1_816' title='bbox 1706 897 1761 928; x_wconf 87' lang='lat' dir='ltr'>ego</span> <span class='ocrx_word' id='word_1_817' title='bbox 1773 897 1854 918; x_wconf 83' lang='lat' dir='ltr'>nunc</span> <span class='ocrx_word' id='word_1_818' title='bbox 1864 898 2001 927; x_wconf 84' lang='lat' dir='ltr'>percurro</span> <span class='ocrx_word' id='word_1_819' title='bbox 2012 908 2020 920; x_wconf 88' lang='lat'>,</span> <span class='ocrx_word' id='word_1_820' title='bbox 2037 887 2131 917; x_wconf 75' lang='lat' dir='ltr'>subti-</span> 
     </span>
     <span class='ocr_line' id='line_1_94' title="bbox 1174 927 2132 969; baseline 0.002 -13"><span class='ocrx_word' id='word_1_821' title='bbox 1174 927 1286 958; x_wconf 74' lang='lat' dir='ltr'>lissime</span> <span class='ocrx_word' id='word_1_822' title='bbox 1298 929 1365 959; x_wconf 84' lang='lat' dir='ltr'>sunt</span> <span class='ocrx_word' id='word_1_823' title='bbox 1374 930 1479 959; x_wconf 84' lang='lat' dir='ltr'>omnia</span> <span class='ocrx_word' id='word_1_824' title='bbox 1488 929 1633 969; x_wconf 79' lang='lat' dir='ltr'>perpolita</span> <span class='ocrx_word' id='word_1_825' title='bbox 1644 949 1652 962; x_wconf 85' lang='lat'>,</span> <span class='ocrx_word' id='word_1_826' title='bbox 1666 927 1826 960; x_wconf 76' lang='lat' dir='ltr'>M.Craffiis</span> <span class='ocrx_word' id='word_1_827' title='bbox 1837 949 1844 963; x_wconf 85' lang='lat'>,</span> <span class='ocrx_word' id='word_1_828' title='bbox 1858 939 1919 959; x_wconf 89' lang='lat' dir='ltr'>non</span> <span class='ocrx_word' id='word_1_829' title='bbox 1933 934 1947 956; x_wconf 79' lang='lat'><em>7</em></span> <span class='ocrx_word' id='word_1_830' title='bbox 1958 930 2132 958; x_wconf 86' lang='lat' dir='ltr'>Aletrinen-</span> 
     </span>
     <span class='ocr_line' id='line_1_95' title="bbox 1174 969 2126 1010; baseline 0 -11"><span class='ocrx_word' id='word_1_831' title='bbox 1174 970 1235 1000; x_wconf 87' lang='lat' dir='ltr'>sem</span> <span class='ocrx_word' id='word_1_832' title='bbox 1246 969 1424 1000; x_wconf 78' lang='lat' dir='ltr'>foederatum</span> <span class='ocrx_word' id='word_1_833' title='bbox 1436 972 1554 1001; x_wconf 81' lang='lat' dir='ltr'>civitate</span> <span class='ocrx_word' id='word_1_834' title='bbox 1564 971 1705 1004; x_wconf 86' lang='lat' dir='ltr'>donavit,</span> <span class='ocrx_word' id='word_1_835' title='bbox 1726 972 1821 1001; x_wconf 87' lang='lat' dir='ltr'>homo</span> <span class='ocrx_word' id='word_1_836' title='bbox 1835 980 1899 1001; x_wconf 91' lang='lat' dir='ltr'>tum</span> <span class='ocrx_word' id='word_1_837' title='bbox 1916 972 2052 1010; x_wconf 70' lang='lat' dir='ltr'>gravitate</span> <span class='ocrx_word' id='word_1_838' title='bbox 2065 990 2072 1003; x_wconf 95' lang='lat'>‚</span> <span class='ocrx_word' id='word_1_839' title='bbox 2094 970 2126 1000; x_wconf 68' lang='grc' dir='ltr'>ὅς</span> 
     </span>
     <span class='ocr_line' id='line_1_96' title="bbox 1173 1011 2128 1052; baseline 0.001 -11"><span class='ocrx_word' id='word_1_840' title='bbox 1173 1011 1329 1052; x_wconf 82' lang='lat' dir='ltr'>prudentia</span> <span class='ocrx_word' id='word_1_841' title='bbox 1338 1011 1495 1051; x_wconf 77' lang='lat' dir='ltr'>praestans,</span> <span class='ocrx_word' id='word_1_842' title='bbox 1517 1022 1579 1042; x_wconf 85' lang='lat' dir='ltr'>turn</span> <span class='ocrx_word' id='word_1_843' title='bbox 1594 1013 1643 1042; x_wconf 88' lang='lat' dir='ltr'>vel</span> <span class='ocrx_word' id='word_1_844' title='bbox 1656 1014 1789 1044; x_wconf 86' lang='lat' dir='ltr'>nimium</span> <span class='ocrx_word' id='word_1_845' title='bbox 1809 1022 1911 1052; x_wconf 82' lang='lat' dir='ltr'>parcus</span> <span class='ocrx_word' id='word_1_846' title='bbox 1930 1022 1962 1042; x_wconf 84' lang='lat' dir='ltr'>in</span> <span class='ocrx_word' id='word_1_847' title='bbox 1980 1011 2128 1052; x_wconf 77' lang='lat' dir='ltr'>largienda</span> 
     </span>
     <span class='ocr_line' id='line_1_97' title="bbox 1172 1053 2130 1094; baseline -0.001 -11"><span class='ocrx_word' id='word_1_848' title='bbox 1172 1055 1311 1084; x_wconf 79' lang='lat' dir='ltr'>civitate?</span> <span class='ocrx_word' id='word_1_849' title='bbox 1335 1056 1453 1087; x_wconf 63' lang='lat' dir='ltr'>Hiemi,</span> <span class='ocrx_word' id='word_1_850' title='bbox 1474 1056 1679 1094; x_wconf 86' lang='lat' dir='ltr'>Cn.Pompeii</span> <span class='ocrx_word' id='word_1_851' title='bbox 1691 1053 1894 1088; x_wconf 83' lang='lat' dir='ltr'>beneficium,</span> <span class='ocrx_word' id='word_1_852' title='bbox 1914 1054 2130 1094; x_wconf 79' lang='lat' dir='ltr'>velpotiusju-</span> 
     </span>
     <span class='ocr_line' id='line_1_98' title="bbox 1173 1094 2124 1136; baseline -0.001 -10"><span class='ocrx_word' id='word_1_853' title='bbox 1173 1094 1288 1126; x_wconf 88' lang='lat' dir='ltr'>dicium</span> <span class='ocrx_word' id='word_1_854' title='bbox 1299 1115 1308 1129; x_wconf 92' lang='lat'>‚</span> <span class='ocrx_word' id='word_1_855' title='bbox 1330 1095 1363 1125; x_wconf 65' lang='grc' dir='ltr'>ὃς</span> <span class='ocrx_word' id='word_1_856' title='bbox 1379 1095 1495 1126; x_wconf 54' lang='lat' dir='ltr'>facium</span> <span class='ocrx_word' id='word_1_857' title='bbox 1509 1095 1661 1126; x_wconf 78' lang='lat' dir='ltr'>infirmare</span> <span class='ocrx_word' id='word_1_858' title='bbox 1673 1099 1788 1127; x_wconf 89' lang='lat' dir='ltr'>conaris</span> <span class='ocrx_word' id='word_1_859' title='bbox 1799 1117 1808 1130; x_wconf 85' lang='lat'>‚</span> <span class='ocrx_word' id='word_1_860' title='bbox 1827 1099 1878 1136; x_wconf 87' lang='lat' dir='ltr'>qui</span> <span class='ocrx_word' id='word_1_861' title='bbox 1889 1096 1961 1126; x_wconf 82' lang='lat' dir='ltr'>fecit</span> <span class='ocrx_word' id='word_1_862' title='bbox 1971 1115 1979 1130; x_wconf 88' lang='lat'><strong>,</strong></span> <span class='ocrx_word' id='word_1_863' title='bbox 1999 1095 2080 1136; x_wconf 88' lang='lat' dir='ltr'>quod</span> <span class='ocrx_word' id='word_1_864' title='bbox 2091 1097 2124 1125; x_wconf 41' lang='lat' dir='ltr'>C.</span> 
     </span>
     <span class='ocr_line' id='line_1_99' title="bbox 1174 1136 2125 1179; baseline -0.002 -12"><span class='ocrx_word' id='word_1_865' title='bbox 1174 1139 1306 1168; x_wconf 83' lang='lat' dir='ltr'>Marium</span> <span class='ocrx_word' id='word_1_866' title='bbox 1322 1136 1423 1168; x_wconf 82' lang='lat' dir='ltr'>feciss&#39;e</span> <span class='ocrx_word' id='word_1_867' title='bbox 1439 1138 1588 1167; x_wconf 79' lang='lat' dir='ltr'>audierat:</span> <span class='ocrx_word' id='word_1_868' title='bbox 1606 1137 1678 1168; x_wconf 82' lang='lat' dir='ltr'>fecit</span> <span class='ocrx_word' id='word_1_869' title='bbox 1691 1138 1773 1179; x_wconf 87' lang='lat' dir='ltr'>quod</span> <span class='ocrx_word' id='word_1_870' title='bbox 1786 1136 1978 1171; x_wconf 82' lang='lat' dir='ltr'>P-Craffnm,</span> <span class='ocrx_word' id='word_1_871' title='bbox 1998 1136 2080 1178; x_wconf 89' lang='lat' dir='ltr'>quod</span> <span class='ocrx_word' id='word_1_872' title='bbox 2090 1138 2125 1166; x_wconf 84' lang='lat' dir='ltr'>L.</span> 
     </span>
     <span class='ocr_line' id='line_1_100' title="bbox 1172 1178 2125 1221; baseline -0.001 -12"><span class='ocrx_word' id='word_1_873' title='bbox 1172 1179 1285 1209; x_wconf 85' lang='lat' dir='ltr'>Sullam</span> <span class='ocrx_word' id='word_1_874' title='bbox 1297 1199 1305 1212; x_wconf 89' lang='lat'><strong>,</strong></span> <span class='ocrx_word' id='word_1_875' title='bbox 1325 1179 1407 1220; x_wconf 87' lang='lat' dir='ltr'>quod</span> <span class='ocrx_word' id='word_1_876' title='bbox 1425 1180 1633 1219; x_wconf 76' lang='lat' dir='ltr'>QMetellum</span> <span class='ocrx_word' id='word_1_877' title='bbox 1645 1199 1653 1214; x_wconf 83' lang='lat'><strong>,</strong></span> <span class='ocrx_word' id='word_1_878' title='bbox 1673 1180 1753 1221; x_wconf 87' lang='lat' dir='ltr'>quod</span> <span class='ocrx_word' id='word_1_879' title='bbox 1769 1180 1898 1221; x_wconf 85' lang='lat' dir='ltr'>denique</span> <span class='ocrx_word' id='word_1_880' title='bbox 1921 1178 2125 1209; x_wconf 85' lang='lat' dir='ltr'>domesticum</span> 
     </span>
     <span class='ocr_line' id='line_1_101' title="bbox 1172 1219 2127 1262; baseline 0 -12"><span class='ocrx_word' id='word_1_881' title='bbox 1172 1220 1342 1254; x_wconf 63' lang='lat' dir='ltr'>anaorem,</span> <span class='ocrx_word' id='word_1_882' title='bbox 1367 1230 1480 1261; x_wconf 78' lang='lat' dir='ltr'>patrem</span> <span class='ocrx_word' id='word_1_883' title='bbox 1498 1222 1584 1252; x_wconf 82' lang='lat' dir='ltr'>suurn</span> <span class='ocrx_word' id='word_1_884' title='bbox 1597 1242 1605 1254; x_wconf 97' lang='lat'><strong>‚</strong></span> <span class='ocrx_word' id='word_1_885' title='bbox 1625 1221 1719 1252; x_wconf 78' lang='lat' dir='ltr'>facere</span> <span class='ocrx_word' id='word_1_886' title='bbox 1738 1222 1869 1252; x_wconf 85' lang='lat' dir='ltr'>viderat?</span> <span class='ocrx_word' id='word_1_887' title='bbox 1890 1231 1987 1262; x_wconf 86' lang='lat' dir='ltr'>neque</span> <span class='ocrx_word' id='word_1_888' title='bbox 2004 1219 2076 1251; x_wconf 77' lang='lat' dir='ltr'>vero</span> <span class='ocrx_word' id='word_1_889' title='bbox 2093 1222 2127 1249; x_wconf 86' lang='lat' dir='ltr'>in</span> 
     </span>
     <span class='ocr_line' id='line_1_102' title="bbox 1172 1262 2129 1294; baseline -0.001 -2"><span class='ocrx_word' id='word_1_890' title='bbox 1172 1273 1234 1293; x_wconf 88' lang='lat' dir='ltr'>uno</span> <span class='ocrx_word' id='word_1_891' title='bbox 1246 1263 1388 1293; x_wconf 83' lang='lat' dir='ltr'>Cornelio</span> <span class='ocrx_word' id='word_1_892' title='bbox 1398 1264 1428 1292; x_wconf 92' lang='lat' dir='ltr'>id</span> <span class='ocrx_word' id='word_1_893' title='bbox 1438 1262 1519 1293; x_wconf 83' lang='lat' dir='ltr'>fecit.</span> <span class='ocrx_word' id='word_1_894' title='bbox 1544 1273 1613 1293; x_wconf 83' lang='lat' dir='ltr'>narn</span> <span class='ocrx_word' id='word_1_895' title='bbox 1625 1263 1658 1293; x_wconf 88' lang='lat'>&amp;</span> <span class='ocrx_word' id='word_1_896' title='bbox 1670 1263 1852 1294; x_wconf 79' lang='lat' dir='ltr'>Gaditanum</span> <span class='ocrx_word' id='word_1_897' title='bbox 1863 1263 2079 1293; x_wconf 82' lang='lat' dir='ltr'>Hasdrubalem</span> <span class='ocrx_word' id='word_1_898' title='bbox 2090 1271 2129 1291; x_wconf 79' lang='lat' dir='ltr'>ex</span> 
     </span>
     <span class='ocr_line' id='line_1_103' title="bbox 1172 1300 2125 1345; baseline 0.001 -12"><span class='ocrx_word' id='word_1_899' title='bbox 1172 1304 1253 1334; x_wconf 84' lang='lat' dir='ltr'>bello</span> <span class='ocrx_word' id='word_1_900' title='bbox 1262 1305 1317 1334; x_wconf 90' lang='lat' dir='ltr'>illo</span> <span class='ocrx_word' id='word_1_901' title='bbox 1330 1304 1472 1334; x_wconf 85' lang='lat' dir='ltr'>Africano</span> <span class='ocrx_word' id='word_1_902' title='bbox 1483 1325 1491 1339; x_wconf 90' lang='lat'>‚</span> <span class='ocrx_word' id='word_1_903' title='bbox 1513 1305 1545 1335; x_wconf 70' lang='grc' dir='ltr'>δε</span> <span class='ocrx_word' id='word_1_904' title='bbox 1559 1300 1573 1324; x_wconf 82' lang='lat'><strong>3</strong></span> <span class='ocrx_word' id='word_1_905' title='bbox 1584 1307 1784 1336; x_wconf 84' lang='lat' dir='ltr'>Mamertinos</span> <span class='ocrx_word' id='word_1_906' title='bbox 1794 1305 1903 1335; x_wconf 85' lang='lat' dir='ltr'>obvios</span> <span class='ocrx_word' id='word_1_907' title='bbox 1911 1325 1919 1339; x_wconf 88' lang='lat'>‚</span> <span class='ocrx_word' id='word_1_908' title='bbox 1935 1305 1968 1335; x_wconf 88' lang='lat'>&amp;</span> <span class='ocrx_word' id='word_1_909' title='bbox 1978 1304 2125 1345; x_wconf 85' lang='lat' dir='ltr'>quosdam</span> 
     </span>
     <span class='ocr_line' id='line_1_104' title="bbox 1171 1346 2129 1387; baseline 0 -11"><span class='ocrx_word' id='word_1_910' title='bbox 1171 1347 1340 1376; x_wconf 80' lang='lat' dir='ltr'>Uticenseis</span> <span class='ocrx_word' id='word_1_911' title='bbox 1356 1366 1364 1380; x_wconf 82' lang='lat'>‚</span> <span class='ocrx_word' id='word_1_912' title='bbox 1386 1346 1418 1377; x_wconf 88' lang='lat'>&amp;</span> <span class='ocrx_word' id='word_1_913' title='bbox 1434 1348 1615 1387; x_wconf 79' lang='lat' dir='ltr'>Saguntinos</span> <span class='ocrx_word' id='word_1_914' title='bbox 1630 1346 1728 1377; x_wconf 84' lang='lat' dir='ltr'>fabros</span> <span class='ocrx_word' id='word_1_915' title='bbox 1745 1368 1752 1381; x_wconf 89' lang='lat'>,</span> <span class='ocrx_word' id='word_1_916' title='bbox 1772 1349 1890 1377; x_wconf 87' lang='lat' dir='ltr'>civitate</span> <span class='ocrx_word' id='word_1_917' title='bbox 1909 1346 2042 1377; x_wconf 89' lang='lat' dir='ltr'>donavit.</span> <span class='ocrx_word' id='word_1_918' title='bbox 2076 1348 2129 1376; x_wconf 77' lang='lat' dir='ltr'>Et-</span> 
     </span>
     <span class='ocr_line' id='line_1_105' title="bbox 1171 1387 2127 1430; baseline 0 -13"><span class='ocrx_word' id='word_1_919' title='bbox 1171 1390 1255 1418; x_wconf 83' lang='lat' dir='ltr'>enim</span> <span class='ocrx_word' id='word_1_920' title='bbox 1268 1408 1277 1421; x_wconf 90' lang='lat'><em>,</em></span> <span class='ocrx_word' id='word_1_921' title='bbox 1297 1399 1360 1417; x_wconf 73' lang='lat' dir='ltr'>rum</span> <span class='ocrx_word' id='word_1_922' title='bbox 1378 1396 1468 1417; x_wconf 60' lang='lat' dir='ltr'>cereris</span> <span class='ocrx_word' id='word_1_923' title='bbox 1486 1391 1617 1428; x_wconf 72' lang='lat' dir='ltr'>praemiis</span> <span class='ocrx_word' id='word_1_924' title='bbox 1627 1388 1709 1430; x_wconf 84' lang='lat' dir='ltr'>digni</span> <span class='ocrx_word' id='word_1_925' title='bbox 1723 1390 1809 1423; x_wconf 87' lang='lat' dir='ltr'>sunt,</span> <span class='ocrx_word' id='word_1_926' title='bbox 1829 1390 1881 1429; x_wconf 90' lang='lat' dir='ltr'>qui</span> <span class='ocrx_word' id='word_1_927' title='bbox 1891 1389 1943 1418; x_wconf 91' lang='lat' dir='ltr'>suo</span> <span class='ocrx_word' id='word_1_928' title='bbox 1954 1388 2072 1420; x_wconf 82' lang='lat' dir='ltr'>labore,</span> <span class='ocrx_word' id='word_1_929' title='bbox 2093 1387 2127 1417; x_wconf 82' lang='lat'>&amp;</span> 
     </span>
     <span class='ocr_line' id='line_1_106' title="bbox 1169 1427 2127 1471; baseline -0.003 -11"><span class='ocrx_word' id='word_1_930' title='bbox 1169 1431 1304 1470; x_wconf 86' lang='lat' dir='ltr'>periculo</span> <span class='ocrx_word' id='word_1_931' title='bbox 1322 1429 1453 1460; x_wconf 85' lang='lat' dir='ltr'>nostram</span> <span class='ocrx_word' id='word_1_932' title='bbox 1472 1441 1565 1471; x_wconf 86' lang='lat' dir='ltr'>remp.</span> <span class='ocrx_word' id='word_1_933' title='bbox 1576 1430 1759 1462; x_wconf 81' lang='lat' dir='ltr'>defendunt:</span> <span class='ocrx_word' id='word_1_934' title='bbox 1779 1441 1845 1461; x_wconf 89' lang='lat' dir='ltr'>tum</span> <span class='ocrx_word' id='word_1_935' title='bbox 1862 1429 1941 1461; x_wconf 68' lang='lat' dir='ltr'>certe</span> <span class='ocrx_word' id='word_1_936' title='bbox 1959 1427 2127 1470; x_wconf 65' lang='lat' dir='ltr'>dignissimi</span> 
     </span>
     <span class='ocr_line' id='line_1_107' title="bbox 1172 1471 2129 1513; baseline -0.003 -11"><span class='ocrx_word' id='word_1_937' title='bbox 1172 1472 1258 1505; x_wconf 82' lang='lat' dir='ltr'>sunt,</span> <span class='ocrx_word' id='word_1_938' title='bbox 1278 1473 1331 1512; x_wconf 85' lang='lat' dir='ltr'>qui</span> <span class='ocrx_word' id='word_1_939' title='bbox 1347 1473 1466 1502; x_wconf 50' lang='lat' dir='ltr'>ciuitate</span> <span class='ocrx_word' id='word_1_940' title='bbox 1486 1483 1518 1502; x_wconf 82' lang='lat' dir='ltr'>ea</span> <span class='ocrx_word' id='word_1_941' title='bbox 1538 1472 1689 1502; x_wconf 88' lang='lat' dir='ltr'>donentur</span> <span class='ocrx_word' id='word_1_942' title='bbox 1703 1493 1711 1506; x_wconf 93' lang='lat'>,</span> <span class='ocrx_word' id='word_1_943' title='bbox 1732 1471 2010 1513; x_wconf 81' lang='lat' dir='ltr'>proquapericula,</span> <span class='ocrx_word' id='word_1_944' title='bbox 2031 1481 2062 1500; x_wconf 91' lang='lat' dir='ltr'>ac</span> <span class='ocrx_word' id='word_1_945' title='bbox 2072 1471 2129 1499; x_wconf 81' lang='lat' dir='ltr'>tela</span> 
     </span>
     <span class='ocr_line' id='line_1_108' title="bbox 1169 1514 2128 1555; baseline -0.002 -11"><span class='ocrx_word' id='word_1_946' title='bbox 1169 1514 1333 1544; x_wconf 83' lang='lat' dir='ltr'>subierunt.</span> <span class='ocrx_word' id='word_1_947' title='bbox 1359 1517 1455 1554; x_wconf 73' lang='lat' dir='ltr'>Atque</span> <span class='ocrx_word' id='word_1_948' title='bbox 1474 1516 1590 1544; x_wconf 86' lang='lat' dir='ltr'>utinam</span> <span class='ocrx_word' id='word_1_949' title='bbox 1610 1516 1663 1554; x_wconf 89' lang='lat' dir='ltr'>qui</span> <span class='ocrx_word' id='word_1_950' title='bbox 1679 1515 1791 1555; x_wconf 90' lang='lat' dir='ltr'>ubique</span> <span class='ocrx_word' id='word_1_951' title='bbox 1808 1514 1877 1544; x_wconf 89' lang='lat' dir='ltr'>sunt</span> <span class='ocrx_word' id='word_1_952' title='bbox 1894 1521 2128 1553; x_wconf 78' lang='lat' dir='ltr'>propugnatores</span> 
     </span>
     <span class='ocr_line' id='line_1_109' title="bbox 1167 1554 2125 1595; baseline -0.001 -11"><span class='ocrx_word' id='word_1_953' title='bbox 1167 1556 1257 1595; x_wconf 85' lang='lat' dir='ltr'>hujus</span> <span class='ocrx_word' id='word_1_954' title='bbox 1266 1557 1386 1595; x_wconf 88' lang='lat' dir='ltr'>imperii</span> <span class='ocrx_word' id='word_1_955' title='bbox 1396 1574 1404 1588; x_wconf 89' lang='lat'>‚</span> <span class='ocrx_word' id='word_1_956' title='bbox 1419 1554 1537 1595; x_wconf 85' lang='lat' dir='ltr'>poffent</span> <span class='ocrx_word' id='word_1_957' title='bbox 1548 1558 1580 1585; x_wconf 89' lang='lat' dir='ltr'>in</span> <span class='ocrx_word' id='word_1_958' title='bbox 1592 1557 1666 1586; x_wconf 85' lang='lat' dir='ltr'>hanc</span> <span class='ocrx_word' id='word_1_959' title='bbox 1676 1558 1830 1586; x_wconf 80' lang='lat' dir='ltr'>civitatem</span> <span class='ocrx_word' id='word_1_960' title='bbox 1840 1556 1955 1588; x_wconf 84' lang='lat' dir='ltr'>venire,</span> <span class='ocrx_word' id='word_1_961' title='bbox 1967 1555 2000 1584; x_wconf 91' lang='lat'>&amp;</span> <span class='ocrx_word' id='word_1_962' title='bbox 2008 1554 2125 1587; x_wconf 71' lang='lat' dir='ltr'>contra,</span> 
     </span>
     <span class='ocr_line' id='line_1_110' title="bbox 1167 1597 2126 1638; baseline -0.001 -12"><span class='ocrx_word' id='word_1_963' title='bbox 1167 1607 1386 1638; x_wconf 77' lang='lat' dir='ltr'>oppugnatores</span> <span class='ocrx_word' id='word_1_964' title='bbox 1406 1599 1478 1637; x_wconf 86' lang='lat' dir='ltr'>reip.</span> <span class='ocrx_word' id='word_1_965' title='bbox 1493 1597 1530 1627; x_wconf 87' lang='lat' dir='ltr'>de</span> <span class='ocrx_word' id='word_1_966' title='bbox 1548 1599 1669 1628; x_wconf 83' lang='lat' dir='ltr'>civitate</span> <span class='ocrx_word' id='word_1_967' title='bbox 1686 1598 1891 1628; x_wconf 84' lang='lat' dir='ltr'>exterminari.</span> <span class='ocrx_word' id='word_1_968' title='bbox 1915 1598 2023 1637; x_wconf 87' lang='lat' dir='ltr'>Neque</span> <span class='ocrx_word' id='word_1_969' title='bbox 2041 1597 2126 1626; x_wconf 85' lang='lat' dir='ltr'>enim</span> 
     </span>
     <span class='ocr_line' id='line_1_111' title="bbox 1165 1638 2129 1679; baseline -0.001 -11"><span class='ocrx_word' id='word_1_970' title='bbox 1165 1640 1216 1668; x_wconf 88' lang='lat' dir='ltr'>ille</span> <span class='ocrx_word' id='word_1_971' title='bbox 1226 1639 1363 1669; x_wconf 87' lang='lat' dir='ltr'>summus</span> <span class='ocrx_word' id='word_1_972' title='bbox 1371 1640 1459 1679; x_wconf 81' lang='lat' dir='ltr'>po&#39;e&#39;ta</span> <span class='ocrx_word' id='word_1_973' title='bbox 1468 1638 1580 1672; x_wconf 87' lang='lat' dir='ltr'>noster,</span> <span class='ocrx_word' id='word_1_974' title='bbox 1597 1640 1776 1670; x_wconf 82' lang='lat' dir='ltr'>Hannibalis</span> <span class='ocrx_word' id='word_1_975' title='bbox 1785 1640 1870 1669; x_wconf 88' lang='lat' dir='ltr'>illam</span> <span class='ocrx_word' id='word_1_976' title='bbox 1882 1639 1976 1679; x_wconf 77' lang='lat' dir='ltr'>magis</span> <span class='ocrx_word' id='word_1_977' title='bbox 1987 1638 2129 1668; x_wconf 89' lang='lat' dir='ltr'>cohorta-</span> 
     </span>
     <span class='ocr_line' id='line_1_112' title="bbox 1164 1678 2126 1721; baseline -0.002 -10"><span class='ocrx_word' id='word_1_978' title='bbox 1164 1682 1284 1711; x_wconf 88' lang='lat' dir='ltr'>tionem</span> <span class='ocrx_word' id='word_1_979' title='bbox 1303 1700 1311 1713; x_wconf 87' lang='lat'><strong>‚</strong></span> <span class='ocrx_word' id='word_1_980' title='bbox 1335 1690 1425 1721; x_wconf 87' lang='lat' dir='ltr'>quam</span> <span class='ocrx_word' id='word_1_981' title='bbox 1444 1690 1643 1711; x_wconf 88' lang='lat' dir='ltr'>communem</span> <span class='ocrx_word' id='word_1_982' title='bbox 1663 1684 1877 1721; x_wconf 83' lang='lat' dir='ltr'>imperatorum</span> <span class='ocrx_word' id='word_1_983' title='bbox 1901 1699 1910 1712; x_wconf 82' lang='lat'>‚</span> <span class='ocrx_word' id='word_1_984' title='bbox 1938 1680 2037 1710; x_wconf 86' lang='lat' dir='ltr'>voluit</span> <span class='ocrx_word' id='word_1_985' title='bbox 2056 1678 2126 1715; x_wconf 79' lang='lat' dir='ltr'>esse,</span> 
     </span>
     <span class='ocr_line' id='line_1_113' title="bbox 1166 1720 2124 1764; baseline -0.001 -13"><span class='ocrx_word' id='word_1_986' title='bbox 1166 1743 1187 1757; x_wconf 64' lang='lat'>2,</span> <span class='ocrx_word' id='word_1_987' title='bbox 1199 1720 1332 1758; x_wconf 73' lang='lat' dir='ltr'>9Hostem</span> <span class='ocrx_word' id='word_1_988' title='bbox 1348 1723 1400 1764; x_wconf 74' lang='lat' dir='ltr'>qui</span> <span class='ocrx_word' id='word_1_989' title='bbox 1413 1722 1501 1760; x_wconf 75' lang='lat' dir='ltr'>feriet</span> <span class='ocrx_word' id='word_1_990' title='bbox 1512 1743 1520 1757; x_wconf 84' lang='lat'>‚</span> <span class='ocrx_word' id='word_1_991' title='bbox 1543 1724 1596 1752; x_wconf 77' lang='lat' dir='ltr'>erit</span> <span class='ocrx_word' id='word_1_992' title='bbox 1607 1743 1614 1756; x_wconf 61' lang='lat'><em>2</em></span> <span class='ocrx_word' id='word_1_993' title='bbox 1638 1725 1755 1764; x_wconf 85' lang='lat' dir='ltr'>inquit,</span> <span class='ocrx_word' id='word_1_994' title='bbox 1776 1723 1848 1752; x_wconf 79' lang='lat' dir='ltr'>mihi</span> <span class='ocrx_word' id='word_1_995' title='bbox 1865 1722 2124 1763; x_wconf 69' lang='lat' dir='ltr'>qurhaginienfis,</span> 
     </span>
     <span class='ocr_line' id='line_1_114' title="bbox 1169 1763 2127 1806; baseline -0.001 -13"><span class='ocrx_word' id='word_1_996' title='bbox 1169 1765 1312 1806; x_wconf 77' lang='lat' dir='ltr'>Qisquis</span> <span class='ocrx_word' id='word_1_997' title='bbox 1329 1765 1401 1798; x_wconf 78' lang='lat' dir='ltr'>erit,</span> <span class='ocrx_word' id='word_1_998' title='bbox 1422 1765 1540 1804; x_wconf 72' lang='lat' dir='ltr'>cujatis:</span> <span class='ocrx_word' id='word_1_999' title='bbox 1559 1763 1610 1795; x_wconf 78' lang='lat' dir='ltr'>etsi</span> <span class='ocrx_word' id='word_1_1000' title='bbox 1624 1766 1654 1796; x_wconf 86' lang='lat' dir='ltr'>id</span> <span class='ocrx_word' id='word_1_1001' title='bbox 1670 1766 1779 1796; x_wconf 87' lang='lat' dir='ltr'>habent</span> <span class='ocrx_word' id='word_1_1002' title='bbox 1790 1766 1848 1794; x_wconf 90' lang='lat' dir='ltr'>hoc</span> <span class='ocrx_word' id='word_1_1003' title='bbox 1861 1765 1926 1795; x_wconf 89' lang='lat' dir='ltr'>leve</span> <span class='ocrx_word' id='word_1_1004' title='bbox 1938 1783 1947 1795; x_wconf 86' lang='lat'><strong><em>‚</em></strong></span> <span class='ocrx_word' id='word_1_1005' title='bbox 1968 1764 2127 1803; x_wconf 84' lang='lat' dir='ltr'>&amp;semper</span> 
     </span>
     <span class='ocr_line' id='line_1_115' title="bbox 1168 1805 2126 1848; baseline -0.003 -11"><span class='ocrx_word' id='word_1_1006' title='bbox 1168 1808 1345 1837; x_wconf 85' lang='lat' dir='ltr'>habuerunt.</span> <span class='ocrx_word' id='word_1_1007' title='bbox 1368 1809 1471 1846; x_wconf 81' lang='lat' dir='ltr'>Itaque</span> <span class='ocrx_word' id='word_1_1008' title='bbox 1484 1807 1516 1837; x_wconf 88' lang='lat'>&amp;</span> <span class='ocrx_word' id='word_1_1009' title='bbox 1525 1808 1618 1837; x_wconf 85' lang='lat' dir='ltr'>civeis</span> <span class='ocrx_word' id='word_1_1010' title='bbox 1629 1808 1762 1848; x_wconf 81' lang='lat' dir='ltr'>undique</span> <span class='ocrx_word' id='word_1_1011' title='bbox 1771 1806 1877 1836; x_wconf 86' lang='lat' dir='ltr'>forteis</span> <span class='ocrx_word' id='word_1_1012' title='bbox 1893 1807 1975 1836; x_wconf 84' lang='lat' dir='ltr'>viros</span> <span class='ocrx_word' id='word_1_1013' title='bbox 1991 1805 2126 1835; x_wconf 88' lang='lat' dir='ltr'>adscive-</span> 
     </span>
     <span class='ocr_line' id='line_1_116' title="bbox 1166 1845 2126 1890; baseline -0.003 -12"><span class='ocrx_word' id='word_1_1014' title='bbox 1166 1857 1237 1878; x_wconf 86' lang='lat' dir='ltr'>runt</span> <span class='ocrx_word' id='word_1_1015' title='bbox 1248 1868 1257 1881; x_wconf 91' lang='lat'>‚</span> <span class='ocrx_word' id='word_1_1016' title='bbox 1278 1848 1310 1878; x_wconf 89' lang='lat'>&amp;</span> <span class='ocrx_word' id='word_1_1017' title='bbox 1321 1849 1485 1878; x_wconf 87' lang='lat' dir='ltr'>hominum</span> <span class='ocrx_word' id='word_1_1018' title='bbox 1500 1848 1687 1890; x_wconf 86' lang='lat' dir='ltr'>ignobilium</span> <span class='ocrx_word' id='word_1_1019' title='bbox 1698 1849 1840 1879; x_wconf 88' lang='lat' dir='ltr'>virtutem</span> <span class='ocrx_word' id='word_1_1020' title='bbox 1849 1849 1977 1887; x_wconf 74' lang='lat' dir='ltr'>persaepe</span> <span class='ocrx_word' id='word_1_1021' title='bbox 1989 1845 2126 1876; x_wconf 78' lang='lat' dir='ltr'>nobilita-</span> 
     </span>
     <span class='ocr_line' id='line_1_117' title="bbox 1167 1889 2122 1930; baseline 0 -12"><span class='ocrx_word' id='word_1_1022' title='bbox 1167 1891 1201 1919; x_wconf 53' lang='grc' dir='ltr'>τίς</span> <span class='ocrx_word' id='word_1_1023' title='bbox 1209 1889 1313 1919; x_wconf 63' lang='lat' dir='ltr'>inertia</span> <span class='ocrx_word' id='word_1_1024' title='bbox 1322 1890 1524 1929; x_wconf 70' lang='lat' dir='ltr'>praetulerunt.</span> <span class='ocrx_word' id='word_1_1025' title='bbox 1560 1891 1685 1921; x_wconf 76' lang='lat' dir='ltr'>Habetis</span> <span class='ocrx_word' id='word_1_1026' title='bbox 1694 1892 1909 1930; x_wconf 86' lang='lat' dir='ltr'>imperatorum</span> <span class='ocrx_word' id='word_1_1027' title='bbox 1919 1889 2122 1923; x_wconf 88' lang='lat' dir='ltr'>summorum,</span> 
     </span>
     <span class='ocr_line' id='line_1_118' title="bbox 1167 1929 2123 1971; baseline 0 -11"><span class='ocrx_word' id='word_1_1028' title='bbox 1167 1931 1200 1961; x_wconf 77' lang='grc' dir='ltr'>δε</span> <span class='ocrx_word' id='word_1_1029' title='bbox 1220 1929 1503 1971; x_wconf 73' lang='lat' dir='ltr'>sapientiffimorum</span> <span class='ocrx_word' id='word_1_1030' title='bbox 1522 1932 1686 1962; x_wconf 86' lang='lat' dir='ltr'>hominum</span> <span class='ocrx_word' id='word_1_1031' title='bbox 1698 1951 1707 1966; x_wconf 87' lang='lat'><strong><em>,</em></strong></span> <span class='ocrx_word' id='word_1_1032' title='bbox 1727 1929 1956 1961; x_wconf 84' lang='lat' dir='ltr'>clariffimorum</span> <span class='ocrx_word' id='word_1_1033' title='bbox 1975 1932 2123 1965; x_wconf 88' lang='lat' dir='ltr'>virorum,</span> 
     </span>
     <span class='ocr_line' id='line_1_119' title="bbox 1165 1971 2124 2012; baseline -0.001 -10"><span class='ocrx_word' id='word_1_1034' title='bbox 1165 1974 1441 2012; x_wconf 88' lang='lat' dir='ltr'>interpretationem</span> <span class='ocrx_word' id='word_1_1035' title='bbox 1449 1973 1542 2011; x_wconf 84' lang='lat' dir='ltr'>juris,</span> <span class='ocrx_word' id='word_1_1036' title='bbox 1558 1973 1764 2004; x_wconf 79' lang='lat' dir='ltr'>acfoederum:</span> <span class='ocrx_word' id='word_1_1037' title='bbox 1786 1972 1864 2003; x_wconf 82' lang='lat' dir='ltr'>dabo</span> <span class='ocrx_word' id='word_1_1038' title='bbox 1874 1975 1964 2002; x_wconf 90' lang='lat' dir='ltr'>etiam</span> <span class='ocrx_word' id='word_1_1039' title='bbox 1972 1971 2124 2011; x_wconf 85' lang='lat' dir='ltr'>judicum,</span> 
     </span>
     <span class='ocr_line' id='line_1_120' title="bbox 1167 2013 2122 2055; baseline 0 -12"><span class='ocrx_word' id='word_1_1040' title='bbox 1167 2016 1220 2055; x_wconf 86' lang='lat' dir='ltr'>qui</span> <span class='ocrx_word' id='word_1_1041' title='bbox 1231 2014 1300 2043; x_wconf 88' lang='lat' dir='ltr'>huic</span> <span class='ocrx_word' id='word_1_1042' title='bbox 1309 2013 1466 2054; x_wconf 86' lang='lat' dir='ltr'>quaestioni</span> <span class='ocrx_word' id='word_1_1043' title='bbox 1477 2013 1659 2053; x_wconf 84' lang='lat' dir='ltr'>praefuerunt</span> <span class='ocrx_word' id='word_1_1044' title='bbox 1669 2025 1675 2044; x_wconf 78' lang='grc' dir='ltr'>ι</span> <span class='ocrx_word' id='word_1_1045' title='bbox 1684 2014 1762 2045; x_wconf 81' lang='lat' dir='ltr'>dabo</span> <span class='ocrx_word' id='word_1_1046' title='bbox 1773 2013 1901 2045; x_wconf 84' lang='lat' dir='ltr'>universi</span> <span class='ocrx_word' id='word_1_1047' title='bbox 1910 2014 2016 2054; x_wconf 90' lang='lat' dir='ltr'>populi</span> <span class='ocrx_word' id='word_1_1048' title='bbox 2025 2015 2107 2045; x_wconf 90' lang='lat' dir='ltr'>Rom</span> <span class='ocrx_word' id='word_1_1049' title='bbox 2115 2034 2122 2043; x_wconf 87' lang='lat'>.</span> 
     </span>
     <span class='ocr_line' id='line_1_121' title="bbox 1167 2054 2121 2096; baseline 0.001 -11"><span class='ocrx_word' id='word_1_1050' title='bbox 1167 2056 1244 2085; x_wconf 86' lang='lat' dir='ltr'>dabo</span> <span class='ocrx_word' id='word_1_1051' title='bbox 1263 2054 1479 2085; x_wconf 69' lang='lat' dir='ltr'>sanffiffimum</span> <span class='ocrx_word' id='word_1_1052' title='bbox 1498 2057 1587 2085; x_wconf 82' lang='lat' dir='ltr'>etiam</span> <span class='ocrx_word' id='word_1_1053' title='bbox 1602 2056 1754 2096; x_wconf 82' lang='lat' dir='ltr'>judicium</span> <span class='ocrx_word' id='word_1_1054' title='bbox 1772 2056 1897 2086; x_wconf 88' lang='lat' dir='ltr'>senatus.</span> <span class='ocrx_word' id='word_1_1055' title='bbox 1917 2056 2040 2096; x_wconf 86' lang='lat' dir='ltr'>Judices</span> <span class='ocrx_word' id='word_1_1056' title='bbox 2049 2065 2121 2086; x_wconf 90' lang='lat' dir='ltr'>cum</span> 
     </span>
     <span class='ocr_line' id='line_1_122' title="bbox 1161 2095 2122 2139; baseline 0.001 -12"><span class='ocrx_word' id='word_1_1057' title='bbox 1161 2106 1220 2138; x_wconf 82' lang='lat' dir='ltr'>prae</span> <span class='ocrx_word' id='word_1_1058' title='bbox 1232 2098 1259 2127; x_wconf 86' lang='lat' dir='ltr'>se</span> <span class='ocrx_word' id='word_1_1059' title='bbox 1268 2095 1380 2126; x_wconf 86' lang='lat' dir='ltr'>ferrent</span> <span class='ocrx_word' id='word_1_1060' title='bbox 1389 2117 1398 2130; x_wconf 91' lang='lat'>,</span> <span class='ocrx_word' id='word_1_1061' title='bbox 1419 2097 1574 2137; x_wconf 88' lang='lat' dir='ltr'>palamque</span> <span class='ocrx_word' id='word_1_1062' title='bbox 1585 2099 1781 2139; x_wconf 87' lang='lat' dir='ltr'>loquerentur</span> <span class='ocrx_word' id='word_1_1063' title='bbox 1789 2117 1797 2132; x_wconf 88' lang='lat'>‚</span> <span class='ocrx_word' id='word_1_1064' title='bbox 1811 2098 1884 2139; x_wconf 86' lang='lat' dir='ltr'>quid</span> <span class='ocrx_word' id='word_1_1065' title='bbox 1895 2096 1987 2127; x_wconf 84' lang='lat' dir='ltr'>ess&#39;ent</span> <span class='ocrx_word' id='word_1_1066' title='bbox 1995 2098 2058 2138; x_wconf 86' lang='lat' dir='ltr'>lege</span> <span class='ocrx_word' id='word_1_1067' title='bbox 2068 2100 2122 2128; x_wconf 78' lang='lat' dir='ltr'>Pa·</span> 
     </span>
     <span class='ocr_line' id='line_1_123' title="bbox 1161 2138 2120 2180; baseline -0.003 -9"><span class='ocrx_word' id='word_1_1068' title='bbox 1161 2141 1211 2180; x_wconf 85' lang='lat' dir='ltr'>pia</span> <span class='ocrx_word' id='word_1_1069' title='bbox 1229 2139 1266 2169; x_wconf 80' lang='lat' dir='ltr'>de</span> <span class='ocrx_word' id='word_1_1070' title='bbox 1283 2140 1330 2168; x_wconf 87' lang='lat' dir='ltr'>M·</span> <span class='ocrx_word' id='word_1_1071' title='bbox 1341 2138 1440 2169; x_wconf 72' lang='lat' dir='ltr'>Cmfl&#39;o</span> <span class='ocrx_word' id='word_1_1072' title='bbox 1452 2159 1460 2171; x_wconf 80' lang='lat'>‚</span> <span class='ocrx_word' id='word_1_1073' title='bbox 1481 2141 1673 2170; x_wconf 74' lang='lat' dir='ltr'>Mamertinis</span> <span class='ocrx_word' id='word_1_1074' title='bbox 1691 2140 1894 2180; x_wconf 83' lang='lat' dir='ltr'>repetentibus</span> <span class='ocrx_word' id='word_1_1075' title='bbox 1910 2159 1918 2172; x_wconf 87' lang='grc'><strong>,</strong></span> <span class='ocrx_word' id='word_1_1076' title='bbox 1939 2139 2100 2179; x_wconf 83' lang='lat' dir='ltr'>judicaturi</span> <span class='ocrx_word' id='word_1_1077' title='bbox 2114 2150 2120 2168; x_wconf 71' lang='grc' dir='ltr'><strong><em>ς</em></strong></span> 
     </span>
     <span class='ocr_line' id='line_1_124' title="bbox 1163 2180 2121 2222; baseline -0.001 -11"><span class='ocrx_word' id='word_1_1078' title='bbox 1163 2182 1359 2214; x_wconf 89' lang='lat' dir='ltr'>Mamertini,</span> <span class='ocrx_word' id='word_1_1079' title='bbox 1378 2180 1499 2220; x_wconf 80' lang='lat' dir='ltr'>publice</span> <span class='ocrx_word' id='word_1_1080' title='bbox 1510 2181 1752 2222; x_wconf 85' lang='lat' dir='ltr'>susceptacausa,</span> <span class='ocrx_word' id='word_1_1081' title='bbox 1773 2180 1959 2212; x_wconf 78' lang='lat' dir='ltr'>destiterunt.</span> <span class='ocrx_word' id='word_1_1082' title='bbox 1983 2181 2074 2210; x_wconf 89' lang='lat' dir='ltr'>Multi</span> <span class='ocrx_word' id='word_1_1083' title='bbox 2087 2183 2121 2211; x_wconf 89' lang='lat' dir='ltr'>in</span> 
     </span>
     <span class='ocr_line' id='line_1_125' title="bbox 1162 2222 2121 2264; baseline -0.001 -11"><span class='ocrx_word' id='word_1_1084' title='bbox 1162 2225 1316 2253; x_wconf 86' lang='lat' dir='ltr'>civitatem</span> <span class='ocrx_word' id='word_1_1085' title='bbox 1326 2223 1436 2262; x_wconf 83' lang='lat' dir='ltr'>recepti</span> <span class='ocrx_word' id='word_1_1086' title='bbox 1450 2231 1488 2251; x_wconf 84' lang='lat' dir='ltr'>ex</span> <span class='ocrx_word' id='word_1_1087' title='bbox 1498 2222 1600 2253; x_wconf 85' lang='lat' dir='ltr'>liberis</span> <span class='ocrx_word' id='word_1_1088' title='bbox 1610 2244 1618 2257; x_wconf 90' lang='lat'>‚</span> <span class='ocrx_word' id='word_1_1089' title='bbox 1632 2223 1879 2264; x_wconf 78' lang='lat' dir='ltr'>=0foederatisque</span> <span class='ocrx_word' id='word_1_1090' title='bbox 1890 2223 2010 2263; x_wconf 85' lang='lat' dir='ltr'>populis</span> <span class='ocrx_word' id='word_1_1091' title='bbox 2021 2242 2030 2256; x_wconf 94' lang='lat'>,</span> <span class='ocrx_word' id='word_1_1092' title='bbox 2050 2223 2121 2253; x_wconf 87' lang='lat' dir='ltr'>sunt</span> 
     </span>
     <span class='ocr_line' id='line_1_126' title="bbox 1162 2263 2119 2305; baseline 0.001 -12"><span class='ocrx_word' id='word_1_1093' title='bbox 1162 2265 1276 2295; x_wconf 85' lang='lat' dir='ltr'>liberati</span> <span class='ocrx_word' id='word_1_1094' title='bbox 1290 2273 1401 2293; x_wconf 86' lang='lat' dir='ltr'>:nemo</span> <span class='ocrx_word' id='word_1_1095' title='bbox 1412 2273 1557 2304; x_wconf 86' lang='lat' dir='ltr'>umquam</span> <span class='ocrx_word' id='word_1_1096' title='bbox 1568 2264 1613 2296; x_wconf 86' lang='lat' dir='ltr'>est</span> <span class='ocrx_word' id='word_1_1097' title='bbox 1623 2265 1659 2295; x_wconf 91' lang='lat' dir='ltr'>de</span> <span class='ocrx_word' id='word_1_1098' title='bbox 1669 2267 1788 2296; x_wconf 84' lang='lat' dir='ltr'>civitate</span> <span class='ocrx_word' id='word_1_1099' title='bbox 1798 2265 1945 2295; x_wconf 83' lang='lat' dir='ltr'>accusatus</span> <span class='ocrx_word' id='word_1_1100' title='bbox 1955 2285 1964 2297; x_wconf 83' lang='lat'><em>‚</em></span> <span class='ocrx_word' id='word_1_1101' title='bbox 1977 2263 2059 2305; x_wconf 72' lang='lat' dir='ltr'>quod</span> <span class='ocrx_word' id='word_1_1102' title='bbox 2069 2274 2119 2295; x_wconf 88' lang='lat' dir='ltr'>aut</span> 
     </span>
     <span class='ocr_line' id='line_1_127' title="bbox 1162 2304 2119 2347; baseline 0 -11"><span class='ocrx_word' id='word_1_1103' title='bbox 1162 2307 1303 2347; x_wconf 89' lang='lat' dir='ltr'>populus,</span> <span class='ocrx_word' id='word_1_1104' title='bbox 1318 2305 1432 2335; x_wconf 84' lang='lat' dir='ltr'>fundus</span> <span class='ocrx_word' id='word_1_1105' title='bbox 1440 2304 1537 2335; x_wconf 66' lang='lat' dir='ltr'>faetus</span> <span class='ocrx_word' id='word_1_1106' title='bbox 1547 2315 1610 2337; x_wconf 91' lang='lat' dir='ltr'>non</span> <span class='ocrx_word' id='word_1_1107' title='bbox 1620 2306 1691 2337; x_wconf 79' lang='lat' dir='ltr'>esset</span> <span class='ocrx_word' id='word_1_1108' title='bbox 1701 2327 1709 2341; x_wconf 90' lang='lat'>‚</span> <span class='ocrx_word' id='word_1_1109' title='bbox 1721 2317 1771 2337; x_wconf 87' lang='lat' dir='ltr'>aut</span> <span class='ocrx_word' id='word_1_1110' title='bbox 1780 2306 1860 2347; x_wconf 90' lang='lat' dir='ltr'>quod</span> <span class='ocrx_word' id='word_1_1111' title='bbox 1869 2305 1982 2336; x_wconf 78' lang='lat' dir='ltr'>foedere</span> <span class='ocrx_word' id='word_1_1112' title='bbox 1991 2308 2119 2336; x_wconf 87' lang='lat' dir='ltr'>civitatis</span> 
     </span>
     <span class='ocr_line' id='line_1_128' title="bbox 1167 2347 2118 2387; baseline -0.001 -9"><span class='ocrx_word' id='word_1_1113' title='bbox 1167 2348 1375 2386; x_wconf 81' lang='lat' dir='ltr'>mutandaejus</span> <span class='ocrx_word' id='word_1_1114' title='bbox 1385 2347 1589 2387; x_wconf 89' lang='lat' dir='ltr'>impediretur.</span> <span class='ocrx_word' id='word_1_1115' title='bbox 1613 2349 1742 2379; x_wconf 85' lang='lat' dir='ltr'>Audebo</span> <span class='ocrx_word' id='word_1_1116' title='bbox 1751 2351 1841 2379; x_wconf 85' lang='lat' dir='ltr'>etiam</span> <span class='ocrx_word' id='word_1_1117' title='bbox 1855 2350 1914 2378; x_wconf 91' lang='lat' dir='ltr'>hoc</span> <span class='ocrx_word' id='word_1_1118' title='bbox 1925 2348 2118 2381; x_wconf 85' lang='lat' dir='ltr'>contendere,</span> 
     </span>
     <span class='ocr_line' id='line_1_129' title="bbox 1166 2387 2118 2432; baseline -0.001 -13"><span class='ocrx_word' id='word_1_1119' title='bbox 1166 2399 1332 2430; x_wconf 86' lang='lat' dir='ltr'>numquam</span> <span class='ocrx_word' id='word_1_1120' title='bbox 1351 2387 1409 2418; x_wconf 86' lang='lat' dir='ltr'>effe</span> <span class='ocrx_word' id='word_1_1121' title='bbox 1427 2389 1676 2421; x_wconf 87' lang='lat' dir='ltr'>comdemnatum</span> <span class='ocrx_word' id='word_1_1122' title='bbox 1689 2410 1697 2425; x_wconf 86' lang='lat'>‚</span> <span class='ocrx_word' id='word_1_1123' title='bbox 1717 2400 1809 2432; x_wconf 89' lang='lat' dir='ltr'>quem</span> <span class='ocrx_word' id='word_1_1124' title='bbox 1823 2389 1987 2422; x_wconf 87' lang='lat' dir='ltr'>constaret,</span> <span class='ocrx_word' id='word_1_1125' title='bbox 2008 2389 2044 2419; x_wconf 91' lang='lat' dir='ltr'>ab</span> <span class='ocrx_word' id='word_1_1126' title='bbox 2058 2391 2118 2418; x_wconf 88' lang='lat' dir='ltr'>im-</span> 
     </span>
    </p>
   </div>
   <div class='ocr_carea' id='block_1_13' title="bbox 1165 2430 2121 2503">
    <p class='ocr_par' dir='ltr' id='par_1_17' title="bbox 1165 2430 2121 2503">
     <span class='ocr_line' id='line_1_130' title="bbox 1165 2430 2121 2474; baseline -0.001 -12"><span class='ocrx_word' id='word_1_1127' title='bbox 1165 2441 1299 2473; x_wconf 87' lang='lat' dir='ltr'>peratore</span> <span class='ocrx_word' id='word_1_1128' title='bbox 1311 2430 1415 2461; x_wconf 87' lang='lat' dir='ltr'>nostro</span> <span class='ocrx_word' id='word_1_1129' title='bbox 1428 2433 1547 2462; x_wconf 89' lang='lat' dir='ltr'>civitate</span> <span class='ocrx_word' id='word_1_1130' title='bbox 1558 2433 1713 2464; x_wconf 88' lang='lat' dir='ltr'>donatum.</span> <span class='ocrx_word' id='word_1_1131' title='bbox 1738 2432 1913 2474; x_wconf 84' lang='lat' dir='ltr'>cognoscite</span> <span class='ocrx_word' id='word_1_1132' title='bbox 1923 2440 2006 2461; x_wconf 83' lang='lat' dir='ltr'>nunc</span> <span class='ocrx_word' id='word_1_1133' title='bbox 2014 2431 2121 2471; x_wconf 77' lang='lat' dir='ltr'>populi</span> 
     </span>
     <span class='ocr_line' id='line_1_131' title="bbox 2018 2474 2116 2503; baseline -0.02 0"><span class='ocrx_word' id='word_1_1134' title='bbox 2018 2474 2116 2503; x_wconf 90' lang='lat' dir='ltr'>Rom.</span> 
     </span>
    </p>
   </div>
   <div class='ocr_carea' id='block_1_14' title="bbox 1152 2558 2117 3176">
    <p class='ocr_par' dir='ltr' id='par_1_18' title="bbox 1154 2558 2116 2633">
     <span class='ocr_line' id='line_1_132' title="bbox 1158 2558 2116 2600; baseline -0.004 -10"><span class='ocrx_word' id='word_1_1135' title='bbox 1158 2572 1254 2600; x_wconf 85' lang='lat' dir='ltr'>praeter</span> <span class='ocrx_word' id='word_1_1136' title='bbox 1265 2572 1363 2590; x_wconf 87' lang='lat' dir='ltr'>nonum</span> <span class='ocrx_word' id='word_1_1137' title='bbox 1377 2582 1385 2594; x_wconf 96' lang='lat'>‚</span> <span class='ocrx_word' id='word_1_1138' title='bbox 1405 2562 1429 2588; x_wconf 88' lang='lat' dir='ltr'>in</span> <span class='ocrx_word' id='word_1_1139' title='bbox 1441 2571 1493 2598; x_wconf 88' lang='lat' dir='ltr'>quo</span> <span class='ocrx_word' id='word_1_1140' title='bbox 1506 2581 1513 2593; x_wconf 97' lang='lat'>,</span> <span class='ocrx_word' id='word_1_1141' title='bbox 1532 2562 1598 2594; x_wconf 56' lang='lat' dir='ltr'>Qis!</span> <span class='ocrx_word' id='word_1_1142' title='bbox 1605 2561 1720 2593; x_wconf 71' lang='lat' dir='ltr'>Aera-‘lese</span> <span class='ocrx_word' id='word_1_1143' title='bbox 1729 2562 1834 2585; x_wconf 72' lang='lat' dir='ltr'>malexat</span> <span class='ocrx_word' id='word_1_1144' title='bbox 1842 2562 1873 2586; x_wconf 82' lang='lat' dir='ltr'>P.</span> <span class='ocrx_word' id='word_1_1145' title='bbox 1884 2560 1992 2594; x_wconf 74' lang='lat' dir='ltr'>Craffus.</span> <span class='ocrx_word' id='word_1_1146' title='bbox 2002 2559 2030 2586; x_wconf 81' lang='lat' dir='ltr'>S.</span> <span class='ocrx_word' id='word_1_1147' title='bbox 2041 2558 2116 2586; x_wconf 66' lang='lat' dir='ltr'>Vi&amp;-</span> 
     </span>
     <span class='ocr_line' id='line_1_133' title="bbox 1154 2599 1635 2633; baseline -0.004 -8"><span class='ocrx_word' id='word_1_1148' title='bbox 1154 2601 1222 2633; x_wconf 68' lang='lat' dir='ltr'>Qid</span> <span class='ocrx_word' id='word_1_1149' title='bbox 1230 2601 1341 2625; x_wconf 69' lang='lat' dir='ltr'>Heracles</span> <span class='ocrx_word' id='word_1_1150' title='bbox 1350 2601 1477 2624; x_wconf 65' lang='lat' dir='ltr'>imulexam</span> <span class='ocrx_word' id='word_1_1151' title='bbox 1486 2601 1517 2623; x_wconf 79' lang='lat' dir='ltr'>P.</span> <span class='ocrx_word' id='word_1_1152' title='bbox 1528 2601 1547 2622; x_wconf 88' lang='lat' dir='ltr'>C</span> <span class='ocrx_word' id='word_1_1153' title='bbox 1549 2599 1635 2630; x_wconf 67' lang='lat' dir='ltr'>ruffin.</span> 
     </span>
    </p>

    <p class='ocr_par' dir='ltr' id='par_1_19' title="bbox 1155 2630 2117 2770">
     <span class='ocr_line' id='line_1_134' title="bbox 1192 2630 2117 2667; baseline -0.004 -6"><span class='ocrx_word' id='word_1_1154' title='bbox 1192 2637 1221 2662; x_wconf 90' lang='lat'>6.</span> <span class='ocrx_word' id='word_1_1155' title='bbox 1240 2637 1303 2661; x_wconf 81' lang='lat' dir='ltr'>Idem</span> <span class='ocrx_word' id='word_1_1156' title='bbox 1312 2637 1376 2660; x_wconf 77' lang='lat' dir='ltr'>heros</span> <span class='ocrx_word' id='word_1_1157' title='bbox 1385 2643 1467 2660; x_wconf 54' lang='lat' dir='ltr'>norem</span> <span class='ocrx_word' id='word_1_1158' title='bbox 1477 2633 1632 2667; x_wconf 66' lang='lat' dir='ltr'>Gaditanos]</span> <span class='ocrx_word' id='word_1_1159' title='bbox 1662 2633 1704 2658; x_wconf 82' lang='lat' dir='ltr'>Ita</span> <span class='ocrx_word' id='word_1_1160' title='bbox 1715 2631 1772 2658; x_wconf 84' lang='lat' dir='ltr'>mss&#39;.</span> <span class='ocrx_word' id='word_1_1161' title='bbox 1792 2630 1871 2658; x_wconf 85' lang='lat' dir='ltr'>nostri</span> <span class='ocrx_word' id='word_1_1162' title='bbox 1890 2631 2014 2658; x_wconf 84' lang='lat' dir='ltr'>meliores</span> <span class='ocrx_word' id='word_1_1163' title='bbox 2026 2632 2117 2663; x_wconf 65' lang='lat' dir='ltr'>omni,-</span> 
     </span>
     <span class='ocr_line' id='line_1_135' title="bbox 1155 2667 2116 2706; baseline -0.005 -8"><span class='ocrx_word' id='word_1_1164' title='bbox 1155 2670 1203 2698; x_wconf 88' lang='lat' dir='ltr'>bus</span> <span class='ocrx_word' id='word_1_1165' title='bbox 1224 2672 1308 2698; x_wconf 87' lang='lat' dir='ltr'>literis</span> <span class='ocrx_word' id='word_1_1166' title='bbox 1322 2690 1329 2701; x_wconf 93' lang='lat'><em>,</em></span> <span class='ocrx_word' id='word_1_1167' title='bbox 1350 2680 1434 2706; x_wconf 87' lang='lat' dir='ltr'>neque</span> <span class='ocrx_word' id='word_1_1168' title='bbox 1453 2669 1532 2696; x_wconf 80' lang='lat' dir='ltr'>aliter</span> <span class='ocrx_word' id='word_1_1169' title='bbox 1551 2668 1612 2695; x_wconf 75' lang='lat' dir='ltr'>cdd.</span> <span class='ocrx_word' id='word_1_1170' title='bbox 1631 2668 1731 2704; x_wconf 75' lang='lat' dir='ltr'>piimae.</span> <span class='ocrx_word' id='word_1_1171' title='bbox 1751 2677 1811 2694; x_wconf 83' lang='lat' dir='ltr'>nam</span> <span class='ocrx_word' id='word_1_1172' title='bbox 1829 2667 1909 2694; x_wconf 83' lang='lat' dir='ltr'>ceteri</span> <span class='ocrx_word' id='word_1_1173' title='bbox 1922 2667 1989 2694; x_wconf 76' lang='lat' dir='ltr'>Pali.</span> <span class='ocrx_word' id='word_1_1174' title='bbox 2004 2677 2044 2693; x_wconf 79' lang='lat' dir='ltr'>ix.</span> <span class='ocrx_word' id='word_1_1175' title='bbox 2062 2671 2116 2693; x_wconf 72' lang='lat' dir='ltr'>Gn·-</span> 
     </span>
     <span class='ocr_line' id='line_1_136' title="bbox 1155 2703 2115 2743; baseline -0.002 -10"><span class='ocrx_word' id='word_1_1176' title='bbox 1155 2709 1259 2734; x_wconf 77' lang='lat' dir='ltr'>dittmos.</span> <span class='ocrx_word' id='word_1_1177' title='bbox 1279 2716 1363 2743; x_wconf 84' lang='lat' dir='ltr'>nuper</span> <span class='ocrx_word' id='word_1_1178' title='bbox 1377 2706 1485 2741; x_wconf 76' lang='lat' dir='ltr'>vulgata</span> <span class='ocrx_word' id='word_1_1179' title='bbox 1497 2725 1505 2739; x_wconf 88' lang='lat'>,</span> <span class='ocrx_word' id='word_1_1180' title='bbox 1525 2715 1574 2733; x_wconf 64' lang='lat' dir='ltr'>Lx.</span> <span class='ocrx_word' id='word_1_1181' title='bbox 1595 2706 1736 2731; x_wconf 73' lang='lat' dir='ltr'>Gaditanos.</span> <span class='ocrx_word' id='word_1_1182' title='bbox 1764 2703 1878 2731; x_wconf 66' lang='lat' dir='ltr'>Victorii</span> <span class='ocrx_word' id='word_1_1183' title='bbox 1896 2703 1955 2729; x_wconf 76' lang='lat' dir='ltr'>idem</span> <span class='ocrx_word' id='word_1_1184' title='bbox 1968 2710 2115 2737; x_wconf 64' lang='lat' dir='ltr'>praetornx.</span> 
     </span>
     <span class='ocr_line' id='line_1_137' title="bbox 1156 2745 1238 2770; baseline 0 -1"><span class='ocrx_word' id='word_1_1185' title='bbox 1156 2745 1238 2770; x_wconf 74' lang='lat' dir='ltr'>Gadit.</span> 
     </span>
    </p>

    <p class='ocr_par' dir='ltr' id='par_1_20' title="bbox 1154 2775 2113 2849">
     <span class='ocr_line' id='line_1_138' title="bbox 1191 2775 2113 2814; baseline -0.001 -10"><span class='ocrx_word' id='word_1_1186' title='bbox 1191 2788 1218 2814; x_wconf 91' lang='lat'>7.</span> <span class='ocrx_word' id='word_1_1187' title='bbox 1240 2779 1450 2813; x_wconf 57' lang='lat' dir='ltr'>Mletrinenfi’m.]</span> <span class='ocrx_word' id='word_1_1188' title='bbox 1473 2777 1529 2804; x_wconf 75' lang='lat' dir='ltr'>Pal.</span> <span class='ocrx_word' id='word_1_1189' title='bbox 1542 2775 1591 2803; x_wconf 87' lang='lat' dir='ltr'>sec.</span> <span class='ocrx_word' id='word_1_1190' title='bbox 1604 2776 1772 2811; x_wconf 68' lang='lat' dir='ltr'>Aurm&#39;enfim</span> <span class='ocrx_word' id='word_1_1191' title='bbox 1783 2775 1832 2802; x_wconf 81' lang='lat' dir='ltr'>sec.</span> <span class='ocrx_word' id='word_1_1192' title='bbox 1842 2776 2006 2810; x_wconf 52' lang='lat' dir='ltr'>Aveniensem.</span> <span class='ocrx_word' id='word_1_1193' title='bbox 2026 2785 2113 2803; x_wconf 82' lang='lat' dir='ltr'>nonus</span> 
     </span>
     <span class='ocr_line' id='line_1_139' title="bbox 1154 2814 1638 2849; baseline -0.008 -7"><span class='ocrx_word' id='word_1_1194' title='bbox 1154 2817 1325 2849; x_wconf 66' lang='lat' dir='ltr'>Avenncnsem.</span> <span class='ocrx_word' id='word_1_1195' title='bbox 1337 2817 1364 2840; x_wconf 85' lang='lat' dir='ltr'>S.</span> <span class='ocrx_word' id='word_1_1196' title='bbox 1377 2814 1448 2841; x_wconf 74' lang='lat' dir='ltr'>Vie‘t.</span> <span class='ocrx_word' id='word_1_1197' title='bbox 1459 2814 1638 2846; x_wconf 63' lang='lat' dir='ltr'>Avennmfim.</span> 
     </span>
    </p>

    <p class='ocr_par' dir='ltr' id='par_1_21' title="bbox 1157 2848 2113 2923">
     <span class='ocr_line' id='line_1_140' title="bbox 1193 2848 2113 2885; baseline -0.002 -7"><span class='ocrx_word' id='word_1_1198' title='bbox 1193 2852 1219 2878; x_wconf 91' lang='lat'>8.</span> <span class='ocrx_word' id='word_1_1199' title='bbox 1239 2854 1396 2879; x_wconf 76' lang='lat' dir='ltr'>Mamertinos</span> <span class='ocrx_word' id='word_1_1200' title='bbox 1416 2850 1519 2884; x_wconf 56' lang='lat' dir='ltr'>obviarn]</span> <span class='ocrx_word' id='word_1_1201' title='bbox 1541 2850 1584 2876; x_wconf 78' lang='lat' dir='ltr'>An</span> <span class='ocrx_word' id='word_1_1202' title='bbox 1606 2849 1710 2876; x_wconf 77' lang='lat' dir='ltr'>voluit?</span> <span class='ocrx_word' id='word_1_1203' title='bbox 1726 2851 1811 2875; x_wconf 70' lang='lat' dir='ltr'>obhsos.</span> <span class='ocrx_word' id='word_1_1204' title='bbox 1829 2848 1907 2874; x_wconf 69' lang='lat' dir='ltr'>Niliil</span> <span class='ocrx_word' id='word_1_1205' title='bbox 1928 2849 1963 2875; x_wconf 76' lang='lat' dir='ltr'>est</span> <span class='ocrx_word' id='word_1_1206' title='bbox 1982 2849 2028 2874; x_wconf 82' lang='lat' dir='ltr'>hac</span> <span class='ocrx_word' id='word_1_1207' title='bbox 2038 2855 2113 2885; x_wconf 79' lang='lat' dir='ltr'>parte</span> 
     </span>
     <span class='ocr_line' id='line_1_141' title="bbox 1157 2885 2076 2923; baseline -0.004 -9"><span class='ocrx_word' id='word_1_1208' title='bbox 1157 2888 1296 2914; x_wconf 81' lang='lat' dir='ltr'>Orationis</span> <span class='ocrx_word' id='word_1_1209' title='bbox 1308 2887 1481 2923; x_wconf 84' lang='lat' dir='ltr'>inquinatius.</span> <span class='ocrx_word' id='word_1_1210' title='bbox 1504 2888 1592 2921; x_wconf 68' lang='lat' dir='ltr'>itaque</span> <span class='ocrx_word' id='word_1_1211' title='bbox 1603 2885 1684 2921; x_wconf 81' lang='lat' dir='ltr'>pudet</span> <span class='ocrx_word' id='word_1_1212' title='bbox 1695 2886 1820 2921; x_wconf 65' lang='lat' dir='ltr'>pigetque</span> <span class='ocrx_word' id='word_1_1213' title='bbox 1830 2885 1864 2911; x_wconf 57' lang='lat' dir='ltr'>iz*&gt;</span> <span class='ocrx_word' id='word_1_1214' title='bbox 1877 2893 1957 2911; x_wconf 79' lang='lat' dir='ltr'>aerere</span> <span class='ocrx_word' id='word_1_1215' title='bbox 1968 2885 2076 2911; x_wconf 71' lang='lat' dir='ltr'>talibus.</span> 
     </span>
    </p>

    <p class='ocr_par' dir='ltr' id='par_1_22' title="bbox 1153 2920 2113 3103">
     <span class='ocr_line' id='line_1_142' title="bbox 1190 2920 2113 2959; baseline -0.002 -9"><span class='ocrx_word' id='word_1_1216' title='bbox 1190 2932 1218 2959; x_wconf 92' lang='lat'>9.</span> <span class='ocrx_word' id='word_1_1217' title='bbox 1241 2925 1328 2956; x_wconf 78' lang='lat' dir='ltr'>Hostem</span> <span class='ocrx_word' id='word_1_1218' title='bbox 1337 2926 1379 2957; x_wconf 69' lang='lat' dir='ltr'>qm·</span> <span class='ocrx_word' id='word_1_1219' title='bbox 1388 2925 1466 2954; x_wconf 67' lang='lat' dir='ltr'>seriei,</span> <span class='ocrx_word' id='word_1_1220' title='bbox 1477 2925 1522 2948; x_wconf 77' lang='lat' dir='ltr'>erit</span> <span class='ocrx_word' id='word_1_1221' title='bbox 1533 2942 1541 2953; x_wconf 87' lang='lat'>,</span> <span class='ocrx_word' id='word_1_1222' title='bbox 1553 2925 1630 2956; x_wconf 75' lang='lat' dir='ltr'>inquit</span> <span class='ocrx_word' id='word_1_1223' title='bbox 1640 2923 1694 2947; x_wconf 69' lang='lat' dir='ltr'>mih.</span> <span class='ocrx_word' id='word_1_1224' title='bbox 1705 2922 1835 2955; x_wconf 53' lang='grc' dir='ltr'>σαπίηνς]</span> <span class='ocrx_word' id='word_1_1225' title='bbox 1858 2921 1924 2947; x_wconf 69' lang='lat' dir='ltr'>rlaec</span> <span class='ocrx_word' id='word_1_1226' title='bbox 1934 2921 1969 2947; x_wconf 82' lang='lat' dir='ltr'>est</span> <span class='ocrx_word' id='word_1_1227' title='bbox 1984 2920 2113 2956; x_wconf 76' lang='lat' dir='ltr'>scriptura</span> 
     </span>
     <span class='ocr_line' id='line_1_143' title="bbox 1155 2956 2113 2993; baseline -0.002 -8"><span class='ocrx_word' id='word_1_1228' title='bbox 1155 2958 1216 2985; x_wconf 88' lang='lat' dir='ltr'>edd.</span> <span class='ocrx_word' id='word_1_1229' title='bbox 1227 2959 1402 2985; x_wconf 80' lang='lat' dir='ltr'>obsoletariini</span> <span class='ocrx_word' id='word_1_1230' title='bbox 1419 2978 1426 2990; x_wconf 94' lang='lat'>‚</span> <span class='ocrx_word' id='word_1_1231' title='bbox 1446 2959 1510 2985; x_wconf 72' lang='lat' dir='ltr'>itt-m</span> <span class='ocrx_word' id='word_1_1232' title='bbox 1522 2958 1589 2985; x_wconf 73' lang='lat' dir='ltr'>Pall.</span> <span class='ocrx_word' id='word_1_1233' title='bbox 1609 2967 1656 2985; x_wconf 83' lang='lat' dir='ltr'>nec</span> <span class='ocrx_word' id='word_1_1234' title='bbox 1675 2967 1727 2984; x_wconf 77' lang='lat' dir='ltr'>non</span> <span class='ocrx_word' id='word_1_1235' title='bbox 1738 2957 1846 2984; x_wconf 66' lang='lat' dir='ltr'>Gembl.</span> <span class='ocrx_word' id='word_1_1236' title='bbox 1857 2966 1886 2983; x_wconf 83' lang='lat' dir='ltr'>ac</span> <span class='ocrx_word' id='word_1_1237' title='bbox 1896 2958 1924 2983; x_wconf 88' lang='lat' dir='ltr'>S.</span> <span class='ocrx_word' id='word_1_1238' title='bbox 1934 2956 2007 2983; x_wconf 53' lang='lat' dir='ltr'>vici.</span> <span class='ocrx_word' id='word_1_1239' title='bbox 2027 2965 2113 2993; x_wconf 86' lang='lat' dir='ltr'>neque</span> 
     </span>
     <span class='ocr_line' id='line_1_144' title="bbox 1157 2992 2112 3030; baseline -0.002 -10"><span class='ocrx_word' id='word_1_1240' title='bbox 1157 2995 1263 3021; x_wconf 82' lang='lat' dir='ltr'>verbum</span> <span class='ocrx_word' id='word_1_1241' title='bbox 1276 2994 1422 3029; x_wconf 57' lang='lat' dir='ltr'>adjet‘lum,</span> <span class='ocrx_word' id='word_1_1242' title='bbox 1433 3004 1473 3021; x_wconf 85' lang='lat' dir='ltr'>em</span> <span class='ocrx_word' id='word_1_1243' title='bbox 1489 2994 1545 3021; x_wconf 64' lang='lat' dir='ltr'>insi</span> <span class='ocrx_word' id='word_1_1244' title='bbox 1559 2993 1600 3021; x_wconf 68' lang='lat' dir='ltr'>fua</span> <span class='ocrx_word' id='word_1_1245' title='bbox 1613 3003 1620 3026; x_wconf 79' lang='lat'>3</span> <span class='ocrx_word' id='word_1_1246' title='bbox 1638 3003 1723 3030; x_wconf 81' lang='lat' dir='ltr'>neque</span> <span class='ocrx_word' id='word_1_1247' title='bbox 1736 3003 1828 3020; x_wconf 86' lang='lat' dir='ltr'>vocum</span> <span class='ocrx_word' id='word_1_1248' title='bbox 1840 2992 1963 3026; x_wconf 59' lang='lat' dir='ltr'>trajet‘tio</span> <span class='ocrx_word' id='word_1_1249' title='bbox 1973 2993 2058 3028; x_wconf 79' lang='lat' dir='ltr'>gratia</span> <span class='ocrx_word' id='word_1_1250' title='bbox 2069 3002 2112 3018; x_wconf 74' lang='lat' dir='ltr'>ca-</span> 
     </span>
     <span class='ocr_line' id='line_1_145' title="bbox 1154 3005 2112 3063; baseline -0.002 -6"><span class='ocrx_word' id='word_1_1251' title='bbox 1154 3039 1216 3061; x_wconf 79' lang='lat' dir='ltr'>ret3</span> <span class='ocrx_word' id='word_1_1252' title='bbox 1237 3031 1372 3057; x_wconf 81' lang='lat' dir='ltr'>occultatu</span> <span class='ocrx_word' id='word_1_1253' title='bbox 1385 3030 1457 3057; x_wconf 72' lang='lat' dir='ltr'>versu</span> <span class='ocrx_word' id='word_1_1254' title='bbox 1477 3005 1560 3063; x_wconf 63' lang='lat' dir='ltr'>longo</span> <span class='ocrx_word' id='word_1_1255' title='bbox 1572 3050 1579 3062; x_wconf 87' lang='lat'><strong>‚</strong></span> <span class='ocrx_word' id='word_1_1256' title='bbox 1619 3040 1679 3057; x_wconf 77' lang='lat' dir='ltr'>uem</span> <span class='ocrx_word' id='word_1_1257' title='bbox 1691 3030 1787 3056; x_wconf 71' lang='lat' dir='ltr'>cicc-ro</span> <span class='ocrx_word' id='word_1_1258' title='bbox 1806 3030 1927 3056; x_wconf 75' lang='lat' dir='ltr'>intexere</span> <span class='ocrx_word' id='word_1_1259' title='bbox 1946 3039 1977 3056; x_wconf 83' lang='lat' dir='ltr'>ne</span> <span class='ocrx_word' id='word_1_1260' title='bbox 1996 3029 2112 3056; x_wconf 82' lang='lat' dir='ltr'>alienum</span> 
     </span>
     <span class='ocr_line' id='line_1_146' title="bbox 1153 3063 1849 3103; baseline -0.001 -10"><span class='ocrx_word' id='word_1_1261' title='bbox 1153 3067 1260 3103; x_wconf 84' lang='lat' dir='ltr'>quidem</span> <span class='ocrx_word' id='word_1_1262' title='bbox 1273 3067 1399 3099; x_wconf 80' lang='lat' dir='ltr'>orationi,</span> <span class='ocrx_word' id='word_1_1263' title='bbox 1412 3067 1458 3094; x_wconf 82' lang='lat' dir='ltr'>nisi</span> <span class='ocrx_word' id='word_1_1264' title='bbox 1470 3063 1596 3093; x_wconf 69' lang='lat' dir='ltr'>rarissime</span> <span class='ocrx_word' id='word_1_1265' title='bbox 1618 3067 1683 3093; x_wconf 83' lang='lat' dir='ltr'>olet.</span> <span class='ocrx_word' id='word_1_1266' title='bbox 1701 3069 1736 3091; x_wconf 71' lang='lat' dir='ltr'>Gir</span> <span class='ocrx_word' id='word_1_1267' title='bbox 1745 3068 1849 3092; x_wconf 61' lang='lat' dir='ltr'>iamim.</span> 
     </span>
    </p>

    <p class='ocr_par' dir='ltr' id='par_1_23' title="bbox 1152 3100 2114 3176">
     <span class='ocr_line' id='line_1_147' title="bbox 1192 3100 2114 3137; baseline -0.004 -8"><span class='ocrx_word' id='word_1_1268' title='bbox 1192 3113 1232 3129; x_wconf 79' lang='grc' dir='ltr'>ιο.</span> <span class='ocrx_word' id='word_1_1269' title='bbox 1246 3104 1416 3137; x_wconf 66' lang='grc' dir='ltr'>Ητᾰεναηζίῖμκ</span> <span class='ocrx_word' id='word_1_1270' title='bbox 1424 3105 1511 3136; x_wconf 66' lang='lat' dir='ltr'>populis</span> <span class='ocrx_word' id='word_1_1271' title='bbox 1521 3105 1580 3137; x_wconf 78' lang='lat' dir='ltr'>Jimt</span> <span class='ocrx_word' id='word_1_1272' title='bbox 1589 3101 1845 3137; x_wconf 69' lang='lat' dir='ltr'>liberati.]J11dicuni</span> <span class='ocrx_word' id='word_1_1273' title='bbox 1857 3101 1955 3128; x_wconf 81' lang='lat' dir='ltr'>scilicet</span> <span class='ocrx_word' id='word_1_1274' title='bbox 1966 3100 2114 3127; x_wconf 66' lang='lat' dir='ltr'>sententiis.</span> 
     </span>
     <span class='ocr_line' id='line_1_148' title="bbox 1152 3135 2114 3176; baseline -0.007 -10"><span class='ocrx_word' id='word_1_1275' title='bbox 1152 3140 1230 3166; x_wconf 82' lang='lat' dir='ltr'>Binas</span> <span class='ocrx_word' id='word_1_1276' title='bbox 1243 3149 1318 3167; x_wconf 65' lang='lat' dir='ltr'>voees</span> <span class='ocrx_word' id='word_1_1277' title='bbox 1331 3158 1340 3173; x_wconf 90' lang='lat'>,</span> <span class='ocrx_word' id='word_1_1278' title='bbox 1351 3141 1411 3176; x_wconf 78' lang='lat' dir='ltr'>sient</span> <span class='ocrx_word' id='word_1_1279' title='bbox 1421 3141 1517 3168; x_wconf 69' lang='lat' dir='ltr'>liberari</span> <span class='ocrx_word' id='word_1_1280' title='bbox 1528 3159 1536 3174; x_wconf 89' lang='lat'><em>,</em></span> <span class='ocrx_word' id='word_1_1281' title='bbox 1555 3138 1636 3168; x_wconf 68' lang='lat' dir='ltr'>modo</span> <span class='ocrx_word' id='word_1_1282' title='bbox 1647 3138 1729 3175; x_wconf 64' lang='lat' dir='ltr'>adjeci</span> <span class='ocrx_word' id='word_1_1283' title='bbox 1741 3147 1773 3166; x_wconf 75' lang='lat' dir='ltr'>ex</span> <span class='ocrx_word' id='word_1_1284' title='bbox 1786 3138 1843 3166; x_wconf 74' lang='lat' dir='ltr'>Pal.</span> <span class='ocrx_word' id='word_1_1285' title='bbox 1854 3146 1925 3166; x_wconf 82' lang='lat' dir='ltr'>nono</span> <span class='ocrx_word' id='word_1_1286' title='bbox 1937 3156 1946 3171; x_wconf 90' lang='lat'><em>‚</em></span> <span class='ocrx_word' id='word_1_1287' title='bbox 1965 3135 2075 3164; x_wconf 50' lang='lat' dir='ltr'>Errat-d.</span> <span class='ocrx_word' id='word_1_1288' title='bbox 2085 3135 2114 3160; x_wconf 72' lang='lat'>8&lt;</span> 
     </span>
    </p>
   </div>
   <div class='ocr_carea' id='block_1_15' title="bbox 1982 3192 2120 3240">
    <p class='ocr_par' dir='ltr' id='par_1_24' title="bbox 1982 3192 2120 3240">
     <span class='ocr_line' id='line_1_149' title="bbox 1982 3192 2120 3240; baseline -0.014 -6"><span class='ocrx_word' id='word_1_1289' title='bbox 1982 3192 2120 3240; x_wconf 49' lang='lat' dir='ltr'>&#39;anos-</span> 
     </span>
    </p>
   </div>
  </div>
 </body>
</html>
