2301 3395
199 115 268 172 30
615 91 698 148 M.
773 88 1111 145 TULLli

162 193 165 197 ⁴
195 185 322 223 scribit.
336 185 477 232 Naryce
489 182 648 223 Locridis
659 183 728 219 fuit
740 193 791 217 vi.
805 181 884 217 Idus
897 176 1036 226 Aprilis,
1048 176 1165 230 ibique

195 234 328 282 scripsit
338 233 519 283 epistolam
527 232 713 270 secundam
724 232 781 267 lib.
795 242 820 274 3.
831 228 873 264 ad
882 231 951 264 Att-
964 225 1050 262 Inde
1062 226 1164 280 Cice-

199 298 239 321 ro
253 284 431 320 Vibonem
455 282 552 319 venit
565 306 576 321 ‚
594 281 692 331 quod
703 280 751 317 est
762 277 930 331 oppidum
946 278 1109 329 Luc-aniae
1122 274 1163 310 ad

198 333 329 371 fretum
338 358 347 371 ,
361 335 394 370 &
403 332 422 368 a
434 331 554 368 Locris
566 331 750 367 conditum
763 339 859 375 prius
872 328 1163 377 Hipponiumap-

221 383 365 419 ellatum
376 381 442 417 fuit
456 408 464 423 ,
488 381 611 417 Strabo
624 380 683 416 lib.
697 382 726 413 6.
739 375 852 412 Caesar
869 387 896 419 3-
907 372 1050 427 debello
1063 373 1164 409 Civi-

213 432 232 468 i·
258 432 310 468 Ibi
324 457 333 471 ,
343 441 384 467 ut
394 430 595 467 Plutarchus
607 427 721 464 scribit
734 449 742 464 ‚
757 425 881 461 Vibius
893 425 1003 459 homo
1017 422 1165 459 Siculus,

197 481 258 530 qui
271 493 355 517 cum
369 480 431 517 alia
443 479 552 515 multa
565 475 755 513 commoda
765 487 808 510 ex
821 471 1003 509 Ciceronis
1015 471 1166 507 amicitia

196 540 394 579 perceperat
406 553 414 567 ‚
435 540 513 564 tum
534 539 576 562 eo
590 525 732 561 consule
743 522 922 573 praefeeius
936 520 1074 557 fabrum
1088 520 1165 555 fue-

195 589 250 616 rat
262 603 272 618 ‚
284 578 435 615 illumin
445 577 531 612 aedes
544 575 688 624 quidem
699 586 773 610 non
787 571 914 618 recepit
927 595 935 609 ‚
946 570 1002 607 sed
1014 568 1167 623 fundum

195 628 229 664 se
250 627 313 676 ipsi
323 626 585 674 adsignaturum
597 622 831 660 denunciavit·
857 620 912 657 Sic
926 620 982 656 illa
993 619 1167 672 Plutarchi

195 677 302 714 verba
314 703 323 718 ,
340 675 458 724 χωθίον
471 682 490 722 3
504 700 513 716 ,
528 667 759 721 »φιῶιγϋίψειν
772 671 978 724 ἐπηγχέᾶκεπῗ
990 680 1169 723 ,qegojani

195 726 330 775 pridem
351 734 617 762 converteram:
644 722 726 758 cum
739 720 926 770 praesertim
935 718 1016 755 alibi
1026 729 1168 766 quoque

196 775 346 811 verbum
378 768 595 819 ’(φὸφξοίφειν
628 784 693 820 pro
723 770 911 807 attribuere
942 769 977 804 ὃς
1001 766 1168 819 assignare

194 824 398 871 usurpatum
411 822 577 859 notassem
587 846 596 860 ‚
608 832 647 857 ut
659 817 733 859 a&
746 811 1003 873 Qithquigx:
1018 810 1122 863 i'ngqi
1135 821 1168 862 j,

193 874 380 908 mummia-i
400 871 432 933 ’ᾖ
451 871 581 919 πόρνους
599 866 702 907 οἰκίαις
720 870 751 919 ³53
774 864 877 915 02'9685
898 864 1167 912 ιςᾳζςικοὶφονπς,

213 919 221 928 ι
254 916 285 972 ἔξ
309 916 459 963 οὐρῇ-εὼς
481 923 513 970 25*
537 922 645 967 γωνίαις
669 920 753 959 ωερς
776 912 930 961 aalma}
939 910 1166 973 xdicasqyiaeofaefoioe-

191 971 287 1017 χέστ.
318 970 446 1007 Merito
470 970 579 1018 igitur
593 968 776 1019 Xylander
798 966 914 1004 noster
935 979 955 1001 a
968 964 1108 1000 Bocchii
1133 965 1167 998 ὃς

193 1020 342 1057 Cori-adi
366 1019 455 1056 fallis
467 1017 809 1068 interpretationibus
823 1014 987 1067 discessit..
998 1013 1125 1048 Cicero
1137 1013 1168 1065 se

191 1068 236 1107 ad
249 1068 425 1108 Vibonem
447 1069 483 1105 in
498 1068 609 1105 fundo
624 1069 708 1103 Sicae
721 1066 819 1103 fuisse
829 1092 838 1108 ‚
862 1064 905 1100 ad
919 1067 1075 1099 Atticum
1084 1061 1165 1096 scri-

192 1115 265 1160 bit,
280 1118 376 1168 epist·
391 1131 420 1154 z.
434 1120 469 1155 ὃς
481 1117 581 1162 4.lib.
599 1130 626 1156 1.
641 1116 804 1157 Siciliam,
818 1126 923 1164 quam
934 1112 1060 1149 Cicero
1069 1120 1164 1159 pete-

190 1168 251 1204 bat
261 1192 270 1207 ,
282 1181 324 1204 eo
336 1178 497 1216 tempore
508 1166 688 1203 obtinebat
699 1163 911 1213 C.Virgilius
920 1160 1159 1216 (Γάϊθᾩόερ-

192 1218 292 1262 fiii&-
305 1215 354 1253 est
365 1216 458 1265 apud
470 1215 711 1261 Plutarchum)
722 1224 850 1264 praetor
861 1213 886 1248 is
899 1211 1065 1264 Ciceroni
1081 1208 1164 1244 scri-

192 1265 258 1315 pfit
270 1292 279 1308 ‚
305 1278 349 1302 ne
360 1266 397 1301 in
412 1265 564 1302 Siciliam
578 1266 723 1301 veniret.
747 1275 853 1312 quare
865 1259 1011 1296 consilio
1025 1267 1165 1306 repente

189 1322 329 1352 mutato
342 1339 350 1354 ‚
374 1315 504 1351 iteruin
518 1316 536 1350 a
550 1314 690 1350 Vibone
700 1310 938 1349 Brundusium
949 1309 1165 1362 terra-petere

191 1364 376 1400 contendit
388 1388 399 1403 ‚
422 1375 462 1400 ut
482 1363 550 1413 ipse
562 1376 625 1413 pro
638 1361 779 1399 Plancio
794 1371 917 1397 narrat-
931 1361 972 1394 In
985 1371 1027 1394 eo
1039 1368 1164 1392 itinere

191 1420 258 1450 111.
288 1412 370 1449 Idus
382 1413 492 1461 April.
517 1412 648 1449 Thurii
675 1410 803 1459 scripsit
827 1408 919 1456 epist.
944 1419 975 1450 5.
994 1407 1051 1442 lib·
1080 1417 1108 1449 3.
1120 1405 1163 1441 ad

191 1463 265 1499 Att.
289 1464 322 1499 &
336 1474 416 1498 xiv.
429 1462 508 1499 Kal.
520 1462 606 1499 Maii
619 1460 783 1499 Tarenti,
794 1459 1004 1508 sequentem·
1018 1454 1162 1509 eodem-

191 1524 261 1559 que
273 1511 329 1547 die
340 1511 373 1548 st:
384 1511 621 1548 Brundusium
634 1509 762 1547 veniffe
775 1535 783 1550 ,
808 1506 948 1556 epistola
964 1519 993 1551 7.
1009 1504 1161 1558 ejusdem

192 1559 271 1598 libri
284 1560 410 1597 scribit.
433 1561 557 1597 urbem
573 1560 678 1609 ipsam
691 1558 859 1607 ingressus
872 1569 944 1592 non
958 1554 1028 1591 est:
1056 1552 1161 1607 {ed-in

185 1608 319 1646 “hortos
334 1611 383 1646 M.
396 1609 496 1646 Lenii
525 1610 657 1650 Flacci,
682 1608 713 1645 se
734 1606 886 1644 contulit
899 1629 908 1644 ‚
932 1617 996 1654 pro
1010 1603 1162 1656 Plancio,

191 1658 358 1697 meminit
377 1658 482 1695 etiam
502 1659 540 1694 in
552 1658 725 1696 Sextiana.
752 1655 855 1705 Apud
868 1657 916 1691 M.
928 1653 1080 1707 Lenium
1090 1652 1161 1687 dies

190 1719 275 1746 xm.
287 1707 356 1744 fuit
367 1707 492 1756 epist.4.
506 1707 564 1744 lib.
574 1721 584 1744 1
594 1721 625 1751 4.
636 1706 753 1743 Famil.
762 1705 875 1741 Pridie
890 1703 1069 1740 KalMaii,
1078 1714 1160 1737 cum

188 1756 388 1793 Brundusio
402 1755 622 1805 proficiscens
635 1755 897 1806 Dyrrhachium
919 1763 1026 1789 vento
1039 1752 1160 1786 secun-

186 1804 236 1841 do
248 1806 495 1842 transmitteret
506 1817 608 1855 atque
619 1805 780 1842 adversus
792 1817 834 1840 ex
846 1803 915 1840 alto
927 1800 1070 1837 reflasset
1085 1825 1093 1839 ‚
1106 1813 1160 1837 re-

183 1853 301 1904 jeEtus
313 1853 380 1891 est:
394 1855 520 1892 deinde
531 1855 659 1892 iterum
672 1854 708 1891 in
720 1855 829 1890 altum
843 1851 1016 1900 profe6h¹S
1029 1876 1039 1891 ,
1064 1852 1159 1898 Dyr·

189 1903 375 1940 rhachium
389 1903 720 1953 pervenit.ubi,ciim
732 1903 750 1939 e
764 1902 844 1939 navi
859 1904 895 1937 in
908 1912 1036 1937 terram
1048 1899 1159 1946 egres-

188 1952 289 1989 surus
301 1953 382 1989 effet
393 1979 401 1994 ,
425 1964 526 1990 terrae
550 1964 689 1990 motum
714 1955 749 1989 &
761 1951 863 1988 maris
889 1948 1160 1986 convulsionem

188 2001 353 2038 exstitisse
365 2001 482 2038 ferunt
495 2028 505 2043 ,
524 2002 621 2037 unde
632 2001 826 2049 haruspices
838 1997 1072 2046 conjiciebant
1082 2022 1091 2035 ‚
1114 1997 1157 2031 il-

186 2050 255 2087 lius
266 2050 439 2087 exsulium
452 2063 525 2086 non
539 2050 613 2087 fore
625 2050 834 2085 diuturnum
849 2075 858 2089 ,
878 2047 975 2096 quod
987 2048 1061 2082 haec
1075 2059 1157 2082 mu-

187 2099 329 2136 tationis
342 2098 437 2147 signa
452 2099 570 2136 effent.
596 2101 683 2135 Haec
695 2097 909 2148 Plutarchus.
934 2095 1158 2142 Dyrrhachio

186 2148 388 2197 aliquorum
399 2148 537 2185 diei-um
556 2148 649 2184 viam
661 2147 698 2182 in
713 2145 958 2182 Macedoniam
971 2166 981 2180 ,
1001 2140 1045 2176 ad
1058 2140 1158 2176 Plan-

187 2196 356 2247 ciumque
368 2198 521 2245 perrexit
532 2221 542 2236 ‚
555 2199 682 2234 &cuin
693 2208 735 2231 eo
747 2191 1027 2244 Thessalonicam
1040 2202 1073 2226 x.
1089 2193 1157 2224 Ka·
1176 2241 1178 2245 ι

189 2246 282 2282 lend.
296 2246 394 2295 Junii
408 2247 504 2283 venit
516 2273 526 2288 ,
545 2259 610 2295 pro
623 2244 764 2282 Plancio
774 2267 784 2282 ‚
799 2245 835 2280 &
847 2240 940 2296 epist.
956 2244 987 2276 8.
999 2238 1058 2274 lib.
1077 2251 1104 2282 3.
1117 2237 1159 2291 ad
1177 2274 1178 2279 ,

188 2297 266 2333 Att.
280 2295 532 2332 Theffalonicae
546 2296 615 2332 Cn.
628 2294 785 2330 Plancius
804 2292 863 2328 sua
882 2289 1083 2326 liberalitate
1095 2287 1158 2321 Ci-
1177 2316 1178 2323 ,

185 2357 355 2381 <teronem
365 2356 429 2392 per
440 2345 572 2381 menses
591 2344 719 2393 septem
732 2341 886 2378 retinuit·
913 2351 984 2388 quo
995 2343 1154 2390 ternpore

188 2393 304 2443 plures
318 2393 473 2442 epistolas
486 2393 529 2430 acl
543 2393 700 2429 Atticum
718 2390 850 2440 scripsit
862 2414 872 2429 ‚
895 2400 972 2438 quae
985 2386 1044 2422 lib·
1062 2398 1091 2440 Ξ.
1116 2386 1159 2421 ab

189 2443 315 2478 offlava
329 2443 438 2492 usque
450 2442 491 2479 ad
507 2453 598 2480 xx11.
609 2442 785 2491 leguntur.
815 2439 960 2476 Interim
973 2436 1157 2482 Qicero

191 2503 276 2527 cum
281 2490 356 2539 jam
369 2491 483 2527 Afiam
496 2505 557 2541 per
575 2491 768 2528 triennium
779 2486 983 2525 obtinuisset
992 2510 1001 2524 ‚
1021 2484 1065 2519 de
1073 2497 1158 2532 pro-

188 2539 308 2575 vincia
321 2550 400 2576 ante
413 2541 489 2576 Kal.
505 2541 589 2577 Maii
601 2539 740 2577 deceffit
752 2563 762 2578 ,
774 2537 890 2588 ep.9·1·
899 2549 928 2581 3.
940 2535 983 2572 ad
994 2535 1066 2571 Att.
1078 2535 1104 2569 F
1105 2546 1159 2587 ra-

187 2598 282 2625 trem
302 2588 480 2642 aliquanto
498 2589 574 2636 post
593 2589 694 2626 suum
716 2586 897 2625 discessum
916 2598 960 2622 ex
979 2582 1161 2637 provincia

190 2637 324 2673 venisse
336 2648 381 2673 ait
393 2650 456 2685 pro
467 2637 588 2674 domo.
615 2638 780 2675 meminit
791 2647 931 2687 quoque
942 2635 978 2670 in
988 2634 1161 2669 Sextiana·
1175 2627 1178 2673 l

190 2687 315 2734 Itaque
330 2685 522 2726 M.Cicero,
534 2686 650 2723 Idibus
660 2687 757 2736 Junii
772 2688 814 2723 ad
827 2697 910 2721 eum
922 2682 1013 2720 misit
1024 2681 1120 2730 epist.
1129 2693 1155 2726 3.
1175 2675 1178 2701 i

189 2733 249 2770 lib.
272 2747 299 2770 1.
320 2737 355 2772 δε
366 2734 527 2784 deinceps
546 2736 758 2784 sequentem.
783 2734 908 2771 Tertio
920 2734 1017 2770 Non.
1031 2730 1158 2768 ottob.
1175 2751 1177 2758 ι

187 2783 437 2821 Thessalonica
456 2785 499 2820 ad
512 2784 713 2821 Terentiam
734 2796 887 2821 uxorein
907 2781 999 2818 mifit
1016 2779 1112 2830 epist.
1128 2792 1158 2834 .²‘
1175 2759 1179 2816 l

189 2833 250 2870 lib.
269 2845 319 2876 ¹4·
339 2832 458 2869 Famil.
471 2833 668 2869 Redeamus
682 2846 778 2869 nunc
790 2833 833 2870 ad
845 2833 919 2871 aista
926 2831 1071 2867 urbana.
1096 2829 1157 2865 Ci-

190 2893 320 2917 cerone
341 2881 482 2930 expulso
504 2908 513 2922 ‚
550 2882 698 2918 Clodius
719 2882 830 2930 legem
853 2879 1093 2931 promulgavit
1115 2878 1158 2914 de

189 2929 381 2966 Ptolemaeo
393 2942 474 2979 rege
488 2930 600 2980 Cypri
613 2955 623 2969 ‚
643 2941 684 2967 ut
695 2930 789 2966 bona
801 2930 828 2979 ej
834 2944 872 2967 us
885 2929 1157 2980 publicarentur,

189 2981 227 3016 δῖ
236 2990 387 3026 regnum
397 2979 436 3015 in
447 2979 634 3027 provinciae
645 2979 799 3015 formam
806 2979 1022 3028 redigeretur
1034 2991 1041 3014 :
1052 2977 1157 3026 idque

188 3027 375 3076 negotium
389 3030 439 3064 M.
451 3028 579 3065 Catoni
592 3028 796 3065 mandatum
808 3028 856 3064 est
868 3054 877 3070 ‚
890 3041 962 3077 quo
976 3027 1020 3064 de
1029 3026 1154 3063 Cicero

184 3076 293 3126 saepe,
317 3077 522 3113 Plutarchus
545 3076 581 3113 in
593 3077 752 3116 Catone,
774 3077 949 3126 Appianus
964 3077 1023 3112 lib.
1040 3089 1070 3112 2.
1086 3076 1154 3111 Dio

186 3125 246 3168 lib.
263 3129 316 3177 38.
329 3125 511 3177 Kal.Juni'i
521 3151 531 3169 ‚
544 3136 585 3164 ut
595 3126 691 3165 estin
701 3136 787 3164 orat·
798 3138 863 3177 pro
876 3126 996 3164 Sextio
1008 3151 1019 3167 ,
1033 3126 1153 3162 decre-

1191 87 1692 147 CICERONIS

1207 177 1265 214 ‘vit
1281 180 1425 216 Senatus
1449 179 1610 230 frequens
1633 181 1676 216 de
1691 177 1871 217 Ciceronis
1891 179 2004 218 reditu
2017 203 2028 219 ‚
2050 178 2177 219 disseri»

1210 227 1320 264 tiente
1344 230 1441 265 nullo
1455 254 1465 268 ,
1490 230 1659 266 referente
1675 232 1711 266 L·
1725 228 1904 266 Mummio
1928 230 2074 266 tribuno
2087 230 2177 278 pleb.

1211 277 1398 315 interceffit
1412 279 1519 315 AElius
1534 279 1650 327 Ligus.
1663 277 1801 326 Pompej
1809 292 1846 315 us
1859 291 2001 327 quoque
2013 279 2073 316 illo
2087 290 2178 316 tem-

1214 339 1296 374 pore
1310 327 1340 362 se
1352 328 1510 364 accusans
1522 352 1530 365 ‚
1544 340 1584 365 ut
1597 329 1794 364 Plutarchus
1811 327 1929 364 scribit
1940 352 1949 366 ‚
1963 328 2061 377 quod
2075 329 2178 365 Cice-

1215 388 1338 412 ronem
1352 376 1553 425 prodidisset
1562 401 1571 415 ‚
1584 377 1627 413 de
1639 377 1731 413 illius
1745 376 1870 417 reditu,
1882 377 2079 412 amicorum
2092 390 2179 424 ope-

1214 438 1250 460 ra
1260 425 1398 473 adjutus
1411 450 1420 464 ‚
1433 438 1532 473 agere
1541 428 1660 474 coepit.
1685 425 1875 462 Resistente
1887 425 2016 461 Clodio
2028 452 2037 467 ‚
2052 425 2183 474 placuit

1214 474 1355 509 Senatui
1368 500 1377 516 ,
1401 474 1488 510 nihil
1500 474 1536 511 in
1550 487 1619 522 rep.
1632 475 1817 511 decernere
1830 500 1838 515 ,
1856 476 1951 511 nulla
1963 475 2006 511 de
2018 487 2055 510 re
2067 487 2180 523 agere,

1216 522 1279 558 nisi
1291 523 1418 559 Cicero
1440 524 1482 559 ab
1493 524 1600 561 exilio
1615 535 1847 560 revocaretur.
1873 525 1966 560 Hinc
1978 524 2104 560 Cicero
2117 537 2181 571 pro

1216 572 1335 609 Sextio
1351 586 1358 608 2
1389 573 1521 609 Omnia
1538 573 1670 608 senatus
1689 572 1885 620 rejiciebat,
1909 572 1972 610 nisi
1986 573 2029 609 de
2043 585 2100 609 me
2111 572 2181 622 pri-

1216 623 1316 657 mum
1329 622 1485 658 consules
1498 622 1699 658 retulissent.
1727 622 1811 658 &in
1825 622 1983 658 Pisonem
1997 636 2005 657 :
2036 625 2089 658 An
2101 633 2181 659 tum

1215 671 1315 707 eratis
1337 672 1494 707 consules
1509 697 1517 713 ‚
1540 671 1625 707 cum
1637 682 1847 719 quacunque
1859 669 1903 706 de
1920 683 1956 706 re
1969 671 2117 708 verbum
2128 671 2180 710 fa-

1217 732 1296 756 cere
1316 721 1496 769 coeperatis
1509 747 1518 762 ‚
1544 730 1603 756 aut
1625 720 1753 756 referre
1771 720 1813 755 ad
1830 720 1986 756 senatum
1999 744 2009 758 ‚
2031 721 2181 760 eusitius

1214 769 1303 805 ordo
1316 770 1531 806 reclamabat:
1543 769 1826 816 ostendebatque,
1837 769 1924 804 nihil
1935 768 2000 805 effe
2010 781 2072 806 vos
2084 769 2181 805 a6tu-

1215 831 1271 854 ros
1284 844 1292 858 ‚
1316 817 1380 854 nisi
1394 819 1486 865 prius
1501 818 1544 854 de
1557 831 1613 855 me
1626 817 1842 854 retulissetis?
1864 818 1908 854 de
1920 818 2040 855 eadem
2054 830 2090 854 re
2102 817 2182 854 vide

1215 866 1309 915 epist.
1325 879 1378 910 24.
1394 867 1454 903 lib.
1472 880 1498 911 3.
1513 867 1556 903 ad
1570 871 1640 904 Att.
1662 868 1776 903 Initur
1796 867 1922 904 deinde
1939 866 2127 903 consilium
2138 867 2182 903 de

1213 916 1358 952 interitu
1370 917 1438 952 Cn.
1451 916 1604 965 Pompeii
1619 942 1627 957 ,
1641 915 1687 952 ait
1700 916 1826 952 Cicero
1841 929 1903 965 pro
1913 916 2046 953 Sextio.
2073 928 2181 965 quam

1215 977 1290 1001 rein
1314 965 1484 1002 Asconius
1507 965 1544 1001 in
1568 964 1800 1002 Milonianam
1823 965 1867 1001 sic
1888 967 2033 1014 exponit
2047 978 2055 1002 :
2085 966 2181 1002 Cum

1215 1026 1269 1049 111.
1284 1013 1363 1050 Idus
1378 1016 1471 1051 Sext.
1484 1013 1669 1062 Pompejiis
1682 1014 1718 1050 in
1731 1013 1888 1051 senatum
1901 1014 2045 1051 venisset
2057 1039 2066 1053 ‚
2090 1014 2180 1050 dici-

1213 1073 1272 1099 tur
1283 1063 1381 1099 servo
1396 1065 1429 1098 Ρ.
1441 1063 1560 1099 Clodii
1573 1063 1674 1099 sicam
1695 1063 1858 1100 excidisse
1869 1090 1878 1105 ,
1900 1076 2008 1113 eaque
2020 1063 2062 1100 ad
2073 1063 2183 1103 Gabi-2

1214 1112 1315 1148 nium
1327 1112 1507 1149 consulem
1520 1113 1630 1149 delata
1644 1138 1653 1154 ‚
1676 1112 1814 1149 ditium
1825 1112 1873 1149 est
1885 1136 1896 1152 2
1918 1113 2016 1150 servo
2031 1114 2181 1161 impera*

1213 1172 1290 1198 turn
1303 1162 1322 1198 a
1335 1161 1513 1200 P-Clodio‚
1526 1173 1566 1198 ut
1578 1161 1765 1210 Pompejus
1777 1162 2005 1198 occideretur.
2030 1163 2180 1210 Pompeis

1206 1209 1265 1258 jus
1278 1209 1391 1247 statim
1403 1211 1552 1248 domum
1564 1211 1665 1247 rediit
1678 1237 1687 1253 ,
1707 1223 1751 1248 ex
1764 1223 1806 1247 eo
1819 1211 1916 1247 domi
1927 1223 2041 1247 tenus.
2069 1213 2104 1247 δε
2116 1211 2179 1246 Ci-

1212 1272 1293 1296 cero
1307 1273 1369 1309 pro
1382 1261 1519 1297 Milone
1533 1274 1540 1295 t
1558 1261 1840 1310 Comprehensus
1852 1260 1899 1297 est
1912 1260 1949 1296 in
1964 1260 2095 1309 templo
2109 1260 2180 1297 Ca-

1211 1308 1310 1345 storis
1330 1310 1448 1346 servus
1461 1312 1494 1346 P·
1506 1309 1623 1346 Clodii
1640 1336 1649 1350 ‚
1673 1322 1779 1359 quem
1790 1310 1849 1346 ille
1865 1310 1908 1345 ad
1921 1307 2180 1357 C.Pompejum

1208 1358 1493 1396 interficiendum
1504 1359 1691 1395 collocarat
1714 1369 1851 1396 extorta
1859 1358 1907 1396 est
1918 1358 2102 1395 confitenti
2115 1357 2181 1395 fica

1209 1408 1252 1444 de
1266 1408 1437 1448 manibus,
1449 1408 1560 1445 caruit
1573 1407 1651 1444 foro
1665 1407 1850 1456 Pompejus
1864 1408 1990 1457 postea,
2002 1407 2114 1444 caruit
2126 1407 2177 1443 se-

1208 1458 1420 1497 natu‚caruit
1431 1458 1668 1507 publicoHuc
1680 1458 1829 1504 pertinet
1839 1456 1928 1493 illud
1939 1457 2180 1505 paradoxon4.

1210 1510 1300 1543 Ante
1311 1507 1467 1544 senatum
1479 1518 1539 1543 tua
1548 1506 1615 1544 sica
1625 1507 1835 1556 deprehensa
1845 1506 1902 1542 est.
1913 1506 1995 1543 &in
2004 1506 2175 1542 Pisonem:

1211 1557 1448 1605 Deprehensus
1460 1569 1543 1593 cum
1556 1556 1648 1592 ferro
1661 1556 1702 1592 ad
1715 1556 1871 1592 senatum
1883 1556 1923 1597 is,
1932 1567 2039 1604 quem
2051 1555 2093 1591 ad
2107 1555 2177 1592 Cn.

1211 1605 1420 1655 Pompejum
1443 1605 1719 1642 interimendum
1733 1604 1946 1641 collocatum
1966 1603 2066 1640 fuiffe
2086 1617 2175 1640 con-

1207 1654 1324 1692 stabat.
1354 1655 1517 1691 Meminit
1529 1655 1632 1692 etiam
1647 1667 1710 1703 pro
1730 1654 1851 1692 domo.
1879 1658 2015 1702 Qarto
2031 1652 2179 1690 Kalend.

1209 1704 1426 1741 Novembris
1449 1705 1532 1741 οξὶο
1555 1704 1688 1740 tribuni
1701 1703 1791 1752 pleb.
1804 1703 1847 1739 de
1862 1702 2044 1739 Ciceronis
2059 1702 2176 1739 reditu

1207 1753 1320 1801 legem
1343 1754 1614 1801 promulgarunt
1638 1767 1645 1788 ε
1678 1752 1798 1789 iisdem
1823 1764 1867 1789 ue
1890 1751 2117 1788 referentibus
2141 1752 2177 1788 P.

1207 1803 1380 1840 Lentulus
1399 1815 1470 1839 cos.
1491 1802 1689 1851 designatus
1701 1828 1711 1844 ,
1735 1815 1804 1850 prae
1836 1801 2044 1837 antiffimam
2056 1800 2098 1835 de
2111 1799 2176 1836 Ci-

1206 1865 1334 1889 cerone
1345 1852 1550 1888 sententiam
1562 1852 1652 1888 dixit
1663 1877 1672 1892 ‚
1685 1864 1749 1898 pro
1762 1851 1894 1888 Sextio,
1906 1849 1983 1898 post
1996 1849 2063 1886 red·
2075 1848 2111 1884 in
2123 1849 2176 1885 se·

1206 1913 1289 1939 natu
1303 1928 1312 1943 ‚
1325 1904 1358 1938 &
1370 1901 1455 1949 epist
1478 1902 1638 1946 23.11b.3.
1654 1901 1696 1936 ad
1709 1903 1778 1936 Att.
1793 1899 2037 1935 Thessalonica
2048 1898 2176 1934 Cicero

1204 1952 1235 1987 se
1248 1951 1512 2000 Dyrrhachium
1525 1952 1653 1998 recepit
1668 1963 1675 1984 :
1700 1949 1818 1996 ibique
1831 1960 1884 1984 vi.
1901 1948 1975 1983 Kal.
1992 1948 2176 1984 Decembr.

1203 1999 1331 2048 icriplit
1345 1999 1387 2035 ad
1400 2000 1604 2036 Terentiam
1618 1997 1713 2047 epist.
1731 2011 1757 2033 i.
1778 1998 1835 2033 lib.
1857 2009 1909 2040 14-
1926 1995 2034 2032 famil.
2048 1998 2084 2032 δε
2097 2009 2176 2044 para-

1203 2061 1275 2085 tem
1288 2048 1438 2096 epistolae
1453 2048 1578 2084 22.1ib.
1597 2060 1625 2089 3.
1644 2047 1687 2081 ad
1701 2050 1772 2080 Att.
1796 2045 1905 2092 pridie
1918 2045 1997 2080 Kal.
2010 2044 2178 2080 Decemb.

1206 2097 1286 2129 inde
1298 2095 1391 2129 misit
1403 2095 1445 2128 ad
1459 2094 1662 2128 Terentiam
1673 2092 1766 2138 epist·
1785 2104 1815 2135 3.
1828 2091 1887 2127 lib.
1905 2104 1946 2134 14
1978 2094 2013 2128 &
2024 2092 2067 2128 ad
2082 2092 2175 2132 Atti—

1203 2155 1287 2178 cum
1301 2141 1393 2190 epist·
1411 2146 1467 2184 23.
1487 2141 1548 2176 lib.
1567 2153 1595 2185 3.
1618 2143 1653 2176 &
1672 2140 1834 2189 deinceps
1856 2152 2009 2188 quatuor
2030 2141 2177 2191 reliquas

1204 2190 1357 2240 ejusdem
1370 2190 1459 2225 libri.
1487 2190 1661 2226 Exierunt
1673 2188 1800 2224 deinde
1811 2189 1959 2236 paludati
1977 2190 2012 2225 in
2026 2191 2177 2239 provin·-

1204 2252 1273 2276 Cias
1296 2239 1455 2275 consules
1469 2263 1479 2277 ‚
1499 2238 1572 2274 Piso
1598 2239 1634 2274 in
1657 2238 1901 2274 Macedoniam
1914 2263 1924 2277 ‚
1948 2239 2117 2276 Gabinius
2137 2239 2177 2276 in

1206 2288 1346 2338 Syriam
1357 2313 1368 2327 ,
1382 2288 1509 2324 Cicero
1522 2300 1583 2336 pro
1598 2288 1731 2324 Sextio.
1746 2299 1798 2325 ιν.
1811 2288 1892 2323 Idus
1907 2288 2073 2324 Decemb.
2086 2288 2175 2326 novi

1203 2338 1336 2374 tribuni
1353 2337 1443 2386 pleb.
1458 2338 1503 2372 T.
1518 2337 1653 2372 Annius
1668 2337 1755 2373 Milo
1767 2360 1778 2376 ‚
1792 2338 1827 2372 P.
1839 2336 1976 2373 Sextius
1988 2361 1997 2376 ‚
2014 2337 2059 2372 C.
2073 2337 2178 2374 Sesti-

1204 2387 1269 2423 lius
1281 2413 1291 2427 ,
1307 2386 1494 2433 M.Cispius
1506 2411 1516 2426 ,
1532 2387 1575 2421 T.
1593 2385 1717 2422 Fadius
1731 2412 1738 2426 ‚
1754 2388 1803 2422 M.
1817 2386 1962 2422 Curtius
1974 2412 1983 2427 ,
1997 2387 2040 2422 C.
2054 2385 2174 2422 Meffi-

1205 2436 1283 2472 nius
1295 2460 1305 2474 ‚
1331 2435 1563 2480 QFabricius
1577 2461 1585 2475 ,
1608 2437 1687 2472 Sex.
1700 2434 1826 2471 Atilius
1839 2437 2004 2471 Serranus
2015 2460 2025 2476 ‚
2047 2437 2081 2472 δε
2094 2437 2175 2471 Nu-

1205 2485 1335 2521 merius
1350 2483 1518 2568 antius
1531 2508 1541 2522 ,
1563 2483 1803 2531 magistratum
1814 2484 1970 2521 inierunt
1983 2507 1993 2526 ‚
2012 2496 2075 2534 pro
2087 2486 2174 2522 Sex-

1207 2534 1258 2571 tio
1272 2560 1282 2576 ,
1295 2536 1330 2571 ὃς
1341 2536 1402 2581 poi
1430 2532 1582 2569 reditum
1594 2533 1631 2569 in
1643 2533 1772 2570 senatu.

1300 2636 1396 2670 Anno
1418 2630 1506 2668 urbis
1541 2643 1695 2731 ”exyfiw‘
1728 2633 1888 2671 Ciceronis
1921 2643 1957 2669 L.
1984 2643 2081 2670 coss.

1630 2691 1766 2721 uerunt,

1231 2750 1627 2790 P.CORNEL1US
1652 2754 1971 2791 LEN‘TULUS
1999 2750 2163 2791 SPIN-v

1337 2803 1521 2841 THER‚
1547 2803 1918 2851 QCAECILIUS
1945 2804 2043 2840 ME4

1457 2852 1688 2890 TELLUS
1715 2853 1917 2890 NEPOS.
2025 2852 2029 2857 ’

1279 2929 1466 2964 Risi-ones
1483 2928 1608 2965 eodem
1620 2927 1870 2965 annofuerunt
1882 2927 1922 2962 L.
1934 2923 2107 2965 Caecilius,
2120 2927 2171 2962 Mz.

1278 2977 1432 3013 Calidius
1444 3003 1453 3019 ,
1466 2978 1497 3012 C
1501 3007 1508 3014 .
1519 2978 1706 3025 Septimius
1718 3003 1729 3019 ,
1742 2974 1946 3018 Q.Valeri-us
1958 3000 1967 3016 ‚
1979 2974 2170 3015 P.Craffus,

1203 3027 1281 3063 Sex.
1294 3026 1488 3074 Qintilius
1499 3052 1507 3068 ,
1522 3027 1750 3063 CCornutus
1766 3051 1775 3066 ,
1788 3028 1823 3063 δε
1836 3028 1898 3072 Ap.
1909 3021 2171 3075 Claudius-Pul·

1201 3075 1284 3112 cher
1296 3099 1307 3114 ‚
1335 3075 1464 3111 Cicero
1477 3075 1554 3123 post
1567 3076 1718 3112 reditum
1744 3074 1780 3111 in
1795 3077 1922 3111 Senatu
1938 3070 2169 3125 KalendisJa-

1203 3124 1324 3162 nuarii·
1348 3124 1564 3162 RLentulus
1577 3124 1720 3163 simulac
1731 3124 1774 3162 de
1786 3122 1916 3162 solenni
1928 3121 2100 3203 religioiile
2113 3133 2169 3157 re.

2031 3179 2069 3205 tu
2085 3180 2169 3213 crat,

1679 3239 1746 3266 1εᾷ
