2360 3400
437 112 786 164 Tuscu&

859 115 1433 177 Quffisr1onuM
1498 119 1653 181 [πᾳ
1710 120 1769 170 W

1965 123 2094 186 Χῖος

134 200 289 245 loquentis
298 197 343 231 ori
365 205 403 232 o,
427 206 495 239 quae
504 199 565 230 vita
580 215 591 231 ,
613 198 666 239 qui
678 198 817 229 interitus
828 217 836 232 ,
848 207 974 239 quaeque
983 207 1021 228 ex
1031 198 1091 228 alio
1105 200 1109 236 ἰ
1128 209 1324 232 contemnere
1334 221 1343 237 ‚
1366 201 1439 233 cum
1460 200 1493 233 sit
1502 212 1594 234 omne
1606 204 1640 235 &
1649 202 1767 235 bonum
1779 203 1844 245 ejus
1857 223 1866 237 ,
1885 201 1919 236 &
1930 203 2046 235 malum
2058 204 2094 234 in

131 248 166 279 in
178 243 259 276 aliud
271 243 331 273 vici
356 240 442 271 itudo
453 260 462 274 ‚
487 249 572 281 atque
583 241 712 270 mutatio
725 251 730 269 :
742 240 823 270 unde
833 248 923 274 terra,
940 239 1091 281 &quibus
1106 265 1108 292 1

130 287 235 322 librata
254 283 440 325 ponderibus
451 302 459 316 ,
480 286 492 302 ¹
509 282 620 323 quibus
635 283 771 312 cavernis
787 284 879 312 maria
888 280 1089 312 sustineatzin

131 337 188 370 qua
207 331 313 357 omma
328 325 423 356 delata
432 327 573 366 gravitate
583 324 722 354 medium
737 324 848 354 mundi
861 324 963 356 locum
974 324 1091 363 semper

67 382 113 415 25
131 377 293 409 expetant,
315 368 367 409 qui
378 365 421 397 est
429 366 511 397 idem
524 365 648 396 infimus
658 368 691 396 in
702 365 843 396 rotundo.
867 368 942 396 Haec
954 363 1089 395 tra&anti

128 413 236 442 animo
244 429 255 445 ,
275 410 309 440 &
318 407 435 440 noeteis
447 408 479 439 &
489 408 552 440 dies
562 409 706 449 cogitanti
718 410 734 427 ¹·
744 405 848 438 existit
857 407 910 438 illa
917 407 933 437 a
943 406 1001 437 deo
1011 406 1090 436 Del-

128 453 199 494 phis
213 460 360 492 praecepta
377 452 533 491 cognitio,
557 453 570 477 ³
591 460 624 480 ut
634 450 695 490 ipsa
704 449 733 480 se
742 458 830 479 mens
838 449 993 490 agnoscat,
1013 458 1089 479 con—

128 493 327 535 Junfiiamque
337 503 408 524 cum
420 493 525 524 divina
534 501 636 523 mente
649 492 676 523 se
687 492 845 525 sentiat,ex
853 500 915 532 quo
928 490 1088 522 insatiabili

130 536 243 577 gaudio
260 536 458 576 compleatur.
480 534 543 575 ipsa
562 536 647 564 enim
665 535 808 574 cogitatio
823 532 859 563 de
870 534 919 567 vi,
942 533 1087 563 &natura

129 579 259 609 deorum
269 597 281 612 ,
300 581 317 605 4
337 577 469 608 studium
494 576 627 607 incendit
640 575 910 606 illiusaeternitatis
920 573 1085 608 imitandae‚

128 630 229 661 neque
252 620 281 650 se
304 620 336 649 in
348 619 494 650 brevitate
507 619 577 649 vitae
586 618 765 656 collocatam
778 625 861 656 putat
871 637 880 650 ‚
900 616 973 647 cum
986 625 1085 646 rerum

125 662 227 693 causas
237 662 308 692 alias
317 671 356 692 ex
364 661 430 691 aliis
440 669 531 701 aptas,
542 660 576 690 ὃς
587 658 752 691 neceffitate
763 668 855 689 nexas
863 658 956 689 videt.
967 658 1087 701 Qibus

127 704 165 735 ab
182 713 294 735 aeterno
314 712 454 744 tempore
469 701 634 732 fluentibus
651 703 683 731 in
700 710 847 731 aeternum
859 720 868 734 2
889 703 964 731 ratio
975 710 1087 734 tamen,

129 747 276 787 mensque
287 745 469 776 moderatur.
494 746 568 775 Haec
583 744 636 774 ille
645 745 767 774 intuens
777 763 786 777 ,
806 751 893 783 atque
914 743 1088 783 suspiciens,

130 789 181 819 vel
190 786 292 828 potius
303 789 423 818 omneis
433 796 530 827 partes
541 806 550 820 ‚
569 786 693 826 orasque
702 784 947 824 circumspiciens
959 804 967 818 ,
978 793 1087 825 quanta
1125 793 1146 825 q

117 832 228 861 *rursus
237 831 333 861 animi
344 829 556 869 tranquillitate
565 829 709 860 humana,
721 827 755 856 δε
765 828 905 857 citeriora
912 825 1089 856 confideiat?

129 873 203 903 hinc
222 872 272 902 illa
281 873 417 912 cognitio
427 871 546 900 virtutis
555 867 687 898 exsistit:
707 868 898 898 efflorescunt
906 877 1088 908 generapar-

128 914 230 955 resque
248 915 396 943 virtutum
412 922 418 940 ;
436 911 610 943 invenitur,
631 910 705 949 quid
721 909 773 942 iit,
792 910 876 949 quod
901 919 1005 941 natura
1021 910 1087 949 spe—

127 954 189 984 ἃεε
206 962 378 985 extremum
398 954 430 982 in
448 952 557 985 bonis,
574 950 657 992 quod
676 953 709 981 in
729 952 816 981 malis
836 951 999 986 ultimum,
1024 951 1085 992 quo

126 995 281 1027 reserenda
299 993 354 1024 fint
364 992 464 1024 officia
476 1015 485 1028 ,
506 996 520 1021 ἰ’
529 1003 593 1034 quae
605 992 745 1034 degendae
767 994 861 1023 aetatis
870 994 945 1023 ratio
955 993 1084 1034 diligen-

125 1037 174 1069 da.
198 1037 318 1076 Quibus
342 1036 374 1066 &
397 1036 504 1066 talibus
524 1035 612 1065 rebus
626 1033 800 1076 exquisitis,
819 1036 877 1065 hoc
886 1035 935 1066 vel
947 1035 1085 1066 maxime

127 1077 276 1113 efficitur,
298 1077 315 1098 ⁶
331 1078 413 1119 quod
433 1079 487 1108 hac
508 1077 709 1119 disputatione
725 1079 860 1117 agimus,
881 1086 914 1107 ut
936 1079 1031 1108 virtus
1047 1078 1085 1108 ad

127 1121 213 1152 beate
223 1120 391 1151 vivendum
406 1141 414 1154 ,
426 1118 460 1150 sit
470 1120 497 1150 se
508 1120 570 1159 ipsa
578 1127 729 1150 contenta.
753 1120 891 1159 Sequitur
901 1122 986 1150 tertia
996 1139 1004 1154 ‚
1019 1130 1086 1161 quae

117 1172 176 1204 per
187 1163 307 1194 omneis
316 1163 423 1203 parteis
434 1162 584 1202 sapientia:
595 1170 696 1192 manat
705 1180 715 1195 ,
726 1161 759 1192 δε
772 1159 912 1191 funditur
920 1181 929 1194 ,
940 1171 1008 1202 quae
1019 1172 1084 1192 rem

116 1204 234 1237 ‚definit
247 1225 257 1240 ,
266 1215 373 1246 genera
383 1204 529 1244 dispertit,
541 1204 694 1244 sequentia
700 1203 838 1244 adjungit
847 1223 855 1237 ,
866 1202 996 1243 persei&
1008 1213 1084 1234 con-

123 1247 222 1279 cludit
235 1267 245 1281 ,
265 1256 334 1277 vera
344 1246 457 1277 &falsa
467 1245 611 1285 dijudicat
621 1265 630 1280 ,
650 1243 897 1275 disserendiratio
908 1266 918 1278 ,
939 1245 972 1276 &
986 1244 1082 1276 scien-

125 1291 176 1320 tia.
199 1292 249 1320 Ex
266 1298 324 1329 qua
341 1287 413 1318 cum
435 1285 553 1319 summa
570 1288 683 1318 utilitas
692 1285 845 1317 exfistitad
857 1296 904 1317 res
913 1288 1083 1328 ponderan-

123 1331 176 1362 das
190 1351 199 1364 ,
221 1340 287 1361 tum
297 1330 571 1371 maximeingenua
581 1329 741 1360 delebiatio
753 1349 761 1362 ,
781 1329 814 1359 &
823 1329 914 1370 digna
925 1329 1078 1370 sapientia.

121 1373 180 1404 Sed
188 1374 251 1403 haec
260 1374 326 1403 otii.
350 1372 493 1403 Transeat
503 1372 585 1401 idem
596 1371 648 1401 iste
659 1371 775 1411 sapiens
789 1371 825 1401 ad
834 1371 972 1411 rempub.
993 1382 1081 1402 tuen-

122 1415 205 1445 dam.
228 1414 301 1455 quid
323 1424 361 1443 eo
380 1411 534 1453 poflitesse
544 1412 746 1453 praestantius,
770 1412 841 1442 cum
851 1415 1079 1453 contineripru-

122 1455 224 1486 dentia
233 1456 394 1485 utilitatem
407 1456 524 1485 civium
539 1463 658 1487 cernat,
675 1455 687 1493 j
692 1454 789 1484 ustitia
798 1455 874 1484 nihil
887 1465 919 1484 in
932 1455 1014 1485 suam
1025 1455 1081 1485 do-

119 1507 210 1528 mum
233 1497 305 1526 inde
324 1495 462 1529 derivet,
488 1496 613 1536 reliquis
634 1504 730 1525 utatur
748 1504 810 1528 tot,
832 1500 918 1526 7tam
929 1497 1077 1536 variisque

113 1537 304 1569 ‚virtutibus->
325 1536 452 1578 adiunge
470 1536 604 1567 frudium
624 1538 844 1567 amicitiarum:
864 1539 897 1567 in
908 1547 970 1578 quo
981 1538 1079 1568 doctis

114 1578 249 1621 positum
268 1578 311 1609 est
327 1579 400 1609 cum
419 1577 580 1610 confilium
589 1581 693 1609 omnis
703 1580 771 1609 vitae
783 1598 791 1612 ,
812 1579 1005 1610 consentiens
1017 1600 1026 1613 ,
1045 1580 1079 1610 &

115 1622 203 1663 paene
213 1622 399 1662 conspirans,
410 1631 475 1652 tum
487 1622 606 1652 summa
610 1621 782 1661 jucunditas
794 1620 810 1651 ε
820 1620 1001 1662 quotidiano
1012 1622 1076 1652 cul—

115 1673 150 1695 tu
164 1683 173 1698 ,
193 1672 281 1706 atque
300 1661 395 1693 vidtu.
419 1663 500 1705 Qid
518 1665 580 1694 haec
591 1664 712 1694 tandem
723 1665 783 1694 vita
794 1661 956 1697 desiderat,
973 1674 1035 1705 quo
1045 1662 1080 1695 fit

115 1705 254 1737 beatior?
276 1700 290 1724 8
312 1707 361 1736 cui
383 1707 426 1736 rei
438 1707 551 1736 referrae
564 1715 627 1740 tot,
647 1706 795 1746 tantisque
805 1706 937 1746 gaudiis,
956 1704 1078 1737 fortuna

114 1747 178 1788 ipsa
187 1747 271 1778 cedat
280 1745 395 1777 necefl‘e
403 1746 456 1778 est.
479 1747 571 1789 Qod
583 1745 602 1777 fi
613 1748 739 1788 gaudere
750 1748 859 1777 talibus
869 1747 957 1777 bonis
968 1750 1077 1782 animi,

115 1789 149 1820 id
168 1789 211 1820 est
232 1789 395 1821 virtutibus
414 1809 424 1823 ‚
457 1789 579 1819 beatum
598 1789 640 1820 est
660 1809 670 1823 ,
687 1789 853 1829 omnesque
876 1789 1022 1828 sapientes
1040 1791 1079 1820 iis

115 1831 235 1874 gaudiis
253 1830 465 1872 perfruuntur:
487 1833 608 1861 omneis
626 1841 679 1861 eos
697 1829 835 1861 confiteri
847 1830 947 1860 beatos
955 1830 1012 1861 esse
1023 1841 1078 1861 ne-

113 1872 195 1904 cesse
203 1873 257 1904 est.
281 1882 314 1903 A.
326 1875 467 1905 Etiamne
478 1874 510 1903 in
521 1874 663 1907 cruciatu,
675 1881 762 1913 atque
774 1874 935 1903 tormentis
947 1874 958 1901 ?
978 1883 1018 1902 M.
1030 1875 1078 1903 An

115 1925 149 1947 tu
168 1918 263 1946 mein
273 1916 357 1946 viola
367 1915 488 1955 putabas
497 1917 588 1946 autin
598 1915 663 1946 rosa
673 1915 794 1945 dicere?
812 1924 850 1944 an
864 1916 995 1954 Epicuro
1005 1933 1014 1948 ‚
1025 1917 1079 1956 qui

112 1955 333 1988 tantummodo
354 1957 456 1987 induit
480 1958 639 1998 personam
659 1957 834 1997 philosophi
852 1976 862 1990 ‚
890 1956 923 1986 δε
943 1954 998 1986 sibi
1016 1957 1078 1997 ipse

113 2001 173 2030 hoc
191 2009 308 2030 nornen
328 1998 494 2039 inscripsit,
520 1999 618 2030 dicere
636 1999 760 2030 licebit:
779 1998 862 2039 quod
881 1998 1023 2039 quidem,
1045 2008 1078 2029 ut

111 2041 203 2072 habet
221 2042 250 2072 se
271 2051 334 2076 τες,
359 2051 412 2071 me
430 2050 532 2072 tamen
549 2041 709 2081 plaudente
731 2041 805 2071 dicit
815 2040 937 2071 nullum
952 2041 1078 2081 sapienti

112 2081 171 2114 effe
181 2092 300 2124 tempus
310 2103 320 2118 ,
339 2081 391 2113 etsi
401 2092 518 2116 uratur,
531 2092 703 2124 torqueatur
717 2104 726 2116 ‚
752 2083 884 2116 secetur,
905 2085 978 2123 quin
989 2081 1077 2123 poffit

111 2125 290 2156 exclamare.
315 2120 418 2166 Qitm
431 2133 480 2166 pro
499 2125 586 2155 nihilo
602 2127 699 2167 puto!
715 2123 787 2155 cuni
809 2125 971 2165 praesertim
981 2134 1075 2155 omne

110 2168 229 2201 malum
250 2167 356 2198 dolore
376 2166 501 2198 definiat
520 2187 530 2201 ,
550 2167 670 2198 bonurn
691 2167 843 2207 voluptate
862 2178 868 2196 z
893 2167 956 2197 haec
977 2166 1076 2198 nostra

109 2208 236 2241 honesta
249 2229 258 2243 ‚
280 2210 376 2250 turpia
397 2209 539 2243 irrideat,
561 2209 717 2251 dicatque,
736 2218 794 2239 nos
804 2210 835 2239 in
846 2209 973 2239 vocibus
982 2219 1074 2240 occu-

107 2260 214 2292 patos,
234 2249 353 2282 inaneis
372 2251 464 2281 sonos
483 2250 610 2281 fundere
629 2271 638 2286 ,
659 2261 757 2292 neque
774 2251 939 2292 quidquam
957 2251 993 2282 ad
1017 2261 1074 2282 nos

108 2294 260 2333 pertinere
271 2313 281 2326 ‚
291 2291 348 2323 nifi
356 2293 439 2334 quod
453 2301 502 2323 aut
512 2293 586 2323 laeve
596 2313 605 2327 ,
615 2302 665 2324 aut
676 2294 812 2333 asperum
824 2295 857 2322 in
869 2303 992 2332 corpore
1003 2293 1073 2324 sen-

107 2337 208 2368 tiatur.
244 2337 326 2366 Huic
345 2344 414 2377 ergo
434 2353 443 2369 2
478 2343 511 2365 ut
531 2334 596 2365 dixi
614 2354 624 2369 ,
645 2345 710 2365 non
729 2334 866 2365 multum
883 2334 1036 2366 differenti
1056 2335 1071 2365 a

104 2377 225 2419 judicio
244 2377 375 2409 ferarum
389 2397 400 2412 ,
421 2375 560 2409 oblivisci
580 2376 685 2409 licebit
703 2377 772 2408 sui?
795 2376 905 2408 &tum
915 2376 1070 2409 fortunam

1127 242 1270 281 potestate
1288 243 1437 275 fortunae:
1456 254 1521 275 tum
1542 246 1660 280 dicere,
1681 246 1709 276 se
1720 246 1881 277 beatumin
1892 247 2014 277 summo
2025 255 2096 276 cru-

1129 285 1206 314 ciatu
1217 304 1227 317 ‚
1247 295 1334 326 atque
1344 295 1504 317 tormentis
1514 307 1523 321 ,
1544 286 1614 318 cum
1626 286 1815 319 constituerit
1826 298 1889 319 non
1901 287 1997 321 modo
2008 289 2092 319 sum—

1129 334 1216 357 mum
1237 330 1353 358 malurn
1373 326 1431 358 esse
1440 328 1592 364 dolorem,
1605 330 1653 361 sed
1664 331 1754 361 etiam
1766 331 1864 362 solum
1881 333 1892 360 ?
1913 334 1929 357 9
1939 332 2006 360 Nec
2017 328 2090 360 vero

1127 366 1179 396 illa
1198 366 1251 397 fibi
1269 369 1402 400 remedia
1410 372 1636 410 compar-ivitati
1649 372 1838 403 tolerandum
1848 372 1988 403 dolorem
2006 392 2015 406 2
2037 370 2093 402 fir-

1129 410 1267 439 mitatem
1284 413 1378 440 animi
1399 431 1408 445 ,
1430 413 1626 453 turpitudinis
1644 414 1855 445 verecundiam
1870 434 1879 448 ,
1899 415 2089 445 exercitatio-

1127 459 1198 480 nem
1212 470 1221 483 ,
1241 452 1553 495 consuetudinemque
1563 455 1695 494 patiendi
1708 476 1717 489 ,
1735 464 1877 496 praecepta
1886 455 2090 492 fortitudinis,

1129 490 1270 522 duritiam
1281 496 1310 522 vi
1316 494 1404 524 rilem
1416 505 1421 523 :
1434 495 1482 525 sed
1494 506 1552 526 una
1562 497 1591 527 se
1602 496 1676 527 dicit
1686 497 1891 528 recordatione
1902 498 2089 538 acquiescere

1127 535 1342 575 praeteritarum
1363 536 1573 577 voluptatum:
1592 548 1625 569 ut
1646 537 1667 568 fi
1689 541 1757 580 quis
1772 539 1897 570 aestuans
1909 560 1918 573 ,
1938 538 2010 570 cuin
2021 542 2093 571 vim‘

1127 576 1236 605 caloris
1259 586 1321 605 non
1341 576 1427 607 facile
1451 582 1597 618 patiatur,
1619 583 1760 612 recordari
1772 582 1846 611 velit
1859 601 1867 614 ,
1889 582 1916 612 st·
1926 582 2090 620 aliquando

1128 618 1161 647 in
1179 619 1317 657 Arpinati
1336 618 1439 649 nosti-o
1449 621 1556 659 gelidis
1567 621 1750 653 fluminibus
1758 622 1975 653 circumfusum
1988 621 2088 654 fuisse.

1128 668 1195 688 non
1212 661 1296 689 enim
1308 659 1397 690 video
1407 681 1415 694 ‚
1438 663 1605 702 quomodo
1620 664 1716 694 sedare
1727 661 1835 705 poffin't
1847 666 1924 696 mala
1934 666 2090 705 praesentia

1126 702 1280 741 praeteritae
1290 702 1465 742 voluptates.
1488 704 1544 734 Sed
1557 705 1629 734 cum
1644 715 1668 735 is
1679 707 1757 737 dicat
1767 708 1884 747 semper
1896 707 2015 737 beatum
2028 705 2088 737 effe

1127 743 1301 783 sapientem:
1314 745 1362 773 cui
1373 743 1470 774 dicere
1479 744 1573 779 hoc,fi
1585 744 1637 776 fibi
1649 748 1782 779 constare
1793 750 1963 781 vellet,non
1974 749 2089 779 liceret:

1149 784 1275 815 uiduam
1292 784 1466 816 Faciendum
1484 786 1573 817 estiis
1586 807 1593 821 ,
1615 790 1753 829 quiniliil
1765 790 1988 831 expetendum,
2009 790 2089 820 nihil.

1126 829 1160 857 in
1178 826 1268 857 bonis
1286 827 1460 858 ducendum
1475 849 1484 862 ‚
1505 829 1751 869 quodlionestate
1759 843 1872 867 careat,
1895 832 2088 863 existimant?

1129 878 1180 898 nie
1198 868 1322 909 quidem
1341 868 1483 904 ευὲὶοῑε,
1502 872 1593 901 etiam
1604 874 1809 912 Peripatetici,
1830 875 2002 916 veteresque
2013 877 2092 905 Aca-

1127 910 1239 942 demici
1261 910 1411 942 balbutire
1428 910 1562 943 desinant
1581 914 1761 954 aliquando,
1782 925 1938 956 aperteque
1958 917 1991 947 &
2006 917 2083 948 clara

1124 963 1199 984 voce
1208 952 1334 984 audeant
1344 953 1442 985 dicere
1455 953 1571 985 beatam
1583 957 1676 986 vitam
1691 957 1723 985 in
1734 958 1894 987 Phalaridis
1905 968 2020 988 taurum
2032 958 2088 989 de-

1126 995 1303 1026 scensuram.
1315 997 1382 1026 Sint
1390 997 1474 1025 enim
1488 998 1541 1027 tria
1549 1007 1656 1038 genera
1665 997 1871 1032 bonorum‚ut
1881 1000 1938 1035 iani
1948 1000 1962 1029 a
1973 1001 2088 1041 laqueis
2107 1012 2118 1023 v

1125 1038 1297 1068 Stoicorum
1312 1058 1321 1071 ,
1338 1037 1449 1079 quibus
1460 1039 1546 1069 usum
1558 1049 1607 1069 me
1617 1039 1753 1080 pluribus
1766 1061 1774 1074 ‚
1785 1035 1981 1082 quam'soleo,
1994 1044 2093 1072 intel-w

1125 1080 1206 1121 ligo,
1227 1079 1403 1110 recedamus
1423 1091 1428 1109 z
1447 1078 1504 1110 sint
1529 1080 1598 1111 sane
1617 1082 1669 1112 illa
1685 1092 1793 1122 genera
1811 1082 1962 1113 bonorum
1976 1104 1984 1117 ,
2009 1085 2086 1114 dum.

1122 1124 1260 1162 corporis
1270 1141 1278 1156 ,
1301 1121 1334 1152 &
1344 1122 1595 1162 externajaceant
1603 1124 1703 1157 humi,
1716 1124 1977 1155 &tantummodo
1991 1146 1999 1160 ,
2015 1128 2087 1167 quia

1122 1163 1268 1195 sumenda
1284 1164 1374 1198 sunt,
1393 1164 1579 1204 appellentur
1599 1165 1697 1196 bona:
1718 1167 1774 1197 alia
1795 1168 1958 1198 autemilla
1967 1167 2086 1202 divina,

1125 1206 1214 1247 longe
1225 1225 1234 1240 ‚
1247 1207 1362 1247 lateque
1372 1206 1401 1236 se
1411 1206 1562 1246 pandant,
1585 1208 1758 1249 coelumque
1769 1209 1946 1250 contingant
1958 1229 1967 1243 ,
1988 1219 2019 1240 ut
2031 1229 2039 1243 ‚
2052 1220 2087 1241 ea

1122 1250 1176 1289 qui
1197 1248 1319 1288 adeptus
1337 1246 1371 1278 fit
1385 1268 1393 1282 ,
1412 1258 1464 1278 cur
1483 1259 1554 1279 eum
1565 1249 1687 1280 beatum
1699 1250 1794 1280 modo
1808 1271 1817 1284 ‚
1839 1251 1946 1281 &non
1957 1248 2088 1281 beatiffi-

1122 1299 1209 1320 mum
1221 1293 1312 1321 etiarn
1324 1290 1456 1321 dixerim
1469 1293 1479 1320 ?
1501 1295 1514 1318 5
1522 1290 1661 1322 dolorem
1680 1291 1752 1324 verb
1763 1292 1878 1333 sapiens
1887 1294 2063 1323 extimescet
2076 1296 2090 1322 ἲ

1122 1334 1148 1362 is
1169 1333 1254 1362 enim
1277 1333 1349 1363 huic
1367 1334 1513 1363 maximae
1531 1333 1686 1364 sententiae
1705 1344 1862 1376 repugnat.
1886 1338 1968 1365 Nam
1978 1345 2084 1366 contra

1121 1383 1254 1404 mortem
1276 1373 1409 1405 nostram
1421 1395 1431 1408 ,
1449 1384 1536 1416 atque
1546 1375 1719 1406 nostrorum
1731 1396 1740 1409 ,
1758 1386 1919 1418 contraque
1930 1376 2086 1418 aegritudi-

1120 1426 1193 1446 nem
1204 1436 1213 1450 ,
1233 1416 1267 1446 &
1284 1417 1413 1457 reliquas
1429 1418 1524 1447 animi
1544 1417 1782 1457 perturbationes
1796 1419 1863 1449 satis
1873 1418 1932 1448 effe
1942 1419 2085 1450 videmur

1118 1459 1306 1498 superiorum
1320 1458 1439 1488 dierum
1448 1458 1703 1499 disputationibus
1713 1462 1816 1490 armati
1828 1480 1838 1494 ,
1851 1461 1884 1491 &
1897 1461 2000 1500 parati.
2024 1460 2085 1490 do-

1118 1500 1164 1529 lor
1181 1498 1239 1530 effe
1258 1500 1377 1530 videtur
1400 1503 1562 1531 acerrimus
1573 1503 1676 1531 virtuti
1686 1502 1876 1533 adversarius.
1899 1506 1925 1532 is
1933 1500 2084 1532 ardenteis

1116 1540 1207 1571 faceis
1229 1542 1359 1571 intentat
1378 1552 1384 1571 z
1402 1545 1431 1571 is
1448 1540 1661 1573 fortitudinem
1681 1563 1690 1577 ,
1710 1543 1953 1584 magnitudinem
1971 1545 2082 1575 animi„

1117 1584 1292 1622 patientiam
1304 1583 1332 1612 se
1343 1583 1569 1613 debilitaturum
1582 1586 1724 1614 minatur.
1748 1586 1830 1614 Huic
1841 1587 1931 1626 igitur
1942 1585 2083 1615 succum-

1116 1625 1167 1655 bet
1185 1626 1301 1655 virtus?
1324 1625 1395 1654 huic
1420 1624 1504 1655 beata
1522 1625 1680 1665 sapientis,
1701 1626 1735 1656 δε
1757 1625 1925 1656 constantis
1952 1627 2010 1656 viri
2019 1630 2083 1657 vita.

1117 1666 1225 1697 cedet?
1247 1665 1338 1707 quam
1359 1669 1463 1707 turpe!
1486 1665 1506 1697 ὃ
1524 1666 1567 1697 dii
1586 1667 1671 1697 boni.
1694 1668 1783 1699 Pueri
1794 1670 1941 1709 Spartiatae
1954 1669 2082 1698 nonin-

1115 1709 1287 1748 gemiscunt
1307 1708 1469 1739 verberum
1487 1708 1594 1739 dolore
1604 1710 1716 1740 laniati.
1750 1710 2000 1741 Adolescentium
2011 1720 2080 1750 gre*

1114 1760 1167 1791 ges
1180 1750 1400 1781 Lacedaemone
1411 1751 1546 1782 vidimus
1557 1750 1610 1792 ipsi
1619 1751 1796 1782 incredibili
1805 1753 2005 1782 contentione
2013 1762 2082 1783 cer-

1116 1794 1225 1824 tanteis
1242 1794 1350 1832 pugnis
1361 1812 1369 1826 ‚
1390 1793 1520 1823 calcibus
1530 1812 1539 1827 ,
1553 1794 1705 1833 unguibus
1716 1814 1725 1826 ‚
1747 1796 1778 1813 ¹0
1787 1794 1890 1824 morsu
1901 1793 2032 1835 denique
2045 1803 2080 1824 ut

1114 1836 1364 1865 exanimarentur
1373 1854 1382 1867 ,
1399 1835 1571 1875 priusquam
1583 1834 1612 1864 se
1623 1834 1721 1865 vi&os
1730 1834 1903 1866 faterentur.
1927 1837 2002 1877 Qa:
2012 1835 2081 1866 bar-

1115 1876 1195 1906 baria
1212 1875 1300 1905 India
1319 1874 1428 1905 vastior
1439 1896 1447 1909 ,
1468 1885 1519 1906 aut
1530 1875 1694 1916 agrestior?
1715 1878 1748 1907 in
1757 1887 1791 1907 ea
1801 1886 1902 1908 tamen
1912 1886 2002 1918 gente
2012 1879 2077 1917 pri-

1115 1915 1207 1948 mum
1226 1918 1266 1950 ii,
1284 1917 1492 1957 quisapientes
1503 1918 1669 1952 habentur,
1693 1918 1770 1949 nudi
1782 1928 1898 1950 aetatern
1909 1928 2001 1961 agunt
2014 1939 2023 1953 ‚
2040 1918 2076 1950 δε

1114 1956 1235 1990 Caucasi
1256 1960 1356 1988 niveis
1361 1959 1618 2001 &hiemalemque
1637 1960 1702 1990 vim
1723 1960 1879 2001 perferunt
1888 1959 1949 1991 sine
1958 1961 2076 1991 dolore:

1119 2005 1145 2021 ¹¹
1158 2010 1289 2041 cumque
1299 2000 1334 2031 ad
1347 1999 1503 2031 flammam
1514 2001 1544 2032 se
1563 2002 1797 2042 applicaverint,
1814 2002 1875 2033 fine
1894 2004 2012 2044 gemitu
2022 2002 2078 2034 ade

1119 2052 1253 2074 uruntur.
1271 2043 1415 2073 Mulieres
1425 2042 1540 2074 veroin
1551 2043 1682 2077 india‚¹²
1691 2044 1763 2075 cum
1774 2044 1817 2075 est
1825 2046 1959 2085 cujusvis
1969 2055 2074 2077 earum

1115 2087 1163 2116 vir
1174 2094 1312 2115 mortuus
1322 2104 1330 2118 ‚
1351 2085 1385 2115 in
1395 2094 1546 2115 certamen
1557 2105 1566 2120 ,
1584 2086 1798 2128 judiciumque
1809 2088 1939 2118 veniunt
1952 2107 1961 2120 ‚
1981 2096 2075 2129 quam

1111 2126 1284 2168 plurimum
1305 2126 1359 2156 ille
1378 2126 1532 2158 dilexerit-
1553 2128 1657 2168 plures
1676 2131 1763 2159 enim
1773 2127 1896 2171 singulis
1908 2129 2006 2161 solent
2014 2127 2077 2160 effe

1114 2178 1225 2210 nuptae.
1248 2171 1323 2210 Qae
1331 2168 1374 2199 est
1384 2167 1498 2199 vic‘hix
1509 2189 1517 2210 ,
1530 2179 1562 2200 ea
1576 2170 1656 2204 laeta,
1669 2171 1919 2212 prosequentibus
1929 2170 2002 2204 suis,
2013 2170 2076 2202 uni

1110 2221 1182 2242 cum
1193 2214 1260 2242 viro
1273 2214 1307 2241 in
1316 2221 1423 2253 rogum
1436 2213 1624 2252 imponitur:
1638 2213 1692 2243 illa
1700 2211 1780 2244 vista
1791 2233 1800 2247 ,
1821 2210 1927 2243 moesta
1939 2211 2076 2243 discedit.

1112 2255 1284 2295 Numquam
1303 2261 1438 2282 naturam
1456 2264 1514 2284 mos
1533 2255 1665 2284 vinceret.
1689 2253 1733 2285 efb
1751 2257 1835 2285 enirn
1856 2264 1888 2284 ea
1902 2255 2007 2296 semper
2027 2255 2077 2283 in-

1111 2294 1202 2325 vista.
1225 2295 1282 2326 Sed
1293 2305 1350 2325 nos
1360 2296 1476 2326 umbris
1486 2315 1494 2330 ,
1520 2296 1638 2326 deliciis
1649 2316 1658 2331 ,
1683 2299 1748 2327 otio
1759 2317 1767 2331 ,
1790 2297 1951 2338 languore,
1963 2295 2075 2328 defidia

1111 2339 1251 2368 animum
1261 2336 1427 2368 infecimus
1439 2349 1445 2367 ι
1464 2338 1663 2378 opinionibus
1677 2359 1686 2373 ,
1703 2342 1732 2367 ¹3
1745 2340 1887 2380 maloque
1896 2348 1982 2369 more
1994 2338 2074 2368 deli-

1110 2382 1212 2411 nitum
1236 2380 1442 2411 mollivirnus.
1466 2381 1683 2421 AEgyptioi·um
1705 2391 1826 2413 morem
1845 2382 1913 2422 quis
1929 2381 2046 2421 ignorat
2060 2382 2074 2410 ἓ

1993 2431 2076 2463 quo·

143 2494 167 2511 i.
186 2487 279 2520 Qibur
295 2487 406 2513 cavernis
422 2489 503 2513 maria
514 2485 656 2521 sustineat]
678 2488 719 2513 Ita
737 2495 846 2522 quoque
867 2496 927 2513 cum
940 2486 1063 2514 Vistorio

103 2521 232 2550 Lambin.
248 2522 316 2549 Pall.
328 2523 408 2558 prim.
419 2523 507 2558 quint.
517 2522 597 2550 Fabr.
607 2521 734 2550 secundus
747 2524 810 2550 vero
822 2542 831 2556 ‚
843 2530 932 2559 quart.
944 2522 1064 2551 Vatican-

97 2557 245 2592 Jicstineant,
257 2559 352 2593 vulgo,
372 2560 531 2591 ustineantur.

139 2601 170 2619 2.
189 2596 278 2626 Exgffit
294 2597 337 2620 illa
353 2593 370 2620 ὰ
379 2597 423 2620 Deo
431 2595 525 2627 Delphis
529 2602 646 2628 precepta
655 2595 776 2629 cognitio]
799 2595 884 2622 Palat.
897 2601 962 2622 tert.
973 2602 1063 2631 quart.

77 2646 79 2648 v
103 2627 133 2656 8<
145 2629 224 2656 Fabr.
234 2632 274 2656 illa
284 2631 310 2656 de
318 2631 530 2664 Delphiapraecepta
540 2641 546 2656 .’
556 2631 620 2657 mihi
630 2634 660 2659 τὸ
670 2631 686 2657 ὰ
696 2634 740 2658 Deo
750 2640 798 2668 pro
807 2631 890 2668 glossa
899 2631 986 2668 liquet
997 2643 1004 2660 ι
1024 2632 1066 2658 vcl

108 2665 221 2693 omnino
231 2666 374 2702 legendum
386 2668 426 2692 illa
432 2673 547 2700 praecepta
557 2669 662 2700 cognitio.

104 2708 107 2709 ’
139 2709 153 2737 3
161 2722 168 2728 .
188 2704 219 2728 Ut
230 2704 283 2736 ipsa
286 2703 313 2736 se
330 2712 394 2728 menx
404 2703 538 2737 agnoscam]
556 2702 692 2730 Debcatui·
703 2704 756 2730 liaec
766 2712 872 2740 quoque
881 2703 964 2731 lectio
974 2704 1006 2730 P.
1019 2703 1065 2730 Vi-

100 2735 192 2766 &orio
203 2749 210 2765 :
232 2748 311 2774 quani
329 2737 509 2765 indubitatam
529 2737 706 2767 reddiderunt
724 2740 794 2766 Pali.
814 2748 929 2775 quatuor
947 2740 1062 2776 priores,

101 2773 182 2801 Fabi.
194 2774 304 2802 Gembl.
313 2775 428 2803 Martiii.
438 2775 561 2803 Vatican.
573 2775 655 2812 vulgo
668 2786 674 2803 :
696 2783 723 2802 ut
731 2776 806 2810 ipftfi:
815 2785 880 2802 mens
889 2777 958 2804 vitiis
967 2783 1064 2803 exutam

102 2817 169 2836 cossno
181 2818 230 2837 Cal-

125 2811 187 2879 ⁶4!
185 2847 293 2873 Studium
308 2847 414 2874 incendit
429 2849 494 2874 illim·
510 2848 651 2875 aternitatis
668 2848 821 2883 imitandas]
844 2848 973 2885 Qinque
992 2847 1063 2876 Pall.

102 2881 183 2908 Fabr.
193 2883 316 2909 imitandi.
452 2880 458 2888 ·

141 2927 168 2951 5.
187 2920 242 2952 Qae
258 2918 360 2954 degenda
371 2919 448 2946 «κατίο-
465 2922 527 2946 ratio
544 2919 687 2954 diligenda.]
709 2919 823 2947 Palatia.
834 2918 884 2946 sec.
895 2926 960 2946 tert.
972 2927 1062 2956 quart.

101 2953 191 2990 quint.
202 2954 280 2982 Fabr.
291 2955 401 2983 Geinbl.
413 2957 498 2983 Mai-t.
508 2956 592 2991 vulgo
602 2956 729 2989 diligenda.

103 3006 107 3010 ·
138 2990 167 3016 6.
186 2991 255 3024 Qotl
270 2991 315 3016 hac
331 2992 488 3025 disputatione
496 2992 614 3026 agimus.]
635 2994 707 3019 Beue
727 2992 792 3018 hane
811 2991 956 3019 leetionem
975 2992 1063 3020 asserit

100 3026 227 3052 Scliottus
240 3025 383 3054 Nodoruin
394 3027 443 3054 lib.
454 3037 483 3055 2.
493 3038 550 3064 cap.
562 3037 609 3054 20.
625 3028 761 3064 refertque
770 3027 802 3055 ad
813 3028 946 3055 {acroi-uni
958 3027 1061 3055 foi-iiiu-

98 3061 151 3088 lam
164 3063 179 3088 a
191 3061 321 3089 pontifice
330 3055 396 3089 olir³n
407 3065 573 3100 praenuntiari
584 3063 687 3091 solitarii
697 3067 737 3091 hoc
746 3074 786 3098 age
798 3076 805 3090 τ
821 3074 850 3091 ea
862 3074 967 3100 quoqne
978 3065 1062 3092 exstat

97 3096 125 3126 in
137 3098 205 3125 edit.
215 3097 287 3125 Vi&
298 3098 367 3130 Pali.
377 3098 429 3125 sec.
439 3106 504 3127 tei-t.
513 3107 602 3136 quart.
613 3100 692 3132 Fabiu
705 3100 785 3136 vulgo
799 3112 805 3128 :
823 3103 953 3135 agitamur.

122 3142 162 3169 ,7.
181 3139 239 3161 Tam
248 3135 372 3169 variisque
381 3137 543 3171 virtutibm.]
554 3136 673 3171 »Victorii
683 3136 768 3164 editio
779 3137 865 3164 Palat.
879 3136 983 3164 secund.
994 3143 1058 3164 tei-t.

95 3178 187 3207 quart.
197 3171 286 3208 quint.
296 3180 337 3208 pr.
348 3178 470 3207 tamquam
480 3172 561 3200 ‘variis
569 3175 661 3202 virtut.
681 3173 784 3212 vulgo:
804 3181 838 3201 m
846 3180 940 3210 tamque
949 3174 1040 3202 ‘variih

1144 2487 1171 2515 8.
1191 2491 1236 2514 cm·
1255 2491 1290 2514 rei
1299 2491 1390 2522 referta
1408 2496 1440 2514 rot
1458 2489 1578 2522 tantcfiyue
1589 2487 1712 2522 gandlis]
1735 2489 1776 2514 Ira
1795 2487 1876 2514 malui
1896 2496 1956 2513 cum
1968 2486 2068 2514 Victo-

1107 2523 1148 2550 rio
1160 2543 1168 2556 ‚
1188 2525 1307 2560 quinque
1325 2525 1440 2552 Palatin.
1463 2524 1571 2561 ipsoque
1589 2523 1714 2550 Lambin.
1733 2523 1876 2551 Vaticanus
1898 2530 2008 2554 tamen5
2030 2523 2071 2549 cuc*

1106 2562 1239 2594 reinserta
1254 2562 1337 2592 <ly-tut.
1353 2562 1422 2588 Pali.
1433 2568 1498 2588 tei-t.
1519 2561 1607 2597 quint.
1618 2560 1717 2587 iterum
1727 2561 1838 2593 refirffae.
1858 2559 1960 2596 vulgo:
1982 2562 2022 2586 cui
2030 2561 2068 2586 rei

1109 2606 1134 2622 ΥΕ
1145 2604 1208 2623 erl!-

1129 2598 1170 2668 f9.
1190 2634 1239 2659 Nec
1257 2634 1314 2659 verb
1332 2635 1374 2659 illa
1386 2635 1433 2666 fibi
1449 2633 1552 2658 remedia
1569 2631 1742 2666 comparavit]
1763 2632 1806 2659 Ita
1824 2630 1930 2659 Victor.
1948 2631 2072 2669 quinque

1107 2669 1176 2695 Pali.
1188 2669 1266 2695 Fabr.
1279 2670 1374 2705 vulgo,
1385 2673 1435 2695 Hac
1445 2670 1500 2695 verb
1510 2671 1562 2695 iila.

1144 2713 1187 2731 ιο.
1206 2706 1289 2738 ΛΙοζΓιι
1306 2706 1404 2740 denique
1421 2712 1448 2731 ut
1467 2705 1695 2739 exanimas-eman]
1718 2704 1761 2731 Sic
1779 2703 1885 2731 Viffor.
1903 2703 1988 2732 editi0
2006 2713 2069 2738 cum

1106 2741 1179 2777 vulg.
1200 2741 1278 2777 plene
1297 2741 1457 2778 conspirans.
1475 2740 1519 2768 sed
1536 2741 1565 2768 iii
1584 2741 1708 2768 omnibus
1721 2739 1778 2767 niis.
1793 2740 1829 2768 est
1843 2760 1852 2774 ,
1870 2740 1922 2767 cim
1938 2744 2071 2768 examina-

1105 2785 1199 2803 rentur.
1912 2802 1916 2807 .

1142 2822 1151 2839 1
1162 2823 1185 2839 i.
1205 2814 1307 2848 Cumque
1316 2814 1479 2849 adflammam
1490 2813 1728 2848 seaeppli'cmerinr.]
1749 2812 2021 2842 Victoriileffionem
2032 2819 2065 2841 ut

1103 2849 1335 2876 Palatin.secuiidi
1348 2869 1356 2881 ‚
1375 2850 1483 2885 quarti,
1504 2850 1591 2886 quinti
1605 2869 1612 2881 ,
1632 2849 1780 2885 expressum
1801 2849 1957 2886 &Gi-yphii
1975 2848 2065 2877 liber:

1101 2885 1221 2921 aliusque
1232 2894 1289 2912 vet.
1300 2886 1360 2912 cod.
1378 2895 1407 2912 ac
1417 2886 1538 2912 Vaticaii.
1557 2888 1756 2918 applicaverunt.-
1776 2885 1857 2921 vulgo
1871 2904 1880 2919 ‚
1897 2884 1931 2913 ad
1941 2895 2066 2915 normam

1103 2921 1290 2948 Diobolai-ium
1300 2922 1574 2948 Graininaticuloruiii
1581 2941 1588 2953 ,
1599 2924 1767 2955 appli'cuerint.

1142 2967 1151 2984 1
1158 2967 1185 2984 2.
1204 2958 1262 2984 cam
1272 2960 1308 2984 ef?
1315 2958 1419 2991 cujusvis
1429 2967 1511 2984 earum
1521 2961 1564 2984 vir
1572 2959 1705 2993 mortuus]
1722 2957 1821 2994 Reperi
1831 2957 1899 2985 istud
1910 2958 1936 2984 iii
1948 2958 2034 2985 Palati
2038 2968 2065 2985 ii.

1105 2993 1155 3020 sec.
1166 3001 1255 3030 quai-t.
1266 2995 1335 3020 Item
1348 2993 1451 3020 Vi&or.
1462 2993 1527 3021 edit.
1548 2993 1688 3022 inclinant.
1699 2994 1784 3021 Palat.
1795 3001 1859 3022 tert.
1879 2994 1967 3031 quint.
1978 2995 2067 3022 Vatic-

1103 3031 1154 3056 ciim
1164 3032 1200 3056 cs?
1207 3031 1274 3063 cujus
1282 3039 1375 3056 earum.
1386 3044 1390 3050 ·

1141 3075 1184 3101 13.
1194 3068 1307 3100 Maloque
1315 3074 1375 3092 more
1384 3066 1533 3101 deliniwm]
1553 3067 1581 3092 N
1585 3066 1632 3093 ili'il
1644 3066 1794 3094 novandum
1805 3066 1941 3100 existimo,
1952 3064 1994 3094 sed
2006 3074 2068 3094 tan-

1103 3102 1163 3128 tum
1177 3101 1357 3128 diversitatem
1367 3101 1630 3129 animadvertendam
1642 3114 1648 3130 :
1672 3102 1787 3130 Palatin.
1806 3103 1937 3130 secundus
1951 3104 2068 3129 delen-rum

1101 3140 1245 3164 molivinms.
1255 3145 1321 3165 tei-t.
1331 3138 1449 3166 domum
1461 3149 1469 3165 .·
1484 3148 1563 3175 quam
1574 3139 1602 3167 in
1619 3149 1667 3168 ora
1677 3138 1756 3169 habet
1775 3149 1881 3177 quoque
1892 3139 1999 3177 Gryph.
2021 3137 2068 3165 sed.

1100 3174 1214 3204 interius
1225 3174 1347 3203 donorum.

1451 3209 1622 3242 Aaaaaaa
1978 3212 2067 3238 mmm
