2360 3400
450 115 812 161 χΑοΑιΜΞΜ.
873 112 1475 179 QAESTIONUM‚
1534 119 1685 166 L1B.
1733 123 1814 168 ΙΙ.

2023 138 2120 185 977

157 195 345 243 firmiorum.
367 196 457 239 idque
471 206 508 228 eo
522 195 583 226 fuit
597 187 768 226 mirabilius
777 216 786 229 ‚
804 194 885 237 quod
896 195 932 227 ab
943 205 980 226 eo
993 195 1057 225 laus
1066 196 1124 225 im-
1148 226 1150 244 ί
1165 195 1282 226 ίεῐῦἰοηε
1291 197 1425 229 librorum
1435 219 1443 234 ,
1455 198 1609 241 dequibus
1619 202 1766 234 audiebat.
1789 205 1834 234 Ac
1843 203 2136 238 vereorinterdum,

160 242 302 284 paratoria
324 244 333 261 ¹
347 250 409 270 non
428 238 596 270 admodum
616 237 836 278 exspeaabatur
848 256 856 270 ‚
877 240 930 278 qui
948 238 1121 268 adolescen-

162 286 236 315 tiam
247 285 280 313 in
290 280 401 312 forensi
413 290 502 321 opera
513 300 521 314 ,
540 278 692 321 quaesturae
706 280 884 310 diuturnum
896 289 1015 319 tempus
1025 299 1034 312 ‚
1048 281 1122 309 Mu-

161 335 240 356 raena
257 323 372 355 bellum
388 325 420 354 in
431 325 529 354 Ponto
542 331 663 364 gerente
678 342 687 356 ,
707 324 762 352 ²in
773 321 848 352 Asiae
860 330 930 361 pace
946 321 1121 355 consumse-

157 375 215 402 rat.
236 365 293 396 Sed
311 365 497 396 incredibilis
519 363 654 406 quaedam
668 366 786 405 ingenii
799 362 975 403 magnitudo
989 372 1052 392 non
1068 362 1115 392 de-

161 406 298 446 sideravit
317 407 484 437 indocilem
506 407 574 437 usus
593 406 795 445 disciplinam.
818 407 919 445 ltaque
932 402 1004 434 cum
1018 412 1118 434 totum

159 450 216 480 iter
231 449 264 480 δε
281 450 505 490 navigationem
523 446 729 478 consumsisset
736 448 842 486 partim
854 456 886 475 in
896 444 1120 486 pereundiando

162 490 180 521 ὲ
198 492 321 531 peritis,
344 493 451 531 partim
464 492 496 521 in
507 490 594 520 rebus
602 488 851 530 gestislegendis‚
877 490 908 517 in
918 486 1119 517 Asiamfaetus

158 533 322 572 imperator
341 534 445 566 venit,
467 542 537 562 cum
558 530 629 561 effer
647 533 749 561 Roma
759 528 911 569 profectus
925 531 966 559 rei
978 529 1117 559 militaris

157 575 253 604 rudis.
278 575 393 606 Habuit
409 577 494 605 enim
505 573 642 604 divinam
651 572 799 613 quandam
811 573 992 602 memoriam
1003 581 1114 604 rerum,

155 616 322 647 verborum
342 617 487 655 majorem
509 614 696 646 Hortensius.
718 614 774 644 Sed
790 623 851 654 quo
867 613 932 655 plus
951 613 981 641 in
1003 614 1117 653 negotiis
1139 630 1140 635 ,

151 659 274 699 gerendis
292 670 350 692 res,
370 658 459 700 quam
478 669 511 687 ve
521 657 694 698 rbaprosunt
707 676 714 690 ,
739 660 751 684 3
767 656 896 685 hocerat
910 655 1118 685 memoriailla
1138 690 1140 700 .

156 700 344 740 praestantior
367 712 371 730 :
391 710 480 742 quam
501 697 589 729 fuiss‘e
606 708 639 728 in
658 697 865 729 Themistocle
884 716 893 730 ,
914 706 1006 738 quem
1027 695 1116 726 facile

158 744 283 773 Graeciae
293 744 458 783 principem
471 750 615 782 ponimus
625 760 635 774 ,
649 739 827 780 singularem
840 738 952 768 ferunt.
976 740 1035 779 Qi
1047 739 1115 779 qui-

154 783 226 813 dem
250 787 340 815 etiarn
361 785 518 825 pollicenti
536 782 657 812 cuidam
668 782 696 811 se
707 790 800 811 artem
813 782 1009 810 eimemoriae
1022 799 1031 812 ,
1048 789 1114 820 quae

155 834 222 856 tum
241 826 376 866 primum
387 825 590 865 proferebatur
601 843 609 857 ,
630 823 806 853 traditurum
819 842 828 855 ‚
846 820 1028 861 respondisse
1039 821 1115 851 dici-

155 875 205 897 tur
218 888 227 902 ‚
238 872 256 894 4
265 867 394 907 oblivisci
406 868 437 906 sie
447 867 530 894 malle
538 865 637 904 disi-ere
650 875 662 890 .·
680 863 770 894 credo
784 883 792 896 ‚
817 862 899 903 quod
920 862 1070 893 haerebant
1080 864 1114 892 in

156 912 305 939 memoria
322 918 506 950 quaecunque
533 906 664 936 audierat
682 905 731 935 vel
749 904 871 934 viderat.
895 905 964 934 Tali
986 906 1110 944 ingenio

153 951 294 991 praeditus
309 949 455 980 Lucullus
463 948 639 984 adjunxerat
648 948 738 976 etiam
750 946 834 976 illam
846 966 855 979 ‚
876 955 967 986 quam
980 947 1113 976 Themi—

155 991 263 1023 stocles
272 993 434 1031 spreverat,
454 989 656 1029 disciplinam.
680 991 784 1028 Itaque
809 996 842 1018 ut
858 988 950 1017 literis
959 987 1114 1028 configna-

155 1044 224 1064 mus
234 1054 244 1068 ,
254 1043 319 1073 quae
329 1034 541 1063 monumentis
550 1030 686 1060 mandare
696 1033 838 1060 volumus
851 1040 856 1059 2
868 1028 905 1060 sic
915 1030 967 1059 ille
978 1031 1008 1060 in
1017 1041 1112 1059 ammo

152 1085 196 1105 res
222 1076 374 1116 insculptas
404 1072 533 1103 habebat.
565 1075 680 1103 Tantus
701 1082 771 1112 ergo
790 1074 832 1101 im
838 1080 953 1111 perator
973 1074 1006 1102 in
1024 1074 1111 1102 omni

151 1126 260 1159 genere
271 1116 344 1147 belli
353 1116 409 1147 fuit
424 1136 432 1149 ‚
444 1116 565 1156 praeliiS,
576 1113 861 1154 oppugnationibus,
872 1114 1026 1144 navalibus
1036 1124 1111 1154 pug—

154 1161 222 1192 nis,
242 1159 393 1200 totiiiffiue
407 1159 478 1189 belli
492 1156 700 1186 instrumentis
711 1175 719 1189 ‚
740 1155 918 1195 &apparatu
929 1175 937 1189 ,
950 1164 982 1185 ut
992 1156 1043 1185 ille
1058 1165 1110 1185 rex

151 1200 220 1242 post
250 1201 455 1232 Alexandrum
476 1201 632 1229 maximus
650 1199 731 1227 hunc
749 1198 765 1227 a
783 1198 812 1228 se
838 1198 985 1235 majorem
1000 1198 1110 1236 ducem

152 1244 312 1284 cognitum
326 1264 334 1277 ‚
348 1242 439 1284 quam
447 1250 632 1282 quemquam
643 1249 749 1269 eorum
762 1259 771 1272 ‚
784 1243 800 1266 5
809 1248 884 1280 quos
895 1237 1027 1280 legisset,
1037 1239 1111 1270 fate-

154 1294 248 1315 retur.
281 1287 317 1314 In
344 1283 452 1314 eodem
485 1291 562 1312 tanta
578 1281 734 1322 prudentia
751 1279 810 1311 fuit
827 1291 858 1311 in
878 1280 1108 1315 constituendis,

154 1326 392 1368 temperandisque
402 1322 583 1357 civitatibus,
595 1333 673 1354 tanta
682 1325 815 1363 aequitas,
826 1332 859 1353 ut
872 1323 962 1353 hodie
977 1322 1032 1353 stet
1045 1322 1110 1354 Asia

154 1368 276 1398 Luculli
289 1368 433 1398 institutis
442 1366 604 1399 servandis,
615 1366 648 1395 ὃς
657 1363 736 1405 quali
748 1364 879 1404 vestigiis
888 1365 1110 1406 persequendis.

155 1409 213 1441 Sed
226 1430 234 1443 ,
257 1408 308 1439 etsi
323 1418 506 1450 magnacum
523 1407 650 1437 utilitate
658 1406 829 1445 reipublicae
840 1427 848 1440 ,
870 1414 971 1436 tamen
981 1407 1108 1440 diutius,

154 1452 245 1492 quam
256 1452 364 1480 vellem
376 1470 384 1483 ,
396 1459 476 1480 tanta
485 1451 531 1479 vis
541 1450 659 1478 virtutis
670 1467 678 1480 ,
689 1457 777 1486 atque
786 1448 915 1488 ingenii,
929 1451 1109 1488 peregrinata

154 1492 252 1524 abfuit
261 1493 297 1522 ab
307 1492 403 1521 oculis
414 1492 446 1522 ὃς
458 1490 537 1524 fori,
551 1490 584 1519 &
594 1491 692 1519 curiae-
716 1492 799 1530 Qun
812 1491 913 1522 etiam,
926 1488 997 1518 curn
1011 1490 1108 1520 viclor

151 1535 170 1566 ὲ
196 1534 402 1564 Mithridatico
427 1532 508 1563 bello
537 1529 702 1562 revertiss'et
719 1550 728 1565 ,
758 1531 938 1560 mimicorum
965 1532 1108 1560 calumnia

142 1577 286 1607 >triennio
296 1575 428 1609 tardius,
448 1574 538 1615 quam
547 1574 689 1604 debuerat
699 1593 707 1607 ,
727 1574 933 1612 triumphavit.
954 1583 1010 1603 nos
1021 1576 1104 1603 enim

151 1618 292 1648 consules
313 1617 542 1647 introduximus
562 1614 647 1656 paene
664 1617 697 1644 in
708 1614 813 1645 urbem
823 1624 944 1645 currum
955 1615 1105 1646 clariffimi

147 1661 206 1690 viri
221 1670 231 1689 ·.
251 1659 336 1700 cujus
359 1660 437 1689 mihi
458 1657 617 1689 consilium
631 1678 639 1691 ,
662 1657 696 1686 &
713 1655 874 1687 auctoritas
890 1656 964 1698 quid
985 1667 1050 1688 tum
1071 1660 1104 1688 in

141 1703 296 1731 maximis
307 1700 394 1731 rebus
402 1699 558 1741 profuisset
569 1721 578 1733 ,
593 1700 723 1729 dicerem
736 1719 745 1732 ,
757 1698 811 1728 nifi
821 1699 857 1729 de
867 1710 917 1729 me
926 1700 992 1739 ipso
1001 1700 1104 1731 dicen-

148 1742 224 1773 dum
243 1741 329 1774 esset:
349 1742 431 1783 quod
445 1744 502 1772 hoc
513 1751 647 1782 tempore
657 1751 721 1771 non
735 1740 778 1771 est
787 1739 911 1771 necess‘e.
935 1744 1033 1782 itaque
1041 1745 1103 1783 pri-

149 1785 225 1816 vabo
237 1786 324 1814 illum
334 1784 436 1824 potius
444 1783 535 1813 debito
545 1781 708 1819 testimonio,
718 1782 810 1823 quarn
821 1783 850 1812 id
861 1793 931 1813 cum
942 1793 1009 1814 mea
1018 1784 1103 1815 laude

106 1838 129 1862 2
149 1829 388 1857 communicem.
411 1826 467 1857 Sed
483 1845 492 1859 ,
512 1835 578 1866 quae
597 1825 733 1864 populari
749 1825 845 1865 gloria
854 1825 985 1855 decorari
997 1827 1029 1855 in
1040 1828 1103 1856 Lu-

138 1868 231 1899 ¹cullo
240 1868 410 1898 debuerunt
420 1888 430 1900 ,
453 1878 486 1898 ea
495 1866 556 1897 fere
567 1867 635 1896 sunt
646 1867 678 1896 &
688 1868 799 1896 Graecis
809 1866 914 1896 litteris
926 1887 934 1900 ,
946 1867 979 1897 δε
989 1869 1105 1897 Latinis

145 1910 301 1940 celebrata.
324 1912 392 1940 Nos
401 1918 500 1940 autem
511 1907 587 1939 illa6
597 1917 719 1938 externa
729 1928 737 1942 ,
756 1918 827 1939 cum
837 1908 943 1938 multis
955 1918 960 1937 :
982 1907 1044 1939 haic
1055 1911 1103 1939 in-

146 1954 254 1983 teriora
274 1972 284 1985 ‚
307 1961 376 1982 cum
397 1953 498 1992 paucis
519 1960 557 1980 ex
576 1950 641 1990 ipso
663 1950 736 1990 saepe
756 1953 969 1992 cognovimus.
989 1953 1103 1990 majore

143 1995 228 2023 enim
249 1992 347 2024 studio
369 1993 515 2024 Lucullus
538 1991 610 2023 cum
621 1995 711 2022 omni
721 1992 885 2022 litterarum
896 1994 1016 2033 generi,
1034 2002 1100 2023 tum

140 2036 340 2076 philosophiae
349 2035 466 2066 deditus
477 2034 547 2068 fuit,
557 2034 660 2074 quam,
671 2036 723 2074 qui
733 2034 823 2064 illum
834 2034 1102 2075 ignorabant‚arbi-

142 2077 302 2108 trahantur.
323 2087 378 2107 nec
387 2076 460 2107 vero
471 2078 582 2106 ineunte
591 2074 774 2116 aetarefiilr‘tm,
787 2075 836 2106 sed
848 2077 880 2106 δε
889 2085 944 2116 pro
954 2076 1099 2118 quaestore

141 2119 257 2160 aliquot
268 2128 364 2150 annos
374 2139 382 2152 ‚
405 2119 555 2159 &inipso
566 2118 664 2148 bello:
676 2121 709 2148 in
719 2128 780 2159 quo
789 2119 827 2148 ita
838 2128 945 2159 magna
962 2121 1004 2148 rei
1015 2120 1099 2149 mili-

139 2163 209 2191 taris
226 2159 283 2191 effe
301 2163 458 2201 occupatio
478 2161 569 2193 solet,
597 2169 631 2190 ut
643 2170 705 2190 non
717 2160 850 2190 multum
862 2161 1033 2200 imperatori
1044 2161 1097 2191 sub

138 2202 206 2243 ipfis
216 2203 345 2243 pellibus
356 2205 422 2233 Ori
431 2213 441 2232 1
452 2203 644 2243 relinquatur.
668 2200 746 2232 cum
757 2211 857 2232 autem
871 2201 887 2232 ὲ
895 2203 1100 2242 philosophis,

137 2246 274 2287 ingenio,
285 2245 465 2286 scientiaque
474 2253 624 2284 putaretur
634 2244 956 2278 Antiochus‚Philonis
964 2244 1094 2279 auditor,

137 2287 283 2317 excellere
294 2307 303 2321 ,
323 2297 394 2316 eum
414 2287 514 2317 secum
537 2286 569 2316 δι
578 2285 706 2326 quaestor
715 2286 820 2316 habuit
829 2305 838 2320 ‚
860 2286 893 2316 &
902 2285 969 2327 post
980 2287 1094 2327 aliquot

136 2338 232 2359 annos
243 2349 251 2363 ‚
272 2331 442 2369 imperator.
459 2338 591 2370 cumque
611 2326 723 2358 ess’etea
734 2330 901 2363 memoria,
921 2338 1011 2369 quarn
1024 2329 1091 2359 ante

136 2370 223 2404 dixi,
245 2381 277 2401 ea
297 2371 372 2410 saepe
391 2370 542 2400 audiendo
564 2369 652 2400 facile
674 2374 840 2411 cognovit,
862 2380 927 2410 quae
939 2370 987 2400 vel
998 2371 1090 2401 semel

132 2411 234 2443 audita
249 2411 422 2443 meminisse
439 2411 589 2453 potuiflet-
613 2410 825 2443 Delectabatur
841 2421 942 2443 autem
961 2411 1093 2444 mirifice

170 2547 194 2565 1.
213 2543 274 2574 ‘eston
291 2538 413 2564 admodum
429 2539 637 2574 exspet‘labatur]
658 2539 685 2566 si
696 2539 815 2566 standum
827 2540 897 2567 Pall.
916 2540 981 2567 item
993 2551 1087 2568 exem-

130 2574 199 2610 plari
209 2576 236 2600 S.
249 2573 404 2600 Viffloriano
417 2593 425 2605 ‚
447 2575 519 2607 cujus
532 2576 614 2602 varias
626 2575 755 2603 lectiones
775 2575 845 2602 libro
863 2576 908 2603 suo
917 2576 1018 2605 adlevit
1028 2579 1088 2604 Gu-

130 2611 246 2636 lielmius
257 2610 398 2645 legendum
411 2610 698 2646 pi·orflis‚spec‘7abatur.
717 2613 744 2637 Sc
757 2612 794 2638 ita
806 2612 929 2647 professio
942 2613 1087 2650 loqueban-

129 2653 175 2673 tur
192 2654 294 2673 veteres
315 2647 483 2681 retinentque
494 2646 639 2673 etiamnum
663 2647 724 2673 libri
739 2647 863 2683 pluteaiii
876 2668 884 2681 ,
901 2647 1004 2686 utsaepe
1015 2651 1086 2677 notis

129 2683 196 2711 meis
206 2682 325 2719 prodidi,
336 2682 366 2709 ad
379 2683 447 2709 hunc
460 2681 610 2708 auffiorem.
629 2682 661 2709 ad
673 2684 811 2715 Senecam,
821 2683 854 2709 ad
864 2685 940 2711 alios.

166 2728 195 2745 2.
220 2723 249 2745 In
258 2721 329 2752 eAfiae
342 2719 427 2752 paca]
449 2719 491 2744 Sic
502 2718 558 2744 Pal.
569 2718 620 2745 sec.
630 2728 689 2746 nam
702 2728 742 2755 pr.
752 2723 778 2745 in
787 2721 856 2754 :Asia
863 2728 931 2754 pate.
951 2722 1087 2757 quomodo

128 2753 214 2782 edidit
224 2755 359 2782 ViEtoi-ius
374 2764 382 2785 5
402 2754 539 2790 exstatque
558 2756 623 2781 item
643 2755 668 2782 in
680 2755 796 2791 Gryphii
814 2754 861 2781 ms.
881 2758 896 2783 ii
908 2757 991 2784 Micli.
1003 2760 1088 2785 Bruto

130 2790 249 2818 laudato.
269 2791 431 2817 Gulielmius
443 2809 450 2822 ,
463 2790 534 2826 quod
545 2790 609 2817 esset
619 2790 646 2818 iii
656 2790 760 2818 ViE'tor.
773 2791 933 2819 membranis
947 2812 955 2825 ,
972 2796 998 2819 in
1007 2796 1086 2827 Asiam

127 2832 198 2858 pace,
208 2827 329 2864 cupiebat
339 2829 396 2861 Afia
405 2830 430 2852 in
437 2834 505 2859 pare.

168 2869 181 2896 3
188 2881 194 2888 .
213 2866 258 2888 Hoc
267 2870 319 2889 erat
328 2865 449 2894 memoriA,
458 2862 525 2896 [ἕνα]
546 2862 649 2890 Dubito
658 2861 692 2890 de
702 2862 754 2890 loci
765 2862 931 2899 integi-itate.
956 2865 1012 2892 Pal.
1023 2865 1084 2894 sane

130 2896 180 2924 sec.
191 2896 280 2930 habet,
287 2909 328 2925 nec
337 2906 402 2931 erat,
413 2899 465 2929 (ἕνα.

166 2940 193 2965 4.
214 2935 321 2967 ohliwfii
332 2936 358 2968 se
375 2937 441 2960 malle
458 2934 570 2969 discere]
590 2935 692 2971 Liquet
700 2934 840 2962 sententia.
861 2934 903 2961 sed
924 2945 983 2962 ecce
993 2943 1082 2964 tamen

129 2968 188 2995 Pal.
200 2967 249 2995 sec.
258 2970 304 3003 qui
314 2971 421 3005 oggerit
430 2970 554 3006 amplius,
564 2973 642 3002 malle,
652 2970 726 3006 quam
736 2972 830 3004 discere.

169 3013 195 3038 5.
214 3006 514 3045 Qosssgffltfametur]
536 3007 690 3035 Vic‘iorinus
701 3008 785 3035 codex
804 3007 851 3034 iile
864 3007 1010 3034 Parmensis
1028 3018 1085 3044 quos

128 3041 272 3103 {fgabuqsan
291 3041 358 3068 unde
367 3041 425 3068 fieri
435 3041 513 3069 facilc
521 3051 629 3080 poterat
642 3063 650 3077 ,
659 3046 755 3079 legimus
769 3063 778 3077 ,
788 3045 827 3071 uti
839 3045 866 3071 ὅ(
875 3052 1017 3072 annotarat
1026 3046 1084 3072 Gu-

141 3085 165 3102 ie
179 3085 257 3103 mins.

140 3148 148 3154 .
165 3112 194 3153 6
212 3116 381 3153 Etcum-acum
390 3114 495 3149 multia]
515 3114 558 3144 Sic
566 3115 775 3145 viaoriieditio
786 3136 796 3152 ‚
814 3125 902 3154 neque
919 3116 998 3147 aliter
1007 3116 1086 3146 Paia-

127 3154 190 3177 uiu.
213 3149 328 3185 vulgati,
337 3152 466 3177 exteriora.
621 3164 625 3169 ,

1148 246 1149 262 1
1164 249 1202 285 ne
1214 240 1320 270 talium
1330 243 1523 282 personarum
1537 262 1546 276 ,
1567 242 1638 274 cum
1649 244 1832 285 amplificare
1842 246 1935 276 velim
1951 265 1959 279 ,
1980 247 2123 279 minuam

1147 294 1148 297 =
1163 289 1253 311 etiam
1266 283 1406 322 gloriam.
1428 287 1504 314 Sunt
1512 286 1597 315 enim
1609 287 1710 320 multi,
1725 288 1777 328 qui
1787 290 1919 318 omnino
1931 290 2045 318 Graecas
2056 297 2122 318 non

1161 331 1264 352 ament
1280 325 1393 355 litteras
1412 335 1417 354 :
1439 327 1559 365 plures,
1580 329 1632 367 qui
1651 329 1893 369 philosophiam:
1917 331 2048 370 reliqui,
2067 330 2122 371 qui

1162 364 1275 409 etiamsi
1296 369 1428 396 haecnon
1440 369 1634 407 improbent,
1655 379 1756 400 tamen
1769 381 1870 402 earum
1880 381 1979 401 rerum
1991 371 2123 412 disputa-

1162 413 1278 436 tionem
1292 407 1466 449 principz‘bm
1485 410 1614 439 civitatis
1631 422 1682 440 non
1699 412 1743 441 ita
1759 412 1886 441 decoram
1907 422 2022 452 putent.
2055 416 2121 454 Ego

1162 455 1260 493 autem
1275 467 1283 480 ‚
1304 449 1377 478 cum
1398 451 1631 482 Graecaslitteras
1641 455 1686 482 M.
1697 455 1845 484 Catonem
1858 454 2031 494 insenec'bute
2039 454 2120 485 didi-

1161 487 1230 534 cisie
1249 492 1433 536 acceperim,
1454 495 1484 522 Ρ.
1502 501 1603 523 autem
1620 493 1775 529 Africani,
1802 495 1932 526 historia:
1947 498 2119 537 loquantur,

1161 533 1179 575 7Δ
1189 539 1221 559 in
1230 530 1376 570 legatione
1388 533 1439 562 illa
1448 534 1564 568 nobili,
1576 545 1665 575 quarn
1677 546 1743 567 ante
1753 538 1908 568 censuram
1921 539 2008 571 obiit,
2018 541 2120 568 Panae-

1161 579 1238 600 tium
1259 582 1355 603 unum
1368 577 1500 605 omnino
1514 577 1770 609 comitemfuiffe:
1791 589 1847 609 nec
1858 581 2020 610 litterarum
2036 582 2121 610 Grae-

1159 622 1258 642 carum
1271 633 1280 646 ,
1299 624 1355 644 nec
1375 616 1575 657 philosophiae
1591 619 1655 658 jam
1676 621 1794 651 nullum
1817 620 1970 652 auctorem
1987 624 2119 663 requiro.

1159 654 1272 688 Restat,
1284 665 1315 685 ut
1326 658 1364 685 iis
1373 657 1580 696 respondeam,
1594 664 1646 700 qui
1656 662 1844 693 sermonibus
1855 665 1900 702 eju
1907 663 2004 693 smodi
2016 664 2119 694 nolint

1138 696 1280 743 ipersonasf
1299 704 1361 726 ram
1375 700 1614 744 graveailligari.
1638 703 1725 743 Qasr
1738 704 1809 734 vero
1819 706 1968 735 clarorum
1979 707 2116 735 virorum

1158 747 1207 767 aut
1227 747 1330 768 tacitos
1348 740 1518 780 congreflns
1540 741 1598 773 effe
1616 754 1766 783 oporteat,
1790 747 2117 786 autr'udzcrosss’rmbnei,

1156 788 1206 808 aur
1217 789 1315 810 rerum
1325 782 1477 822 colloquia
1487 783 1649 814 leviorum.
1673 789 1807 820 Etenim,
1820 787 1838 818 si
1849 789 1981 829 quodam
1992 792 2024 818 in
2037 789 2116 818 libro

1156 822 1226 867 veie
1241 820 1283 851 est
1296 822 1311 852 a
1326 823 1414 852 nobis
1425 824 1617 865 philosophia
1628 827 1741 858 laudata
1754 848 1761 860 2
1784 829 1922 868 profecit>
1933 833 1997 869 ejus
2010 830 2115 860 trasla²

1157 872 1201 892 tio
1213 865 1343 903 optimo,
1362 875 1450 905 atque
1460 866 1645 906 ampliffimo
1654 879 1773 910 quoque
1784 871 1953 911 dignissima
1962 872 2004 902 est
2017 897 2021 901 .
2034 869 2048 890 ⁸
2058 882 2113 902 nec

1156 905 1322 946 quidquam
1334 907 1414 937 aliud
1424 908 1590 938 videndum
1602 909 1644 940 est
1654 912 1743 940 nobis
1753 932 1761 944 ,
1781 922 1857 952 quos
1867 915 1994 952 populus
2004 916 2042 943 R.
2056 915 2115 944 hoc

1156 948 1187 992 in
1197 948 1287 988 gradu
1298 949 1475 983 collocavit,
1499 949 1554 980 nisi
1565 962 1595 980 ne
1605 952 1678 993 quid
1691 954 1814 992 privaris
1826 953 1924 989 fluam
1934 957 1964 984 de
1974 964 2050 996 opera
2058 965 2113 996 pu-

1155 987 1228 1017 blica
1243 991 1434 1020 detrahamus.
1457 992 1548 1033 Qod
1562 992 1582 1022 fi
1595 1013 1601 1026 ‚
1618 994 1689 1023 cuni
1703 995 1788 1036 fungi
1799 1006 1924 1026 munere
1935 997 2110 1030 debeamus.

1156 1041 1220 1061 non
1242 1032 1342 1062 modo
1353 1042 1471 1073 operam
1483 1034 1614 1065 nostram
1628 1046 1795 1077 numquam
1806 1038 1821 1067 a
1831 1039 1967 1078 populari
1977 1048 2056 1068 coetu
2068 1050 2116 1068 re-

1156 1083 1337 1108 movemus,
1354 1075 1403 1106 sed
1412 1076 1586 1107 nelitteiani
1597 1079 1720 1118 quidem
1733 1080 1824 1108 uilam
1839 1078 1967 1110 facimus
1981 1101 1989 1113 ,
2001 1079 2055 1110 nisi
2066 1080 2113 1111 fo-

1155 1115 1289 1146 iensem:
1313 1119 1381 1156 quis
1400 1119 1595 1156 reprehendet
1614 1119 1751 1150 nostrum
1764 1124 1944 1162 otium:qui
1956 1124 1988 1152 in
1999 1132 2110 1153 eonon

1154 1157 1249 1188 modo
1268 1159 1469 1199 nosmetipsos
1487 1160 1660 1196 hebescere,
1681 1162 1714 1192 &
1732 1164 1872 1204 languere
1882 1164 2043 1198 nolumus,
2063 1165 2114 1195 sed

1151 1202 1242 1230 etiam
1263 1209 1296 1230 ut
1313 1201 1452 1240 plurimis
1470 1201 1637 1241 prosimu5‚
1658 1206 1827 1235 enitimur?
1845 1216 2006 1236 ononrAM
2024 1206 2112 1236 vano

1154 1251 1217 1271 non
1228 1241 1323 1272 modo
1337 1253 1400 1273 non
1410 1246 1522 1277 minui,
1536 1245 1582 1274 sed
1593 1247 1682 1275 etiam
1693 1249 1792 1288 augeri
1805 1247 1980 1278 arbitramur
1990 1258 2112 1283 eorum,

1150 1293 1282 1324 quorum
1293 1284 1328 1314 ad
1337 1286 1506 1325 popular-eis
1521 1306 1529 1319 ‚
1542 1287 1740 1329 illustreisque
1752 1289 1855 1319 laudes
1867 1310 1876 1323 ,
1889 1291 1938 1320 has
1947 1292 2038 1320 etiam
2049 1292 2113 1320 mi-

1149 1325 1208 1355 nus
1216 1336 1301 1356 notas
1311 1346 1319 1360 ,
1333 1327 1492 1368 minusque
1500 1330 1682 1371 pervulgatas
1694 1330 1897 1372 adjungimus.
1921 1333 2108 1366 Suntetiam‚

1149 1369 1201 1408 qui
1223 1377 1352 1409 negent,
1375 1371 1409 1398 in
1428 1372 1466 1399 iis
1479 1390 1487 1403 ,
1504 1371 1557 1411 qui
1578 1373 1609 1400 in
1621 1371 1728 1402 nostris
1738 1373 1822 1402 libris
1832 1373 2001 1414 disputent,
2021 1372 2109 1403 fuiffe

1151 1419 1252 1439 earum
1262 1420 1361 1440 rerum
1374 1431 1383 1444 ,
1395 1411 1432 1441 de
1445 1412 1555 1451 quibus
1564 1412 1726 1453 disputatur
1735 1434 1745 1448 ,
1769 1415 1934 1445 scientiam.
1958 1416 2018 1454 Qui
2030 1417 2116 1446 mihi.

1151 1451 1292 1481 videntur
1309 1462 1375 1482 non
1398 1452 1498 1482 solum
1521 1455 1602 1483 vivis
1618 1475 1627 1487 ‚
1649 1456 1698 1485 sed
1723 1457 1814 1486 etiam
1834 1458 1949 1486 mortuis
1967 1457 2100 1486 invidere.

1153 1491 1254 1523 Restat
1271 1503 1367 1523 unum
1390 1504 1484 1565 {enus
1500 1497 1749 1534 reprehensorum
1769 1517 1778 1531 ,
1805 1499 1915 1538 quibus
1937 1498 2107 1529 Academi-³:
2126 1498 2142 1530 3

1152 1536 1227 1564 ratio
1246 1544 1311 1564 non
1336 1545 1389 1574 pro
1413 1544 1487 1566 etur.
1511 1538 1599 1573 Quod
1610 1538 1729 1578 gravius
1739 1538 1884 1569 ferremus
1897 1559 1905 1572 ,
1925 1538 2109 1580 siquifiyuam

1152 1576 1240 1605 ullam
1251 1576 1428 1618 disciplinam
1434 1578 1606 1619 philosophia
1611 1578 1743 1620 probarer
1754 1600 1762 1614 ,
1768 1588 1864 1621 prater
1873 1590 1944 1614 eam,
1955 1591 2043 1621 quam
2055 1581 2110 1621 ipfiz

1146 1619 1318 1659 sequeretur.
1343 1620 1410 1648 Nos
1427 1628 1526 1649 autem
1545 1623 1692 1660 quoniam
1711 1626 1727 1649 9
1747 1631 1850 1652 contra
1866 1632 1988 1652 omneis
1997 1622 2110 1656 dicere,

1151 1662 1204 1701 qui
1215 1660 1288 1690 scire
1299 1658 1352 1690 fibi
1365 1660 1516 1696 videntur,
1527 1662 1665 1692 solemus
1679 1683 1688 1696 ,
1702 1674 1766 1694 non
1776 1662 1932 1704 poss‘umus
1945 1684 1953 1698 ,
1972 1666 2046 1705 quin
2058 1665 2111 1695 alii

1150 1703 1166 1733 a
1175 1702 1266 1732 nobis
1275 1701 1458 1736 dissentiant,
1468 1704 1609 1734 recusare.
1633 1707 1825 1747 Qamquam
1839 1709 1868 1725 ¹0
1877 1705 1974 1736 nostra
1984 1706 2109 1746 quidem

1151 1745 1235 1775 causa
1249 1743 1347 1774 facilis
1356 1744 1399 1775 est
1409 1764 1417 1778 ‚
1441 1756 1493 1786 qui
1503 1755 1610 1777 verum
1621 1748 1759 1778 invenire
1770 1747 1830 1778 fine
1842 1748 1901 1778 ulla
1908 1749 2110 1779 contentione

1150 1786 1295 1816 volumus
1307 1786 1413 1827 :idque
1424 1788 1543 1817 summa
1555 1798 1622 1818 cura
1633 1788 1792 1830 studioque
1800 1791 2022 1830 conquirimus.
2047 1789 2110 1820 Etsi

1151 1829 1237 1858 enim
1266 1830 1373 1858 omnis
1405 1829 1528 1868 cognitio
1547 1830 1643 1859 multia
1660 1830 1704 1860 eff
1723 1830 1860 1867 obstrusta
1876 1830 2105 1870 difficultatibus,

1150 1879 1242 1909 eaque
1251 1868 1294 1899 est
1304 1889 1312 1903 ,
1326 1869 1358 1900 &
1370 1870 1404 1899 in
1414 1869 1484 1910 ipsis
1494 1871 1581 1900 rebus
1591 1872 1764 1906 obscuritas,
1777 1874 1808 1902 ὃ(
1820 1875 1852 1903 in
1861 1874 1986 1913 judiciis
1993 1872 2105 1904 nostris

1150 1910 1310 1940 infirmitas
1320 1931 1327 1944 ,
1348 1920 1380 1940 ut
1393 1921 1457 1941 non
1467 1910 1527 1942 sine
1535 1913 1618 1943 causa
1629 1913 1662 1943 δε
1673 1913 1850 1947 ἀοὲὶὶίϊιπιὶ,
1863 1915 1896 1945 &
1905 1914 2106 1955 antiquiffimi

1150 1953 1287 1983 invenire
1304 1952 1333 1982 se
1351 1951 1434 1993 poss‘e
1445 1973 1453 1987 ,
1472 1954 1553 1994 quod
1564 1965 1722 1995 cuperent,
1743 1955 1830 1986 diffisi
1841 1955 1914 1986 sint:
1935 1966 2036 1986 tamen
2046 1967 2104 1987 nec

1144 1994 1191 2024 illi
1208 1993 1401 2029 defecerunt3
1421 2005 1519 2036 neque
1537 2005 1593 2026 nos
1613 1996 1746 2027 studium
1763 1998 1944 2038 exquirendi
1954 1997 2105 2039 defatigati

1145 2037 1353 2077 relinquemus
1364 2055 1372 2070 ,
1393 2047 1491 2078 neque
1501 2037 1609 2068 nostra:
1619 2038 1834 2079 disputationes
1844 2040 2007 2081 quidquam
2019 2041 2103 2071 aliud

1142 2087 1244 2119 agunt,
1262 2076 1317 2108 nifi
1330 2080 1406 2109 utin
1419 2088 1692 2120 utramquepartem
1707 2085 1732 2100 ¹¹
1744 2081 1886 2116 dicendo,
1897 2082 1930 2112 δε
1939 2082 2103 2117 audiendo,

1142 2122 1273 2157 eliciant,
1286 2120 1319 2150 &
1328 2129 1468 2161 tanquam
1477 2123 1649 2161 exprimant
1657 2123 1781 2163 aliquid,
1793 2124 1874 2165 quod
1884 2133 1932 2154 aut
1941 2133 2047 2154 verum
2058 2122 2103 2158 sit,

1143 2171 1192 2192 aut
1204 2161 1239 2192 ad
1250 2162 1281 2191 id
1290 2162 1381 2203 quam
1392 2165 1534 2202 proxime
1545 2164 1671 2194 accedat.
1695 2167 1803 2206 Neque
1813 2168 1890 2196 inter
1900 2176 1957 2196 nos
1967 2186 1975 2199 ‚
1990 2166 2022 2196 δε
2033 2175 2097 2200 eos.

1140 2205 1193 2244 qui
1214 2204 1243 2233 se
1263 2204 1333 2234 scire
1344 2205 1539 2239 arbitrantur,
1562 2206 1725 2246 quidquam
1737 2207 1859 2238 interest
1869 2227 1878 2240 ‚
1896 2205 1952 2238 nisi
1962 2208 2043 2248 quod
2054 2209 2101 2239 illi

1140 2255 1205 2275 non
1216 2245 1371 2279 dubitant,
1396 2249 1472 2287 quin
1487 2257 1596 2277 cavera
1611 2247 1676 2281 sint,
1688 2258 1753 2289 quae
1767 2249 1951 2280 defendunt:
1972 2257 2100 2290 nospro-

1141 2286 1248 2317 habilia
1259 2289 1354 2317 multa
1364 2288 1496 2318 habemus
1505 2309 1514 2323 ,
1527 2299 1585 2331 que
1591 2290 1674 2331 sequi
1680 2291 1770 2330 facile
1780 2312 1788 2325 ‚
1796 2292 1936 2331 affirmare
1945 2290 2097 2332 wxpoffic-

1138 2339 1211 2358 mm.
1243 2332 1312 2360 Hoc
1333 2339 1434 2360 autem
1453 2331 1608 2361 liberiores
1619 2351 1628 2365 ,
1649 2332 1682 2362 &
1705 2333 1862 2364 solutiores
1871 2334 1935 2363 sum
1942 2342 1973 2362 us
1985 2353 1993 2366 ,
2012 2333 2097 2373 quod

1140 2373 1254 2412 integra
1271 2372 1361 2402 nobis
1371 2372 1415 2403 est
1421 2372 1577 2411 judicandi
1590 2373 1734 2413 potestas:
1752 2385 1826 2409 nec,
1846 2384 1879 2405 ut
1888 2376 2010 2407 omnia,
2031 2384 2098 2414 quae

1137 2414 1304 2454 praescripta
1314 2435 1323 2448 ‚
1344 2414 1377 2445 ὃς
1387 2413 1465 2456 quasi
1474 2417 1618 2456 imperata
1627 2414 1683 2447 sint
1693 2415 1889 2448 defendamus
1900 2436 1909 2451 ,
1928 2414 2097 2447 necestitate

2032 2458 2095 2490 ulla

1169 2550 1196 2577 7.
1224 2546 1253 2569 ln
1263 2545 1374 2576 legatione
1382 2545 1425 2568 illa
1434 2543 1531 2578 nobili]
1553 2545 1588 2570 T.
1599 2544 1626 2570 &
1637 2541 1741 2569 Victor.
1762 2543 1846 2569 codex
1858 2543 1873 2568 :i
1884 2552 1961 2569 mauu
1972 2543 2057 2579 prima
2067 2545 2096 2569 in

1133 2582 1220 2613 reglone
1229 2591 1237 2611 ‚-
1247 2578 1317 2614 quod
1329 2581 1467 2606 annotavit
1479 2579 1580 2605 Guliel.
1598 2588 1646 2606 nec
1658 2578 1763 2604 iidetur
1771 2578 1804 2605 de
1815 2578 1909 2605 nihilo.
1930 2579 2091 2614 cogitemus.

1169 2614 1195 2641 8.
1215 2620 1263 2640 Nec
1273 2615 1402 2649 quidquam
1414 2617 1483 2640 aliud
1488 2617 1618 2640 videndum
1627 2617 1662 2640 ef?
1670 2615 1759 2648 nobis]
1779 2614 1883 2641 Visstor.
1905 2614 1952 2641 ins.
1970 2618 2006 2640 cf?
2013 2622 2039 2640 ut
2048 2619 2092 2641 vi-

1131 2652 1242 2678 dendum.
1262 2660 1346 2686 neque
1357 2651 1436 2677 aliter
1446 2652 1502 2677 Pal.
1513 2651 1563 2678 sec.
1575 2651 1621 2678 nisi
1633 2650 1702 2686 quod
1714 2651 1734 2676 is
1748 2670 1756 2682 ‚
1775 2658 1802 2676 ut
1810 2651 1939 2676 videndum
1951 2654 1995 2677 eff.
2014 2652 2090 2687 Gry-

1129 2688 1183 2723 phii
1195 2687 1354 2714 membranae
1366 2706 1374 2718 ,
1391 2697 1432 2712 nec
1442 2688 1572 2720 quidquam
1582 2688 1645 2720 adest
1654 2694 1681 2712 nt
1697 2686 1851 2712 invidendum
1868 2688 1911 2712 vel
1923 2687 2090 2713 intendendum

1119 2725 1238 2757 judicium
1247 2724 1321 2749 nobis.
1341 2724 1405 2750 Lam
1410 2722 1509 2750 biniani
1519 2723 1572 2750 duo
1582 2734 1588 2750 :
1602 2733 1643 2749 nec
1651 2723 1780 2758 quidquam
1789 2723 1867 2754 aliud,
1877 2725 1913 2749 eft‘
1921 2726 1980 2749 enim
1989 2727 2082 2750 eniten-

1131 2760 1185 2785 dum
1193 2760 1267 2785 nobis.

1165 2804 1194 2831 9.
1214 2799 1303 2821 Contra
1311 2804 1387 2821 omnes
1398 2795 1471 2820 dicere
1479 2796 1586 2829 quisi-ire
1598 2796 1644 2828 fibi
1653 2795 1794 2829 videntium]
1817 2795 1860 2820 Sic
1869 2794 1953 2822 Palat.
1984 2795 2045 2821 rim.
2055 2795 2085 2820 Sc

1129 2831 1243 2867 Gryphii
1257 2839 1341 2857 vetus.
1362 2838 1389 2857 at
1399 2830 1488 2857 secun.
1500 2832 1576 2857 dicere
1586 2840 1635 2864 quae
1643 2831 1769 2862 videntur,
1780 2830 1851 2866 quod
1862 2804 1986 2867 expressi}
1998 2831 2085 2857 editio

1127 2867 1242 2893 Vistorii
1254 2887 1262 2898 ,
1273 2866 1443 2902 sequiturque
1454 2868 1614 2893 Sturmiana.
1635 2866 1743 2893 Paullus
1754 2867 1889 2894 Manutius
1899 2866 2015 2894 adheret
2025 2887 2034 2900 ,
2054 2874 2086 2896 ut

1129 2903 1157 2929 δε
1168 2913 1215 2930 nos
1225 2903 1290 2929 olim
1302 2903 1429 2938 vulgatis.

1164 2948 1204 2966 10.
1227 2941 1311 2972 Nostra
1321 2940 1412 2973 qui-iem
1422 2938 1495 2972 causa
1506 2939 1589 2971 facisu
1598 2938 1652 2972 est.]
1674 2938 1786 2965 Retinui
1797 2939 1913 2966 Vistorii
1924 2939 2083 2972 leffionein,

1125 2975 1309 3001 confirmatam
1322 2975 1389 3001 Pau.
1401 2974 1504 3001 uostris.
1526 2974 1570 3000 alii
1580 2973 1803 3008 edidere,facili0r
1811 2977 1849 3009 est.

1165 3020 1174 3037 1
1184 3020 1192 3037 i
1201 3031 1206 3036 .
1220 3011 1320 3037 Dicendo
1328 3011 1357 3041 (Ῐγ
1366 3010 1478 3036 audiendo
1486 3011 1608 3044 eliciant]
1620 3011 1764 3038 Lambinus
1775 3011 1864 3045 ejecit,
1874 3012 1904 3043 &⁵
1913 3012 2037 3043 audiendo,
2047 3011 2082 3038 fi-

1124 3045 1168 3078 de,
1180 3047 1270 3082 iuquit
1282 3066 1290 3078 ,
1301 3046 1358 3073 mss.
1371 3056 1454 3082 neque
1464 3046 1541 3072 aliter
1554 3046 1690 3074 videbatui·
1699 3047 1817 3074 faisturus
1829 3048 1992 3074 Gulielmius
2005 3058 2011 3074 :
2034 3058 2081 3074 ve-

1125 3083 1186 3109 rum
1197 3084 1259 3108 cuin
1270 3082 1386 3109 nostrum
1406 3081 1473 3109 illud
1484 3082 1569 3108 exstet
1586 3082 1613 3109 iii
1624 3082 1692 3110 Pall.
1711 3083 1736 3110 iii
1748 3085 1782 3110 T.
1794 3085 1821 3110 &
1831 3083 1936 3110 Viftor.
1946 3084 2011 3110 item
2023 3083 2082 3110 edi-

1124 3118 1240 3145 tionibus
1251 3119 1370 3145 omnium
1384 3128 1392 3149 ;
1413 3118 1548 3154 exprimat
1558 3119 1638 3146 velim
1650 3118 1725 3148 nobis
1736 3120 1881 3149 Lambinus
1892 3139 1901 3155 ‚
1911 3120 2018 3157 quinam
2030 3120 2081 3147 snit

1126 3161 1227 3184 veteres
1239 3155 1261 3192 ej
1266 3165 1295 3183 us
1305 3154 1380 3189 libri,
1390 3162 1436 3183 aut
1446 3155 1546 3192 quales.

1503 3190 1667 3219 Hhiihhh
1983 3200 2007 3219 1.
2026 3189 2083 3223 Sed,
