<?xml version="1.0" encoding="UTF-8"?>
<!DOCTYPE html PUBLIC "-//W3C//DTD XHTML 1.0 Transitional//EN"
    "http://www.w3.org/TR/xhtml1/DTD/xhtml1-transitional.dtd">
<html xmlns="http://www.w3.org/1999/xhtml" xml:lang="en" lang="en">
 <head>
  <title>
</title>
<meta http-equiv="Content-Type" content="text/html;charset=utf-8" />
  <meta name='ocr-system' content='tesseract 3.04.00' />
  <meta name='ocr-capabilities' content='ocr_page ocr_carea ocr_par ocr_line ocrx_word'/>
</head>
<body>
  <div class='ocr_page' id='page_1' title='image "./mtuliiciceroniso00cice_0096.png"; bbox 0 0 2316 3395; ppageno 0'>
   <div class='ocr_carea' id='block_1_1' title="bbox 197 102 262 152">
    <p class='ocr_par' dir='ltr' id='par_1_1' title="bbox 197 102 262 152">
     <span class='ocr_line' id='line_1_1' title="bbox 197 102 262 152; baseline -0.015 0"><span class='ocrx_word' id='word_1_1' title='bbox 197 102 262 152; x_wconf 72' lang='lat'>28</span> 
     </span>
    </p>
   </div>
   <div class='ocr_carea' id='block_1_2' title="bbox 197 180 1165 889">
    <p class='ocr_par' dir='ltr' id='par_1_2' title="bbox 197 180 1165 889">
     <span class='ocr_line' id='line_1_2' title="bbox 197 180 1150 226; baseline -0.006 -10"><span class='ocrx_word' id='word_1_2' title='bbox 197 184 235 216; x_wconf 81' lang='lat' dir='ltr'>de</span> <span class='ocrx_word' id='word_1_3' title='bbox 245 182 381 226; x_wconf 80' lang='lat' dir='ltr'>pluribus</span> <span class='ocrx_word' id='word_1_4' title='bbox 389 182 576 225; x_wconf 61' lang='lat' dir='ltr'>potiffimum</span> <span class='ocrx_word' id='word_1_5' title='bbox 587 183 682 219; x_wconf 84' lang='lat' dir='ltr'>dicat,</span> <span class='ocrx_word' id='word_1_6' title='bbox 701 186 760 216; x_wconf 91' lang='lat' dir='ltr'>hoc</span> <span class='ocrx_word' id='word_1_7' title='bbox 770 183 880 214; x_wconf 89' lang='lat' dir='ltr'>modo:</span> <span class='ocrx_word' id='word_1_8' title='bbox 903 180 1006 221; x_wconf 79' lang='lat' dir='ltr'>obfuit</span> <span class='ocrx_word' id='word_1_9' title='bbox 1024 191 1051 210; x_wconf 83' lang='lat' dir='ltr'>eo</span> <span class='ocrx_word' id='word_1_10' title='bbox 1070 189 1150 212; x_wconf 88' lang='lat' dir='ltr'>tem-</span> 
     </span>
     <span class='ocr_line' id='line_1_3' title="bbox 198 221 1153 267; baseline -0.006 -10"><span class='ocrx_word' id='word_1_11' title='bbox 198 237 271 267; x_wconf 84' lang='lat' dir='ltr'>pore</span> <span class='ocrx_word' id='word_1_12' title='bbox 281 225 448 267; x_wconf 73' lang='lat' dir='ltr'>plurimum</span> <span class='ocrx_word' id='word_1_13' title='bbox 459 226 628 266; x_wconf 77' lang='lat' dir='ltr'>reipublicae</span> <span class='ocrx_word' id='word_1_14' title='bbox 639 227 799 257; x_wconf 87' lang='lat' dir='ltr'>consulum</span> <span class='ocrx_word' id='word_1_15' title='bbox 819 224 876 254; x_wconf 83' lang='lat' dir='ltr'>sive</span> <span class='ocrx_word' id='word_1_16' title='bbox 896 223 1051 254; x_wconf 86' lang='lat' dir='ltr'>stultitiam</span> <span class='ocrx_word' id='word_1_17' title='bbox 1063 242 1071 256; x_wconf 85' lang='lat'>,</span> <span class='ocrx_word' id='word_1_18' title='bbox 1095 221 1153 252; x_wconf 83' lang='lat' dir='ltr'>sive</span> 
     </span>
     <span class='ocr_line' id='line_1_4' title="bbox 202 262 1156 307; baseline -0.005 -10"><span class='ocrx_word' id='word_1_19' title='bbox 202 270 349 298; x_wconf 83' lang='lat' dir='ltr'>malitiam</span> <span class='ocrx_word' id='word_1_20' title='bbox 366 267 465 298; x_wconf 79' lang='lat' dir='ltr'>dicere</span> <span class='ocrx_word' id='word_1_21' title='bbox 485 277 619 307; x_wconf 81' lang='lat' dir='ltr'>oportet,</span> <span class='ocrx_word' id='word_1_22' title='bbox 640 267 696 298; x_wconf 82' lang='lat' dir='ltr'>sive</span> <span class='ocrx_word' id='word_1_23' title='bbox 709 276 875 307; x_wconf 86' lang='lat' dir='ltr'>utrumque.</span> <span class='ocrx_word' id='word_1_24' title='bbox 907 268 985 295; x_wconf 90' lang='lat' dir='ltr'>Item</span> <span class='ocrx_word' id='word_1_25' title='bbox 996 284 1004 298; x_wconf 82' lang='lat'>‚</span> <span class='ocrx_word' id='word_1_26' title='bbox 1027 265 1071 293; x_wconf 84' lang='lat' dir='ltr'>Tu</span> <span class='ocrx_word' id='word_1_27' title='bbox 1084 262 1156 300; x_wconf 77' lang='lat' dir='ltr'>xstud</span> 
     </span>
     <span class='ocr_line' id='line_1_5' title="bbox 198 309 1154 347; baseline -0.005 -7"><span class='ocrx_word' id='word_1_28' title='bbox 198 310 284 340; x_wconf 80' lang='lat' dir='ltr'>misus</span> <span class='ocrx_word' id='word_1_29' title='bbox 296 320 326 339; x_wconf 89' lang='lat' dir='ltr'>es</span> <span class='ocrx_word' id='word_1_30' title='bbox 336 309 444 343; x_wconf 79' lang='lat' dir='ltr'>dicere,</span> <span class='ocrx_word' id='word_1_31' title='bbox 457 310 552 339; x_wconf 82' lang='lat' dir='ltr'>homo</span> <span class='ocrx_word' id='word_1_32' title='bbox 562 311 703 339; x_wconf 85' lang='lat' dir='ltr'>omnium</span> <span class='ocrx_word' id='word_1_33' title='bbox 714 309 887 338; x_wconf 73' lang='lat' dir='ltr'>mortalium</span> <span class='ocrx_word' id='word_1_34' title='bbox 898 309 910 336; x_wconf 90' lang='lat'>?</span> <span class='ocrx_word' id='word_1_35' title='bbox 930 310 939 326; x_wconf 89' lang='lat'>¹</span> <span class='ocrx_word' id='word_1_36' title='bbox 952 316 1063 347; x_wconf 62' lang='lat' dir='ltr'>quatro,</span> <span class='ocrx_word' id='word_1_37' title='bbox 1077 316 1154 347; x_wconf 90' lang='lat' dir='ltr'>quo-</span> 
     </span>
     <span class='ocr_line' id='line_1_6' title="bbox 198 348 1156 392; baseline -0.004 -11"><span class='ocrx_word' id='word_1_38' title='bbox 198 362 271 382; x_wconf 84' lang='lat' dir='ltr'>nam</span> <span class='ocrx_word' id='word_1_39' title='bbox 282 361 310 381; x_wconf 86' lang='lat' dir='ltr'>te</span> <span class='ocrx_word' id='word_1_40' title='bbox 320 351 413 392; x_wconf 84' lang='lat' dir='ltr'>digno</span> <span class='ocrx_word' id='word_1_41' title='bbox 429 351 564 380; x_wconf 77' lang='lat' dir='ltr'>moribus</span> <span class='ocrx_word' id='word_1_42' title='bbox 582 360 639 380; x_wconf 79' lang='lat' dir='ltr'>tuis</span> <span class='ocrx_word' id='word_1_43' title='bbox 659 351 805 390; x_wconf 73' lang='lat' dir='ltr'>appellem</span> <span class='ocrx_word' id='word_1_44' title='bbox 826 350 963 379; x_wconf 86' lang='lat' dir='ltr'>nomine.</span> <span class='ocrx_word' id='word_1_45' title='bbox 994 348 1156 388; x_wconf 88' lang='lat' dir='ltr'>Expeditio</span> 
     </span>
     <span class='ocr_line' id='line_1_7' title="bbox 201 389 1157 431; baseline -0.004 -8"><span class='ocrx_word' id='word_1_46' title='bbox 201 393 253 427; x_wconf 81' lang='lat' dir='ltr'>cst,</span> <span class='ocrx_word' id='word_1_47' title='bbox 267 392 337 423; x_wconf 76' lang='lat' dir='ltr'>cum</span> <span class='ocrx_word' id='word_1_48' title='bbox 348 392 512 422; x_wconf 68' lang='lat' dir='ltr'>rationibus</span> <span class='ocrx_word' id='word_1_49' title='bbox 523 392 727 431; x_wconf 73' lang='lat' dir='ltr'>compluribus</span> <span class='ocrx_word' id='word_1_50' title='bbox 739 392 930 424; x_wconf 74' lang='lat' dir='ltr'><strong>enumeratis,</strong></span> <span class='ocrx_word' id='word_1_51' title='bbox 942 389 1051 431; x_wconf 88' lang='lat' dir='ltr'>quibus</span> <span class='ocrx_word' id='word_1_52' title='bbox 1060 390 1157 430; x_wconf 84' lang='lat' dir='ltr'>aliqua</span> 
     </span>
     <span class='ocr_line' id='line_1_8' title="bbox 200 432 1157 473; baseline -0.005 -8"><span class='ocrx_word' id='word_1_53' title='bbox 200 446 248 465; x_wconf 79' lang='lat' dir='ltr'>res</span> <span class='ocrx_word' id='word_1_54' title='bbox 257 444 306 465; x_wconf 86' lang='lat' dir='ltr'>aut</span> <span class='ocrx_word' id='word_1_55' title='bbox 318 433 391 467; x_wconf 85' lang='lat' dir='ltr'>fieri,</span> <span class='ocrx_word' id='word_1_56' title='bbox 403 442 523 463; x_wconf 82' lang='lat' dir='ltr'>autnon</span> <span class='ocrx_word' id='word_1_57' title='bbox 536 432 596 462; x_wconf 79' lang='lat' dir='ltr'>fieri</span> <span class='ocrx_word' id='word_1_58' title='bbox 609 435 748 473; x_wconf 77' lang='lat' dir='ltr'>potuerit,</span> <span class='ocrx_word' id='word_1_59' title='bbox 760 441 863 462; x_wconf 81' lang='lat' dir='ltr'>ceterae</span> <span class='ocrx_word' id='word_1_60' title='bbox 874 432 1030 465; x_wconf 88' lang='lat' dir='ltr'>tolluntur,</span> <span class='ocrx_word' id='word_1_61' title='bbox 1043 441 1101 461; x_wconf 92' lang='lat' dir='ltr'>una</span> <span class='ocrx_word' id='word_1_62' title='bbox 1112 440 1157 460; x_wconf 88' lang='lat' dir='ltr'>re-</span> 
     </span>
     <span class='ocr_line' id='line_1_9' title="bbox 201 470 1154 517; baseline -0.005 -11"><span class='ocrx_word' id='word_1_63' title='bbox 201 477 348 517; x_wconf 74' lang='lat' dir='ltr'>linquitur</span> <span class='ocrx_word' id='word_1_64' title='bbox 358 496 366 507; x_wconf 81' lang='lat'>,</span> <span class='ocrx_word' id='word_1_65' title='bbox 388 485 476 516; x_wconf 84' lang='lat' dir='ltr'>quam</span> <span class='ocrx_word' id='word_1_66' title='bbox 488 484 542 504; x_wconf 82' lang='lat' dir='ltr'>nos</span> <span class='ocrx_word' id='word_1_67' title='bbox 555 474 741 504; x_wconf 74' lang='lat' dir='ltr'>intendimus</span> <span class='ocrx_word' id='word_1_68' title='bbox 752 494 760 507; x_wconf 92' lang='lat'>,</span> <span class='ocrx_word' id='word_1_69' title='bbox 780 475 838 505; x_wconf 89' lang='lat' dir='ltr'>hoc</span> <span class='ocrx_word' id='word_1_70' title='bbox 849 472 961 503; x_wconf 87' lang='lat' dir='ltr'>modo:</span> <span class='ocrx_word' id='word_1_71' title='bbox 980 471 1090 511; x_wconf 81' lang='lat' dir='ltr'>Neceffe</span> <span class='ocrx_word' id='word_1_72' title='bbox 1099 470 1154 505; x_wconf 61' lang='lat' dir='ltr'>eff,</span> 
     </span>
     <span class='ocr_line' id='line_1_10' title="bbox 201 514 1158 549; baseline -0.005 -1"><span class='ocrx_word' id='word_1_73' title='bbox 201 517 274 548; x_wconf 75' lang='lat' dir='ltr'>cum</span> <span class='ocrx_word' id='word_1_74' title='bbox 285 516 401 547; x_wconf 80' lang='lat' dir='ltr'>constet</span> <span class='ocrx_word' id='word_1_75' title='bbox 410 516 499 545; x_wconf 73' lang='lat' dir='ltr'>istum</span> <span class='ocrx_word' id='word_1_76' title='bbox 511 515 646 546; x_wconf 83' lang='lat' dir='ltr'>nostrum</span> <span class='ocrx_word' id='word_1_77' title='bbox 656 515 788 546; x_wconf 84' lang='lat' dir='ltr'>fundum</span> <span class='ocrx_word' id='word_1_78' title='bbox 798 514 895 549; x_wconf 78' lang='lat' dir='ltr'>fuiffe,</span> <span class='ocrx_word' id='word_1_79' title='bbox 911 514 1059 547; x_wconf 77' lang='lat' dir='ltr'>ostendas,</span> <span class='ocrx_word' id='word_1_80' title='bbox 1072 523 1098 544; x_wconf 87' lang='lat' dir='ltr'>te</span> <span class='ocrx_word' id='word_1_81' title='bbox 1109 522 1158 544; x_wconf 88' lang='lat' dir='ltr'>aut</span> 
     </span>
     <span class='ocr_line' id='line_1_11' title="bbox 202 555 1158 598; baseline -0.004 -9"><span class='ocrx_word' id='word_1_82' title='bbox 202 569 330 589; x_wconf 75' lang='lat' dir='ltr'>vacuum</span> <span class='ocrx_word' id='word_1_83' title='bbox 351 556 505 598; x_wconf 79' lang='lat' dir='ltr'>poffediffe</span> <span class='ocrx_word' id='word_1_84' title='bbox 517 577 524 590; x_wconf 61' lang='lat'>2</span> <span class='ocrx_word' id='word_1_85' title='bbox 545 566 594 587; x_wconf 81' lang='lat' dir='ltr'>aut</span> <span class='ocrx_word' id='word_1_86' title='bbox 604 558 657 587; x_wconf 84' lang='lat' dir='ltr'>usu</span> <span class='ocrx_word' id='word_1_87' title='bbox 667 567 752 588; x_wconf 90' lang='lat' dir='ltr'>tuum</span> <span class='ocrx_word' id='word_1_88' title='bbox 762 555 862 587; x_wconf 77' lang='lat' dir='ltr'>fecisse</span> <span class='ocrx_word' id='word_1_89' title='bbox 873 576 882 590; x_wconf 89' lang='lat'>,</span> <span class='ocrx_word' id='word_1_90' title='bbox 905 566 955 587; x_wconf 83' lang='lat' dir='ltr'>aut</span> <span class='ocrx_word' id='word_1_91' title='bbox 963 555 1066 586; x_wconf 78' lang='lat' dir='ltr'>emist&#39;e</span> <span class='ocrx_word' id='word_1_92' title='bbox 1078 575 1086 589; x_wconf 92' lang='lat'>‚</span> <span class='ocrx_word' id='word_1_93' title='bbox 1109 564 1158 585; x_wconf 90' lang='lat' dir='ltr'>aut</span> 
     </span>
     <span class='ocr_line' id='line_1_12' title="bbox 200 595 1160 640; baseline -0.004 -9"><span class='ocrx_word' id='word_1_94' title='bbox 200 600 363 631; x_wconf 73' lang='lat' dir='ltr'>hereditate</span> <span class='ocrx_word' id='word_1_95' title='bbox 373 600 428 629; x_wconf 88' lang='lat' dir='ltr'>tibi</span> <span class='ocrx_word' id='word_1_96' title='bbox 439 597 562 628; x_wconf 77' lang='lat' dir='ltr'>venifl&#39;e.</span> <span class='ocrx_word' id='word_1_97' title='bbox 586 601 723 629; x_wconf 83' lang='lat' dir='ltr'>Vacuurn</span> <span class='ocrx_word' id='word_1_98' title='bbox 736 619 744 633; x_wconf 92' lang='lat'>,</span> <span class='ocrx_word' id='word_1_99' title='bbox 755 598 826 629; x_wconf 74' lang='lat' dir='ltr'>cum</span> <span class='ocrx_word' id='word_1_100' title='bbox 839 608 894 640; x_wconf 83' lang='lat' dir='ltr'>ego</span> <span class='ocrx_word' id='word_1_101' title='bbox 903 597 1032 628; x_wconf 78' lang='lat' dir='ltr'>adessem</span> <span class='ocrx_word' id='word_1_102' title='bbox 1043 618 1051 632; x_wconf 85' lang='lat'>‚</span> <span class='ocrx_word' id='word_1_103' title='bbox 1071 595 1160 637; x_wconf 84' lang='lat' dir='ltr'>poffi-</span> 
     </span>
     <span class='ocr_line' id='line_1_13' title="bbox 202 639 1157 680; baseline -0.005 -8"><span class='ocrx_word' id='word_1_104' title='bbox 202 643 273 672; x_wconf 76' lang='lat' dir='ltr'>dere</span> <span class='ocrx_word' id='word_1_105' title='bbox 291 651 353 671; x_wconf 87' lang='lat' dir='ltr'>non</span> <span class='ocrx_word' id='word_1_106' title='bbox 372 639 502 680; x_wconf 78' lang='lat' dir='ltr'>potuisti.</span> <span class='ocrx_word' id='word_1_107' title='bbox 533 649 620 671; x_wconf 87' lang='lat' dir='ltr'>tuum</span> <span class='ocrx_word' id='word_1_108' title='bbox 632 642 685 671; x_wconf 87' lang='lat' dir='ltr'>usu</span> <span class='ocrx_word' id='word_1_109' title='bbox 695 639 794 671; x_wconf 63' lang='lat' dir='ltr'>feciss&#39;e</span> <span class='ocrx_word' id='word_1_110' title='bbox 805 642 972 670; x_wconf 76' lang='lat' dir='ltr'>etiamnum</span> <span class='ocrx_word' id='word_1_111' title='bbox 983 649 1045 669; x_wconf 91' lang='lat' dir='ltr'>non</span> <span class='ocrx_word' id='word_1_112' title='bbox 1055 647 1138 679; x_wconf 89' lang='lat' dir='ltr'>potes</span> <span class='ocrx_word' id='word_1_113' title='bbox 1152 648 1157 667; x_wconf 83' lang='lat' dir='ltr'>t</span> 
     </span>
     <span class='ocr_line' id='line_1_14' title="bbox 201 681 1161 722; baseline -0.005 -8"><span class='ocrx_word' id='word_1_114' title='bbox 201 685 300 714; x_wconf 76' lang='lat' dir='ltr'>emtio</span> <span class='ocrx_word' id='word_1_115' title='bbox 310 683 391 712; x_wconf 86' lang='lat' dir='ltr'>nulla</span> <span class='ocrx_word' id='word_1_116' title='bbox 399 681 555 722; x_wconf 74' lang='lat' dir='ltr'>profertur.</span> <span class='ocrx_word' id='word_1_117' title='bbox 567 682 726 713; x_wconf 88' lang='lat' dir='ltr'>hereditate</span> <span class='ocrx_word' id='word_1_118' title='bbox 737 682 802 716; x_wconf 85' lang='lat' dir='ltr'>tibi,</span> <span class='ocrx_word' id='word_1_119' title='bbox 815 692 865 712; x_wconf 89' lang='lat' dir='ltr'>me</span> <span class='ocrx_word' id='word_1_120' title='bbox 876 692 948 711; x_wconf 87' lang='lat' dir='ltr'>vivo</span> <span class='ocrx_word' id='word_1_121' title='bbox 959 691 1026 712; x_wconf 87' lang='lat' dir='ltr'>mea</span> <span class='ocrx_word' id='word_1_122' title='bbox 1035 681 1161 721; x_wconf 90' lang='lat' dir='ltr'>pecunia</span> 
     </span>
     <span class='ocr_line' id='line_1_15' title="bbox 201 721 1160 765; baseline -0.003 -11"><span class='ocrx_word' id='word_1_123' title='bbox 201 734 306 755; x_wconf 62' lang='lat' dir='ltr'>venire</span> <span class='ocrx_word' id='word_1_124' title='bbox 318 734 380 754; x_wconf 92' lang='lat' dir='ltr'>non</span> <span class='ocrx_word' id='word_1_125' title='bbox 391 725 499 763; x_wconf 78' lang='lat' dir='ltr'>potuit.</span> <span class='ocrx_word' id='word_1_126' title='bbox 524 724 718 765; x_wconf 82' lang='lat' dir='ltr'>Relinquitur</span> <span class='ocrx_word' id='word_1_127' title='bbox 726 734 805 765; x_wconf 88' lang='lat' dir='ltr'>erg0‚</span> <span class='ocrx_word' id='word_1_128' title='bbox 818 733 849 753; x_wconf 88' lang='lat' dir='ltr'>ut</span> <span class='ocrx_word' id='word_1_129' title='bbox 863 733 912 753; x_wconf 89' lang='lat' dir='ltr'>me</span> <span class='ocrx_word' id='word_1_130' title='bbox 922 725 952 753; x_wconf 93' lang='lat' dir='ltr'>vi</span> <span class='ocrx_word' id='word_1_131' title='bbox 963 723 999 753; x_wconf 88' lang='lat' dir='ltr'>de</span> <span class='ocrx_word' id='word_1_132' title='bbox 1010 732 1080 752; x_wconf 91' lang='lat' dir='ltr'>meo</span> <span class='ocrx_word' id='word_1_133' title='bbox 1089 721 1160 751; x_wconf 87' lang='lat' dir='ltr'>fun-</span> 
     </span>
     <span class='ocr_line' id='line_1_16' title="bbox 202 762 1162 806; baseline -0.004 -10"><span class='ocrx_word' id='word_1_134' title='bbox 202 767 245 796; x_wconf 77' lang='lat' dir='ltr'>do</span> <span class='ocrx_word' id='word_1_135' title='bbox 263 766 413 805; x_wconf 83' lang='lat' dir='ltr'>dejeceris.</span> <span class='ocrx_word' id='word_1_136' title='bbox 448 768 521 796; x_wconf 84' lang='lat' dir='ltr'>Haec</span> <span class='ocrx_word' id='word_1_137' title='bbox 538 768 695 796; x_wconf 78' lang='lat' dir='ltr'>exornatio</span> <span class='ocrx_word' id='word_1_138' title='bbox 705 764 997 806; x_wconf 72' lang='lat' dir='ltr'>plurimi&#39;imjuvabit</span> <span class='ocrx_word' id='word_1_139' title='bbox 1005 762 1162 803; x_wconf 61' lang='lat' dir='ltr'>conjectu-</span> 
     </span>
     <span class='ocr_line' id='line_1_17' title="bbox 200 804 1162 849; baseline -0.004 -11"><span class='ocrx_word' id='word_1_140' title='bbox 200 809 288 839; x_wconf 77' lang='lat' dir='ltr'>raleis</span> <span class='ocrx_word' id='word_1_141' title='bbox 298 810 579 849; x_wconf 73' lang='lat' dir='ltr'>argumentationes,</span> <span class='ocrx_word' id='word_1_142' title='bbox 593 807 641 837; x_wconf 88' lang='lat' dir='ltr'>sed</span> <span class='ocrx_word' id='word_1_143' title='bbox 652 817 714 838; x_wconf 91' lang='lat' dir='ltr'>non</span> <span class='ocrx_word' id='word_1_144' title='bbox 723 809 779 837; x_wconf 90' lang='lat' dir='ltr'>erit</span> <span class='ocrx_word' id='word_1_145' title='bbox 791 827 797 840; x_wconf 84' lang='lat'>,</span> <span class='ocrx_word' id='word_1_146' title='bbox 809 815 857 837; x_wconf 87' lang='lat' dir='ltr'>tan</span> <span class='ocrx_word' id='word_1_147' title='bbox 879 816 948 837; x_wconf 89' lang='lat' dir='ltr'>uam</span> <span class='ocrx_word' id='word_1_148' title='bbox 960 808 992 835; x_wconf 89' lang='lat' dir='ltr'>in</span> <span class='ocrx_word' id='word_1_149' title='bbox 1002 804 1162 845; x_wconf 88' lang='lat' dir='ltr'>plerisque,</span> 
     </span>
     <span class='ocr_line' id='line_1_18' title="bbox 203 847 1165 889; baseline -0.004 -10"><span class='ocrx_word' id='word_1_150' title='bbox 203 859 248 883; x_wconf 88' lang='lat' dir='ltr'>ut,</span> <span class='ocrx_word' id='word_1_151' title='bbox 260 848 332 879; x_wconf 75' lang='lat' dir='ltr'>cum</span> <span class='ocrx_word' id='word_1_152' title='bbox 341 850 472 879; x_wconf 78' lang='lat' dir='ltr'>velimus</span> <span class='ocrx_word' id='word_1_153' title='bbox 484 869 492 883; x_wconf 86' lang='lat'>,</span> <span class='ocrx_word' id='word_1_154' title='bbox 505 859 537 878; x_wconf 75' lang='lat' dir='ltr'>ea</span> <span class='ocrx_word' id='word_1_155' title='bbox 546 848 688 889; x_wconf 85' lang='lat' dir='ltr'>poffimus</span> <span class='ocrx_word' id='word_1_156' title='bbox 700 851 754 879; x_wconf 90' lang='lat' dir='ltr'>uti.</span> <span class='ocrx_word' id='word_1_157' title='bbox 778 859 848 878; x_wconf 83' lang='lat' dir='ltr'>nam</span> <span class='ocrx_word' id='word_1_158' title='bbox 873 858 954 878; x_wconf 88' lang='lat' dir='ltr'>acere</span> <span class='ocrx_word' id='word_1_159' title='bbox 965 847 995 877; x_wconf 88' lang='lat' dir='ltr'>id</span> <span class='ocrx_word' id='word_1_160' title='bbox 1006 857 1070 877; x_wconf 89' lang='lat' dir='ltr'>non</span> <span class='ocrx_word' id='word_1_161' title='bbox 1079 855 1165 886; x_wconf 89' lang='lat' dir='ltr'>pote-</span> 
     </span>
    </p>
   </div>
   <div class='ocr_carea' id='block_1_3' title="bbox 134 887 1164 934">
    <p class='ocr_par' dir='ltr' id='par_1_3' title="bbox 134 887 1164 934">
     <span class='ocr_line' id='line_1_19' title="bbox 134 887 1164 934; baseline -0.005 -12"><span class='ocrx_word' id='word_1_162' title='bbox 134 892 158 934; x_wconf 59' lang='grc' dir='ltr'>’ς</span> <span class='ocrx_word' id='word_1_163' title='bbox 171 901 190 925; x_wconf 63' lang='grc' dir='ltr'>τ)</span> <span class='ocrx_word' id='word_1_164' title='bbox 207 894 313 925; x_wconf 81' lang='lat' dir='ltr'>rimus,</span> <span class='ocrx_word' id='word_1_165' title='bbox 325 889 380 921; x_wconf 82' lang='lat' dir='ltr'>nisi</span> <span class='ocrx_word' id='word_1_166' title='bbox 389 890 478 920; x_wconf 87' lang='lat' dir='ltr'>nobis</span> <span class='ocrx_word' id='word_1_167' title='bbox 489 891 548 929; x_wconf 79' lang='lat' dir='ltr'>ipsi</span> <span class='ocrx_word' id='word_1_168' title='bbox 557 892 671 932; x_wconf 86' lang='lat' dir='ltr'>negotii</span> <span class='ocrx_word' id='word_1_169' title='bbox 682 899 783 921; x_wconf 80' lang='lat' dir='ltr'>natura</span> <span class='ocrx_word' id='word_1_170' title='bbox 792 890 872 921; x_wconf 85' lang='lat' dir='ltr'>dabit</span> <span class='ocrx_word' id='word_1_171' title='bbox 882 889 1062 920; x_wconf 80' lang='lat' dir='ltr'>facultatem.</span> <span class='ocrx_word' id='word_1_172' title='bbox 1093 887 1164 918; x_wconf 90' lang='lat' dir='ltr'>Dis-</span> 
     </span>
    </p>
   </div>
   <div class='ocr_carea' id='block_1_4' title="bbox 132 960 136 980">
    <p class='ocr_par' dir='ltr' id='par_1_4' title="bbox 132 960 136 980">
     <span class='ocr_line' id='line_1_20' title="bbox 132 960 136 980; baseline 0 0"><span class='ocrx_word' id='word_1_173' title='bbox 132 960 136 980; x_wconf 84' lang='lat' dir='ltr'>l</span> 
     </span>
    </p>
   </div>
   <div class='ocr_carea' id='block_1_5' title="bbox 203 929 1179 2762">
    <p class='ocr_par' dir='ltr' id='par_1_5' title="bbox 203 929 1179 2762">
     <span class='ocr_line' id='line_1_21' title="bbox 204 929 1165 974; baseline -0.004 -10"><span class='ocrx_word' id='word_1_174' title='bbox 204 933 319 965; x_wconf 85' lang='lat' dir='ltr'>solutio</span> <span class='ocrx_word' id='word_1_175' title='bbox 328 932 370 963; x_wconf 90' lang='lat' dir='ltr'>est</span> <span class='ocrx_word' id='word_1_176' title='bbox 379 953 388 966; x_wconf 91' lang='lat'>,</span> <span class='ocrx_word' id='word_1_177' title='bbox 398 942 464 974; x_wconf 85' lang='lat' dir='ltr'>quae</span> <span class='ocrx_word' id='word_1_178' title='bbox 473 933 742 971; x_wconf 61' lang='lat' dir='ltr'>conjunctionibus</span> <span class='ocrx_word' id='word_1_179' title='bbox 752 932 913 962; x_wconf 80' lang='lat' dir='ltr'>verborum</span> <span class='ocrx_word' id='word_1_180' title='bbox 924 931 941 961; x_wconf 80' lang='grc' dir='ltr'>ὲ</span> <span class='ocrx_word' id='word_1_181' title='bbox 953 931 1056 960; x_wconf 87' lang='lat' dir='ltr'>medio</span> <span class='ocrx_word' id='word_1_182' title='bbox 1068 929 1165 961; x_wconf 87' lang='lat' dir='ltr'>subla-</span> 
     </span>
     <span class='ocr_line' id='line_1_22' title="bbox 203 972 1165 1015; baseline -0.004 -10"><span class='ocrx_word' id='word_1_183' title='bbox 203 977 245 1006; x_wconf 80' lang='lat' dir='ltr'>tis</span> <span class='ocrx_word' id='word_1_184' title='bbox 255 995 264 1009; x_wconf 90' lang='lat'>,</span> <span class='ocrx_word' id='word_1_185' title='bbox 285 974 415 1015; x_wconf 84' lang='lat' dir='ltr'>partibus</span> <span class='ocrx_word' id='word_1_186' title='bbox 425 974 558 1015; x_wconf 76' lang='lat' dir='ltr'>separatis</span> <span class='ocrx_word' id='word_1_187' title='bbox 569 973 688 1004; x_wconf 78' lang='lat' dir='ltr'>effertur</span> <span class='ocrx_word' id='word_1_188' title='bbox 699 995 708 1008; x_wconf 91' lang='lat'>,</span> <span class='ocrx_word' id='word_1_189' title='bbox 729 975 788 1004; x_wconf 88' lang='lat' dir='ltr'>hoc</span> <span class='ocrx_word' id='word_1_190' title='bbox 799 972 893 1003; x_wconf 88' lang='lat' dir='ltr'>modo</span> <span class='ocrx_word' id='word_1_191' title='bbox 905 984 910 1002; x_wconf 90' lang='lat'>:</span> <span class='ocrx_word' id='word_1_192' title='bbox 941 975 969 1002; x_wconf 93' lang='lat' dir='ltr'>G</span> <span class='ocrx_word' id='word_1_193' title='bbox 980 982 1000 1002; x_wconf 79' lang='lat' dir='ltr'>E</span> <span class='ocrx_word' id='word_1_194' title='bbox 1010 982 1032 1002; x_wconf 75' lang='lat' dir='ltr'>n</span> <span class='ocrx_word' id='word_1_195' title='bbox 1044 982 1064 1001; x_wconf 84' lang='lat' dir='ltr'>E</span> <span class='ocrx_word' id='word_1_196' title='bbox 1092 981 1119 1001; x_wconf 81' lang='lat' dir='ltr'><strong>M</strong></span> <span class='ocrx_word' id='word_1_197' title='bbox 1130 981 1165 1001; x_wconf 91' lang='lat' dir='ltr'>o-</span> 
     </span>
     <span class='ocr_line' id='line_1_23' title="bbox 203 1013 1165 1057; baseline -0.005 -10"><span class='ocrx_word' id='word_1_198' title='bbox 203 1026 231 1050; x_wconf 68' lang='lat' dir='ltr'><strong>a</strong></span> <span class='ocrx_word' id='word_1_199' title='bbox 242 1026 262 1047; x_wconf 76' lang='lat' dir='ltr'>E.</span> <span class='ocrx_word' id='word_1_200' title='bbox 275 1027 300 1047; x_wconf 81' lang='lat' dir='ltr'>M</span> <span class='ocrx_word' id='word_1_201' title='bbox 322 1017 434 1056; x_wconf 87' lang='lat' dir='ltr'>parenti</span> <span class='ocrx_word' id='word_1_202' title='bbox 446 1036 454 1050; x_wconf 92' lang='lat'>,</span> <span class='ocrx_word' id='word_1_203' title='bbox 474 1025 539 1056; x_wconf 87' lang='lat' dir='ltr'>pare</span> <span class='ocrx_word' id='word_1_204' title='bbox 558 1018 690 1057; x_wconf 80' lang='lat' dir='ltr'>cognatis</span> <span class='ocrx_word' id='word_1_205' title='bbox 701 1036 709 1049; x_wconf 90' lang='lat'>,</span> <span class='ocrx_word' id='word_1_206' title='bbox 730 1016 891 1055; x_wconf 82' lang='lat' dir='ltr'><strong>obsequere</strong></span> <span class='ocrx_word' id='word_1_207' title='bbox 902 1015 1005 1044; x_wconf 89' lang='lat' dir='ltr'>amicis</span> <span class='ocrx_word' id='word_1_208' title='bbox 1017 1034 1026 1047; x_wconf 90' lang='lat'><em>‚</em></span> <span class='ocrx_word' id='word_1_209' title='bbox 1046 1013 1165 1044; x_wconf 86' lang='lat' dir='ltr'>obtem-</span> 
     </span>
     <span class='ocr_line' id='line_1_24' title="bbox 204 1053 1164 1100; baseline -0.006 -11"><span class='ocrx_word' id='word_1_210' title='bbox 204 1068 276 1100; x_wconf 75' lang='lat' dir='ltr'>pera</span> <span class='ocrx_word' id='word_1_211' title='bbox 294 1058 417 1099; x_wconf 86' lang='lat' dir='ltr'>legibus.</span> <span class='ocrx_word' id='word_1_212' title='bbox 449 1060 526 1088; x_wconf 90' lang='lat' dir='ltr'>Item</span> <span class='ocrx_word' id='word_1_213' title='bbox 539 1078 547 1090; x_wconf 85' lang='lat'>‚</span> <span class='ocrx_word' id='word_1_214' title='bbox 570 1057 706 1097; x_wconf 81' lang='lat' dir='ltr'><em>Descende</em></span> <span class='ocrx_word' id='word_1_215' title='bbox 723 1057 753 1086; x_wconf 85' lang='lat' dir='ltr'>in</span> <span class='ocrx_word' id='word_1_216' title='bbox 773 1059 918 1098; x_wconf 75' lang='lat' dir='ltr'>integram</span> <span class='ocrx_word' id='word_1_217' title='bbox 939 1053 1145 1086; x_wconf 87' lang='lat' dir='ltr'>defensionem</span> <span class='ocrx_word' id='word_1_218' title='bbox 1159 1064 1164 1082; x_wconf 80' lang='lat' dir='ltr'><em>z</em></span> 
     </span>
     <span class='ocr_line' id='line_1_25' title="bbox 205 1095 1165 1141; baseline -0.007 -9"><span class='ocrx_word' id='word_1_219' title='bbox 205 1101 274 1132; x_wconf 88' lang='lat' dir='ltr'>noli</span> <span class='ocrx_word' id='word_1_220' title='bbox 285 1099 449 1141; x_wconf 81' lang='lat' dir='ltr'><strong>quidquam</strong></span> <span class='ocrx_word' id='word_1_221' title='bbox 458 1100 587 1129; x_wconf 86' lang='lat' dir='ltr'>recusare</span> <span class='ocrx_word' id='word_1_222' title='bbox 601 1109 606 1128; x_wconf 79' lang='lat' dir='ltr'>t</span> <span class='ocrx_word' id='word_1_223' title='bbox 625 1099 662 1129; x_wconf 88' lang='lat' dir='ltr'>da</span> <span class='ocrx_word' id='word_1_224' title='bbox 678 1099 777 1129; x_wconf 87' lang='lat' dir='ltr'>servos</span> <span class='ocrx_word' id='word_1_225' title='bbox 796 1100 828 1128; x_wconf 91' lang='lat' dir='ltr'>in</span> <span class='ocrx_word' id='word_1_226' title='bbox 847 1097 1044 1139; x_wconf 84' lang='lat' dir='ltr'>quaestionem</span> <span class='ocrx_word' id='word_1_227' title='bbox 1057 1107 1062 1126; x_wconf 89' lang='lat'>:</span> <span class='ocrx_word' id='word_1_228' title='bbox 1082 1095 1165 1126; x_wconf 89' lang='lat' dir='ltr'>stude</span> 
     </span>
     <span class='ocr_line' id='line_1_26' title="bbox 204 1137 1166 1181; baseline -0.006 -8"><span class='ocrx_word' id='word_1_229' title='bbox 204 1151 315 1173; x_wconf 80' lang='lat' dir='ltr'>verum</span> <span class='ocrx_word' id='word_1_230' title='bbox 325 1143 473 1171; x_wconf 82' lang='lat' dir='ltr'>invenire.</span> <span class='ocrx_word' id='word_1_231' title='bbox 497 1143 565 1171; x_wconf 89' lang='lat' dir='ltr'>Hoc</span> <span class='ocrx_word' id='word_1_232' title='bbox 574 1150 666 1181; x_wconf 86' lang='lat' dir='ltr'>genus</span> <span class='ocrx_word' id='word_1_233' title='bbox 678 1140 711 1171; x_wconf 87' lang='lat'>&amp;</span> <span class='ocrx_word' id='word_1_234' title='bbox 720 1142 915 1170; x_wconf 84' lang='lat' dir='ltr'>acrimoniam</span> <span class='ocrx_word' id='word_1_235' title='bbox 926 1139 1012 1169; x_wconf 87' lang='lat' dir='ltr'>habet</span> <span class='ocrx_word' id='word_1_236' title='bbox 1022 1140 1054 1168; x_wconf 91' lang='lat' dir='ltr'>in</span> <span class='ocrx_word' id='word_1_237' title='bbox 1063 1138 1091 1168; x_wconf 88' lang='lat' dir='ltr'>se</span> <span class='ocrx_word' id='word_1_238' title='bbox 1104 1157 1112 1171; x_wconf 92' lang='lat'>,</span> <span class='ocrx_word' id='word_1_239' title='bbox 1133 1137 1166 1167; x_wconf 89' lang='lat'>&amp;</span> 
     </span>
     <span class='ocr_line' id='line_1_27' title="bbox 205 1179 1165 1215; baseline -0.006 -1"><span class='ocrx_word' id='word_1_240' title='bbox 205 1181 503 1215; x_wconf 82' lang='lat' dir='ltr'>vehementiffimum</span> <span class='ocrx_word' id='word_1_241' title='bbox 515 1182 557 1212; x_wconf 87' lang='lat' dir='ltr'>est</span> <span class='ocrx_word' id='word_1_242' title='bbox 568 1203 576 1215; x_wconf 85' lang='lat'>,</span> <span class='ocrx_word' id='word_1_243' title='bbox 598 1182 631 1212; x_wconf 75' lang='grc' dir='ltr'>δε</span> <span class='ocrx_word' id='word_1_244' title='bbox 649 1182 684 1212; x_wconf 85' lang='lat' dir='ltr'>ad</span> <span class='ocrx_word' id='word_1_245' title='bbox 704 1181 879 1212; x_wconf 88' lang='lat' dir='ltr'>brevitatem</span> <span class='ocrx_word' id='word_1_246' title='bbox 889 1179 1165 1211; x_wconf 87' lang='lat' dir='ltr'>accommodatum.</span> 
     </span>
     <span class='ocr_line' id='line_1_28' title="bbox 206 1220 1167 1264; baseline -0.006 -8"><span class='ocrx_word' id='word_1_247' title='bbox 206 1223 344 1257; x_wconf 75' lang='lat' dir='ltr'>Praecisio</span> <span class='ocrx_word' id='word_1_248' title='bbox 354 1224 407 1258; x_wconf 88' lang='lat' dir='ltr'>est,</span> <span class='ocrx_word' id='word_1_249' title='bbox 418 1223 500 1257; x_wconf 78' lang='lat' dir='ltr'>cum,</span> <span class='ocrx_word' id='word_1_250' title='bbox 513 1223 601 1254; x_wconf 57' lang='lat' dir='ltr'>dietis</span> <span class='ocrx_word' id='word_1_251' title='bbox 610 1223 799 1264; x_wconf 88' lang='lat' dir='ltr'>quibusdam,</span> <span class='ocrx_word' id='word_1_252' title='bbox 810 1223 974 1263; x_wconf 90' lang='lat' dir='ltr'>reliquum,</span> <span class='ocrx_word' id='word_1_253' title='bbox 987 1225 1000 1241; x_wconf 80' lang='lat'><em>2</em></span> <span class='ocrx_word' id='word_1_254' title='bbox 1035 1220 1095 1250; x_wconf 90' lang='lat' dir='ltr'>uod</span> <span class='ocrx_word' id='word_1_255' title='bbox 1106 1229 1167 1250; x_wconf 86' lang='lat' dir='ltr'>coe-</span> 
     </span>
     <span class='ocr_line' id='line_1_29' title="bbox 205 1261 1168 1308; baseline -0.007 -11"><span class='ocrx_word' id='word_1_256' title='bbox 205 1276 296 1308; x_wconf 81' lang='lat' dir='ltr'>ptum</span> <span class='ocrx_word' id='word_1_257' title='bbox 305 1265 348 1297; x_wconf 86' lang='lat' dir='ltr'>est</span> <span class='ocrx_word' id='word_1_258' title='bbox 358 1266 417 1296; x_wconf 90' lang='lat' dir='ltr'>dici</span> <span class='ocrx_word' id='word_1_259' title='bbox 429 1286 438 1300; x_wconf 90' lang='lat'>,</span> <span class='ocrx_word' id='word_1_260' title='bbox 449 1267 628 1307; x_wconf 78' lang='lat' dir='ltr'>relinquitur</span> <span class='ocrx_word' id='word_1_261' title='bbox 636 1268 668 1295; x_wconf 89' lang='lat' dir='ltr'>in</span> <span class='ocrx_word' id='word_1_262' title='bbox 679 1265 856 1295; x_wconf 88' lang='lat' dir='ltr'>audientum</span> <span class='ocrx_word' id='word_1_263' title='bbox 862 1263 979 1304; x_wconf 87' lang='lat' dir='ltr'>judicio</span> <span class='ocrx_word' id='word_1_264' title='bbox 989 1283 998 1298; x_wconf 88' lang='lat'>‚</span> <span class='ocrx_word' id='word_1_265' title='bbox 1022 1272 1048 1293; x_wconf 88' lang='lat' dir='ltr'>ic</span> <span class='ocrx_word' id='word_1_266' title='bbox 1059 1273 1065 1291; x_wconf 88' lang='grc'>;</span> <span class='ocrx_word' id='word_1_267' title='bbox 1086 1261 1168 1292; x_wconf 82' lang='lat' dir='ltr'><em>Mihi</em></span> 
     </span>
     <span class='ocr_line' id='line_1_30' title="bbox 207 1305 1166 1348; baseline -0.006 -10"><span class='ocrx_word' id='word_1_268' title='bbox 207 1317 304 1340; x_wconf 74' lang='lat' dir='ltr'>tecum</span> <span class='ocrx_word' id='word_1_269' title='bbox 321 1309 501 1348; x_wconf 86' lang='lat' dir='ltr'>praecertatio</span> <span class='ocrx_word' id='word_1_270' title='bbox 519 1318 583 1338; x_wconf 91' lang='lat' dir='ltr'>non</span> <span class='ocrx_word' id='word_1_271' title='bbox 599 1307 642 1338; x_wconf 89' lang='lat' dir='ltr'>est</span> <span class='ocrx_word' id='word_1_272' title='bbox 653 1327 660 1340; x_wconf 87' lang='lat'><em>‚</em></span> <span class='ocrx_word' id='word_1_273' title='bbox 681 1307 751 1337; x_wconf 90' lang='lat' dir='ltr'>ideo</span> <span class='ocrx_word' id='word_1_274' title='bbox 770 1305 852 1348; x_wconf 76' lang='lat' dir='ltr'>quod</span> <span class='ocrx_word' id='word_1_275' title='bbox 869 1305 998 1346; x_wconf 86' lang='lat' dir='ltr'>populus</span> <span class='ocrx_word' id='word_1_276' title='bbox 1007 1307 1166 1334; x_wconf 85' lang='lat' dir='ltr'>Romanus</span> 
     </span>
     <span class='ocr_line' id='line_1_31' title="bbox 213 1347 1167 1389; baseline -0.006 -9"><span class='ocrx_word' id='word_1_277' title='bbox 213 1360 267 1381; x_wconf 88' lang='lat' dir='ltr'>me</span> <span class='ocrx_word' id='word_1_278' title='bbox 278 1371 286 1384; x_wconf 94' lang='lat'>‚</span> <span class='ocrx_word' id='word_1_279' title='bbox 311 1350 386 1380; x_wconf 93' lang='lat' dir='ltr'>nolo</span> <span class='ocrx_word' id='word_1_280' title='bbox 404 1350 502 1380; x_wconf 81' lang='lat' dir='ltr'><strong>dicere</strong></span> <span class='ocrx_word' id='word_1_281' title='bbox 512 1370 520 1383; x_wconf 92' lang='lat'>‚</span> <span class='ocrx_word' id='word_1_282' title='bbox 544 1351 632 1380; x_wconf 86' lang='lat' dir='ltr'>necui</span> <span class='ocrx_word' id='word_1_283' title='bbox 642 1348 720 1380; x_wconf 77' lang='lat' dir='ltr'>forte</span> <span class='ocrx_word' id='word_1_284' title='bbox 732 1357 868 1389; x_wconf 84' lang='lat' dir='ltr'>arrogans</span> <span class='ocrx_word' id='word_1_285' title='bbox 876 1347 993 1377; x_wconf 84' lang='lat' dir='ltr'>videar:</span> <span class='ocrx_word' id='word_1_286' title='bbox 1022 1355 1051 1376; x_wconf 90' lang='lat' dir='ltr'>te</span> <span class='ocrx_word' id='word_1_287' title='bbox 1067 1354 1167 1376; x_wconf 85' lang='lat' dir='ltr'>autern</span> 
     </span>
     <span class='ocr_line' id='line_1_32' title="bbox 211 1386 1167 1433; baseline -0.007 -10"><span class='ocrx_word' id='word_1_288' title='bbox 211 1393 287 1433; x_wconf 78' lang='lat' dir='ltr'>saepe</span> <span class='ocrx_word' id='word_1_289' title='bbox 295 1393 464 1433; x_wconf 83' lang='lat' dir='ltr'>ignominia</span> <span class='ocrx_word' id='word_1_290' title='bbox 472 1391 597 1433; x_wconf 88' lang='lat' dir='ltr'>dignum</span> <span class='ocrx_word' id='word_1_291' title='bbox 607 1392 727 1431; x_wconf 86' lang='lat' dir='ltr'>putavit.</span> <span class='ocrx_word' id='word_1_292' title='bbox 750 1393 828 1421; x_wconf 91' lang='lat' dir='ltr'>Item</span> <span class='ocrx_word' id='word_1_293' title='bbox 840 1409 849 1423; x_wconf 86' lang='lat'>‚</span> <span class='ocrx_word' id='word_1_294' title='bbox 869 1391 914 1419; x_wconf 83' lang='lat' dir='ltr'>Tu</span> <span class='ocrx_word' id='word_1_295' title='bbox 924 1387 976 1424; x_wconf 66' lang='lat' dir='ltr'>ista</span> <span class='ocrx_word' id='word_1_296' title='bbox 986 1397 1069 1418; x_wconf 88' lang='lat' dir='ltr'>nunc</span> <span class='ocrx_word' id='word_1_297' title='bbox 1078 1386 1167 1418; x_wconf 84' lang='lat' dir='ltr'>audes</span> 
     </span>
     <span class='ocr_line' id='line_1_33' title="bbox 208 1426 1167 1474; baseline -0.006 -10"><span class='ocrx_word' id='word_1_298' title='bbox 208 1434 321 1467; x_wconf 85' lang='lat' dir='ltr'><strong>dicere,</strong></span> <span class='ocrx_word' id='word_1_299' title='bbox 333 1435 384 1474; x_wconf 89' lang='lat' dir='ltr'>qui</span> <span class='ocrx_word' id='word_1_300' title='bbox 394 1443 487 1474; x_wconf 82' lang='lat' dir='ltr'>nuper</span> <span class='ocrx_word' id='word_1_301' title='bbox 495 1433 597 1463; x_wconf 84' lang='lat' dir='ltr'>alienae</span> <span class='ocrx_word' id='word_1_302' title='bbox 608 1433 735 1463; x_wconf 85' lang='lat' dir='ltr'>domui?</span> <span class='ocrx_word' id='word_1_303' title='bbox 746 1442 810 1462; x_wconf 90' lang='lat' dir='ltr'>non</span> <span class='ocrx_word' id='word_1_304' title='bbox 819 1429 911 1461; x_wconf 85' lang='lat' dir='ltr'>ausim</span> <span class='ocrx_word' id='word_1_305' title='bbox 921 1430 1030 1463; x_wconf 85' lang='lat' dir='ltr'>dicere,</span> <span class='ocrx_word' id='word_1_306' title='bbox 1042 1426 1167 1462; x_wconf 51' lang='lat' dir='ltr'>nestum</span> 
     </span>
     <span class='ocr_line' id='line_1_34' title="bbox 210 1468 1169 1516; baseline -0.006 -10"><span class='ocrx_word' id='word_1_307' title='bbox 210 1483 241 1507; x_wconf 89' lang='lat' dir='ltr'>te</span> <span class='ocrx_word' id='word_1_308' title='bbox 252 1475 340 1516; x_wconf 86' lang='lat' dir='ltr'>digna</span> <span class='ocrx_word' id='word_1_309' title='bbox 349 1475 463 1509; x_wconf 80' lang='lat' dir='ltr'>dixero,</span> <span class='ocrx_word' id='word_1_310' title='bbox 475 1485 524 1504; x_wconf 87' lang='lat' dir='ltr'>me</span> <span class='ocrx_word' id='word_1_311' title='bbox 535 1475 695 1516; x_wconf 87' lang='lat' dir='ltr'>indignum</span> <span class='ocrx_word' id='word_1_312' title='bbox 706 1475 860 1515; x_wconf 86' lang='lat' dir='ltr'>quippiam</span> <span class='ocrx_word' id='word_1_313' title='bbox 869 1470 977 1503; x_wconf 75' lang='lat' dir='ltr'>dixisse</span> <span class='ocrx_word' id='word_1_314' title='bbox 987 1471 1096 1501; x_wconf 85' lang='lat' dir='ltr'>videar.</span> <span class='ocrx_word' id='word_1_315' title='bbox 1109 1468 1169 1500; x_wconf 83' lang='lat' dir='ltr'>Hic</span> 
     </span>
     <span class='ocr_line' id='line_1_35' title="bbox 209 1511 1166 1557; baseline -0.007 -9"><span class='ocrx_word' id='word_1_316' title='bbox 209 1519 339 1548; x_wconf 81' lang='lat' dir='ltr'>atrocior</span> <span class='ocrx_word' id='word_1_317' title='bbox 357 1519 442 1548; x_wconf 85' lang='lat' dir='ltr'>tacita</span> <span class='ocrx_word' id='word_1_318' title='bbox 460 1517 586 1556; x_wconf 87' lang='lat' dir='ltr'>suspicio</span> <span class='ocrx_word' id='word_1_319' title='bbox 599 1537 607 1550; x_wconf 83' lang='lat'>,</span> <span class='ocrx_word' id='word_1_320' title='bbox 627 1516 718 1557; x_wconf 69' lang='lat' dir='ltr'>quam</span> <span class='ocrx_word' id='word_1_321' title='bbox 738 1516 842 1546; x_wconf 58' lang='lat' dir='ltr'>diserta</span> <span class='ocrx_word' id='word_1_322' title='bbox 852 1514 1020 1554; x_wconf 81' lang='lat' dir='ltr'>explanatio</span> <span class='ocrx_word' id='word_1_323' title='bbox 1029 1512 1104 1543; x_wconf 69' lang='lat' dir='ltr'>faEta</span> <span class='ocrx_word' id='word_1_324' title='bbox 1113 1511 1166 1542; x_wconf 89' lang='lat' dir='ltr'>est.</span> 
     </span>
     <span class='ocr_line' id='line_1_36' title="bbox 211 1553 1167 1599; baseline -0.006 -10"><span class='ocrx_word' id='word_1_325' title='bbox 211 1557 373 1589; x_wconf 79' lang='lat' dir='ltr'>Conclusio</span> <span class='ocrx_word' id='word_1_326' title='bbox 387 1557 430 1589; x_wconf 86' lang='lat' dir='ltr'>est</span> <span class='ocrx_word' id='word_1_327' title='bbox 441 1579 450 1592; x_wconf 86' lang='lat'>,</span> <span class='ocrx_word' id='word_1_328' title='bbox 470 1569 534 1599; x_wconf 81' lang='lat' dir='ltr'>quoe</span> <span class='ocrx_word' id='word_1_329' title='bbox 544 1558 627 1588; x_wconf 89' lang='lat' dir='ltr'>brevi</span> <span class='ocrx_word' id='word_1_330' title='bbox 636 1558 891 1598; x_wconf 83' lang='lat' dir='ltr'>argumentatione</span> <span class='ocrx_word' id='word_1_331' title='bbox 900 1566 939 1586; x_wconf 85' lang='lat' dir='ltr'>ex</span> <span class='ocrx_word' id='word_1_332' title='bbox 948 1557 984 1585; x_wconf 90' lang='lat' dir='ltr'>iis</span> <span class='ocrx_word' id='word_1_333' title='bbox 996 1575 1004 1588; x_wconf 87' lang='lat'>,</span> <span class='ocrx_word' id='word_1_334' title='bbox 1023 1565 1090 1596; x_wconf 83' lang='lat' dir='ltr'>quae</span> <span class='ocrx_word' id='word_1_335' title='bbox 1099 1553 1167 1584; x_wconf 69' lang='lat' dir='ltr'>ante</span> 
     </span>
     <span class='ocr_line' id='line_1_37' title="bbox 210 1596 1170 1639; baseline -0.006 -8"><span class='ocrx_word' id='word_1_336' title='bbox 210 1600 292 1631; x_wconf 57' lang='lat' dir='ltr'>dffia</span> <span class='ocrx_word' id='word_1_337' title='bbox 302 1601 319 1631; x_wconf 91' lang='lat' dir='ltr'>s</span> <span class='ocrx_word' id='word_1_338' title='bbox 317 1609 370 1630; x_wconf 88' lang='lat' dir='ltr'>unt</span> <span class='ocrx_word' id='word_1_339' title='bbox 381 1620 389 1633; x_wconf 90' lang='lat'>,</span> <span class='ocrx_word' id='word_1_340' title='bbox 400 1609 449 1631; x_wconf 91' lang='lat' dir='ltr'>aut</span> <span class='ocrx_word' id='word_1_341' title='bbox 458 1599 543 1633; x_wconf 66' lang='lat' dir='ltr'>faeta,</span> <span class='ocrx_word' id='word_1_342' title='bbox 556 1599 680 1630; x_wconf 88' lang='lat' dir='ltr'>conficit</span> <span class='ocrx_word' id='word_1_343' title='bbox 690 1599 732 1632; x_wconf 86' lang='lat' dir='ltr'>id,</span> <span class='ocrx_word' id='word_1_344' title='bbox 744 1598 824 1639; x_wconf 92' lang='lat' dir='ltr'>quod</span> <span class='ocrx_word' id='word_1_345' title='bbox 835 1596 997 1628; x_wconf 75' lang='lat' dir='ltr'>necessario</span> <span class='ocrx_word' id='word_1_346' title='bbox 1007 1597 1170 1637; x_wconf 89' lang='lat' dir='ltr'>consequa-</span> 
     </span>
     <span class='ocr_line' id='line_1_38' title="bbox 208 1639 1170 1683; baseline -0.005 -11"><span class='ocrx_word' id='word_1_347' title='bbox 208 1650 261 1673; x_wconf 86' lang='lat' dir='ltr'>tur</span> <span class='ocrx_word' id='word_1_348' title='bbox 273 1663 281 1675; x_wconf 86' lang='lat'>,</span> <span class='ocrx_word' id='word_1_349' title='bbox 293 1643 352 1672; x_wconf 90' lang='lat' dir='ltr'>hoc</span> <span class='ocrx_word' id='word_1_350' title='bbox 361 1642 456 1672; x_wconf 90' lang='lat' dir='ltr'>modo</span> <span class='ocrx_word' id='word_1_351' title='bbox 467 1652 472 1670; x_wconf 77' lang='lat' dir='ltr'><strong><em>z</em></strong></span> <span class='ocrx_word' id='word_1_352' title='bbox 495 1640 612 1683; x_wconf 77' lang='lat' dir='ltr'>defi</span> <span class='ocrx_word' id='word_1_353' title='bbox 619 1644 730 1672; x_wconf 83' lang='lat' dir='ltr'>Danais</span> <span class='ocrx_word' id='word_1_354' title='bbox 738 1641 841 1671; x_wconf 88' lang='lat' dir='ltr'>datum</span> <span class='ocrx_word' id='word_1_355' title='bbox 852 1647 911 1670; x_wconf 90' lang='lat' dir='ltr'>erat</span> <span class='ocrx_word' id='word_1_356' title='bbox 919 1639 1073 1669; x_wconf 89' lang='lat' dir='ltr'>oraculum</span> <span class='ocrx_word' id='word_1_357' title='bbox 1084 1658 1093 1672; x_wconf 91' lang='lat'>,</span> <span class='ocrx_word' id='word_1_358' title='bbox 1106 1647 1170 1668; x_wconf 87' lang='lat' dir='ltr'>non</span> 
     </span>
     <span class='ocr_line' id='line_1_39' title="bbox 212 1679 1170 1725; baseline -0.005 -11"><span class='ocrx_word' id='word_1_359' title='bbox 212 1682 296 1724; x_wconf 80' lang='lat' dir='ltr'>poss&#39;e</span> <span class='ocrx_word' id='word_1_360' title='bbox 306 1685 369 1725; x_wconf 81' lang='lat' dir='ltr'>capi</span> <span class='ocrx_word' id='word_1_361' title='bbox 381 1684 506 1724; x_wconf 77' lang='lat' dir='ltr'>Trojam</span> <span class='ocrx_word' id='word_1_362' title='bbox 518 1683 578 1714; x_wconf 86' lang='lat' dir='ltr'>sine</span> <span class='ocrx_word' id='word_1_363' title='bbox 589 1683 761 1714; x_wconf 66' lang='lat' dir='ltr'>Philo&amp;etae</span> <span class='ocrx_word' id='word_1_364' title='bbox 779 1683 887 1722; x_wconf 84' lang='lat' dir='ltr'>sagittis</span> <span class='ocrx_word' id='word_1_365' title='bbox 899 1702 907 1715; x_wconf 92' lang='lat'>,</span> <span class='ocrx_word' id='word_1_366' title='bbox 928 1682 973 1711; x_wconf 86' lang='lat' dir='ltr'>hae</span> <span class='ocrx_word' id='word_1_367' title='bbox 982 1689 1081 1711; x_wconf 87' lang='lat' dir='ltr'>autem</span> <span class='ocrx_word' id='word_1_368' title='bbox 1091 1679 1170 1710; x_wconf 87' lang='lat' dir='ltr'>nihil</span> 
     </span>
     <span class='ocr_line' id='line_1_40' title="bbox 215 1721 1170 1765; baseline -0.005 -9"><span class='ocrx_word' id='word_1_369' title='bbox 215 1725 296 1756; x_wconf 90' lang='lat' dir='ltr'>aliud</span> <span class='ocrx_word' id='word_1_370' title='bbox 306 1725 441 1756; x_wconf 83' lang='lat' dir='ltr'>fecerunt</span> <span class='ocrx_word' id='word_1_371' title='bbox 452 1746 460 1759; x_wconf 83' lang='lat'>,</span> <span class='ocrx_word' id='word_1_372' title='bbox 473 1724 527 1756; x_wconf 90' lang='lat' dir='ltr'>nisi</span> <span class='ocrx_word' id='word_1_373' title='bbox 537 1725 742 1756; x_wconf 81' lang='lat' dir='ltr'>Alexandrum</span> <span class='ocrx_word' id='word_1_374' title='bbox 753 1725 956 1765; x_wconf 86' lang='lat' dir='ltr'>perculerunt:</span> <span class='ocrx_word' id='word_1_375' title='bbox 967 1724 1047 1754; x_wconf 88' lang='lat' dir='ltr'>hunc</span> <span class='ocrx_word' id='word_1_376' title='bbox 1058 1721 1170 1752; x_wconf 85' lang='lat' dir='ltr'>exstin-</span> 
     </span>
     <span class='ocr_line' id='line_1_41' title="bbox 214 1763 1172 1809; baseline -0.004 -12"><span class='ocrx_word' id='word_1_377' title='bbox 214 1777 305 1809; x_wconf 84' lang='lat' dir='ltr'>guere</span> <span class='ocrx_word' id='word_1_378' title='bbox 317 1788 325 1802; x_wconf 87' lang='lat'>,</span> <span class='ocrx_word' id='word_1_379' title='bbox 346 1767 377 1798; x_wconf 93' lang='lat' dir='ltr'>id</span> <span class='ocrx_word' id='word_1_380' title='bbox 388 1770 536 1798; x_wconf 86' lang='lat' dir='ltr'>nimirum</span> <span class='ocrx_word' id='word_1_381' title='bbox 547 1769 609 1808; x_wconf 86' lang='lat' dir='ltr'>capi</span> <span class='ocrx_word' id='word_1_382' title='bbox 620 1767 677 1797; x_wconf 82' lang='lat' dir='ltr'>fuit</span> <span class='ocrx_word' id='word_1_383' title='bbox 686 1768 822 1806; x_wconf 85' lang='lat' dir='ltr'>Trojam.</span> <span class='ocrx_word' id='word_1_384' title='bbox 852 1768 1010 1796; x_wconf 74' lang='lat' dir='ltr'>RESTANT</span> <span class='ocrx_word' id='word_1_385' title='bbox 1020 1766 1109 1795; x_wconf 88' lang='lat' dir='ltr'>etiam</span> <span class='ocrx_word' id='word_1_386' title='bbox 1120 1763 1172 1793; x_wconf 88' lang='lat' dir='ltr'>de-</span> 
     </span>
     <span class='ocr_line' id='line_1_42' title="bbox 213 1806 1173 1849; baseline -0.005 -9"><span class='ocrx_word' id='word_1_387' title='bbox 213 1819 283 1840; x_wconf 79' lang='lat' dir='ltr'>tem</span> <span class='ocrx_word' id='word_1_388' title='bbox 294 1811 504 1840; x_wconf 81' lang='lat' dir='ltr'>exornationes</span> <span class='ocrx_word' id='word_1_389' title='bbox 514 1809 674 1839; x_wconf 88' lang='lat' dir='ltr'>verborum</span> <span class='ocrx_word' id='word_1_390' title='bbox 684 1829 695 1844; x_wconf 66' lang='lat' dir='ltr'>o</span> <span class='ocrx_word' id='word_1_391' title='bbox 705 1819 774 1849; x_wconf 87' lang='lat' dir='ltr'>quas</span> <span class='ocrx_word' id='word_1_392' title='bbox 784 1806 896 1838; x_wconf 77' lang='lat' dir='ltr'>idcirco</span> <span class='ocrx_word' id='word_1_393' title='bbox 908 1817 971 1837; x_wconf 93' lang='lat' dir='ltr'>non</span> <span class='ocrx_word' id='word_1_394' title='bbox 980 1806 1051 1848; x_wconf 71' lang='lat' dir='ltr'>vage</span> <span class='ocrx_word' id='word_1_395' title='bbox 1062 1806 1173 1846; x_wconf 86' lang='lat' dir='ltr'>disper-</span> 
     </span>
     <span class='ocr_line' id='line_1_43' title="bbox 212 1848 1173 1891; baseline -0.005 -10"><span class='ocrx_word' id='word_1_396' title='bbox 212 1850 307 1881; x_wconf 79' lang='lat' dir='ltr'>simus</span> <span class='ocrx_word' id='word_1_397' title='bbox 320 1872 328 1884; x_wconf 92' lang='lat'>‚</span> <span class='ocrx_word' id='word_1_398' title='bbox 341 1851 388 1881; x_wconf 89' lang='lat' dir='ltr'>sed</span> <span class='ocrx_word' id='word_1_399' title='bbox 401 1850 415 1881; x_wconf 74' lang='lat' dir='ltr'>a</span> <span class='ocrx_word' id='word_1_400' title='bbox 428 1851 626 1891; x_wconf 84' lang='lat' dir='ltr'>superioribus</span> <span class='ocrx_word' id='word_1_401' title='bbox 637 1852 844 1891; x_wconf 77' lang='lat' dir='ltr'>separavimus,</span> <span class='ocrx_word' id='word_1_402' title='bbox 856 1848 938 1890; x_wconf 74' lang='lat' dir='ltr'>quod</span> <span class='ocrx_word' id='word_1_403' title='bbox 949 1857 1056 1878; x_wconf 86' lang='lat' dir='ltr'>omnes</span> <span class='ocrx_word' id='word_1_404' title='bbox 1066 1850 1100 1877; x_wconf 89' lang='lat' dir='ltr'>in</span> <span class='ocrx_word' id='word_1_405' title='bbox 1110 1857 1173 1877; x_wconf 92' lang='lat' dir='ltr'>uno</span> 
     </span>
     <span class='ocr_line' id='line_1_44' title="bbox 211 1888 1170 1934; baseline -0.002 -11"><span class='ocrx_word' id='word_1_406' title='bbox 211 1903 323 1934; x_wconf 79' lang='lat' dir='ltr'>genere</span> <span class='ocrx_word' id='word_1_407' title='bbox 352 1891 431 1923; x_wconf 82' lang='lat' dir='ltr'>ositae</span> <span class='ocrx_word' id='word_1_408' title='bbox 440 1894 515 1923; x_wconf 89' lang='lat' dir='ltr'>sunt.</span> <span class='ocrx_word' id='word_1_409' title='bbox 527 1896 608 1923; x_wconf 90' lang='lat' dir='ltr'>Nam</span> <span class='ocrx_word' id='word_1_410' title='bbox 619 1903 719 1922; x_wconf 86' lang='lat' dir='ltr'>earum</span> <span class='ocrx_word' id='word_1_411' title='bbox 730 1893 873 1922; x_wconf 89' lang='lat' dir='ltr'>omnium</span> <span class='ocrx_word' id='word_1_412' title='bbox 884 1892 941 1921; x_wconf 83' lang='lat' dir='ltr'>hoc</span> <span class='ocrx_word' id='word_1_413' title='bbox 949 1891 1106 1931; x_wconf 85' lang='lat' dir='ltr'>proprium</span> <span class='ocrx_word' id='word_1_414' title='bbox 1117 1888 1170 1921; x_wconf 80' lang='lat' dir='ltr'>est,</span> 
     </span>
     <span class='ocr_line' id='line_1_45' title="bbox 212 1931 1172 1974; baseline -0.005 -9"><span class='ocrx_word' id='word_1_415' title='bbox 212 1934 294 1965; x_wconf 84' lang='lat' dir='ltr'>utab</span> <span class='ocrx_word' id='word_1_416' title='bbox 304 1945 323 1965; x_wconf 92' lang='lat' dir='ltr'>u</span> <span class='ocrx_word' id='word_1_417' title='bbox 336 1944 403 1965; x_wconf 86' lang='lat' dir='ltr'>itata</span> <span class='ocrx_word' id='word_1_418' title='bbox 412 1935 572 1965; x_wconf 87' lang='lat' dir='ltr'>verborum</span> <span class='ocrx_word' id='word_1_419' title='bbox 583 1933 723 1974; x_wconf 87' lang='lat' dir='ltr'>potestate</span> <span class='ocrx_word' id='word_1_420' title='bbox 740 1933 908 1966; x_wconf 87' lang='lat' dir='ltr'>recedatur,</span> <span class='ocrx_word' id='word_1_421' title='bbox 928 1941 1014 1973; x_wconf 88' lang='lat' dir='ltr'>atque</span> <span class='ocrx_word' id='word_1_422' title='bbox 1032 1933 1066 1961; x_wconf 89' lang='lat' dir='ltr'>in</span> <span class='ocrx_word' id='word_1_423' title='bbox 1084 1931 1172 1961; x_wconf 84' lang='lat' dir='ltr'>aliam</span> 
     </span>
     <span class='ocr_line' id='line_1_46' title="bbox 212 1973 1173 2017; baseline -0.006 -10"><span class='ocrx_word' id='word_1_424' title='bbox 212 1978 363 2008; x_wconf 78' lang='lat' dir='ltr'>rationem</span> <span class='ocrx_word' id='word_1_425' title='bbox 373 1986 444 2006; x_wconf 89' lang='lat' dir='ltr'>cum</span> <span class='ocrx_word' id='word_1_426' title='bbox 453 1977 580 2017; x_wconf 84' lang='lat' dir='ltr'>quadam</span> <span class='ocrx_word' id='word_1_427' title='bbox 589 1975 741 2006; x_wconf 78' lang='lat' dir='ltr'>venustate</span> <span class='ocrx_word' id='word_1_428' title='bbox 751 1977 847 2005; x_wconf 85' lang='lat' dir='ltr'>oratio</span> <span class='ocrx_word' id='word_1_429' title='bbox 858 1973 1035 2004; x_wconf 79' lang='lat' dir='ltr'>conferatur.</span> <span class='ocrx_word' id='word_1_430' title='bbox 1047 1976 1095 2003; x_wconf 91' lang='lat' dir='ltr'>De</span> <span class='ocrx_word' id='word_1_431' title='bbox 1106 1974 1173 2013; x_wconf 88' lang='lat' dir='ltr'>qui-</span> 
     </span>
     <span class='ocr_line' id='line_1_47' title="bbox 214 2014 1174 2056; baseline -0.005 -7"><span class='ocrx_word' id='word_1_432' title='bbox 214 2017 272 2049; x_wconf 86' lang='lat' dir='ltr'>bus</span> <span class='ocrx_word' id='word_1_433' title='bbox 281 2018 529 2048; x_wconf 84' lang='lat' dir='ltr'>exornationibus</span> <span class='ocrx_word' id='word_1_434' title='bbox 540 2019 711 2048; x_wconf 81' lang='lat' dir='ltr'>nominatio</span> <span class='ocrx_word' id='word_1_435' title='bbox 721 2016 764 2047; x_wconf 90' lang='lat' dir='ltr'>est</span> <span class='ocrx_word' id='word_1_436' title='bbox 776 2025 872 2056; x_wconf 89' lang='lat' dir='ltr'>prima</span> <span class='ocrx_word' id='word_1_437' title='bbox 882 2035 890 2049; x_wconf 84' lang='lat'>,</span> <span class='ocrx_word' id='word_1_438' title='bbox 910 2026 976 2056; x_wconf 84' lang='lat' dir='ltr'>quae</span> <span class='ocrx_word' id='word_1_439' title='bbox 994 2024 1050 2045; x_wconf 81' lang='lat' dir='ltr'>nos</span> <span class='ocrx_word' id='word_1_440' title='bbox 1068 2014 1174 2045; x_wconf 89' lang='lat' dir='ltr'>admo-</span> 
     </span>
     <span class='ocr_line' id='line_1_48' title="bbox 213 2057 1175 2094; baseline -0.005 -3"><span class='ocrx_word' id='word_1_441' title='bbox 213 2068 287 2094; x_wconf 80' lang='lat' dir='ltr'>net,</span> <span class='ocrx_word' id='word_1_442' title='bbox 307 2068 340 2090; x_wconf 89' lang='lat' dir='ltr'>ut</span> <span class='ocrx_word' id='word_1_443' title='bbox 350 2080 357 2092; x_wconf 85' lang='lat'>,</span> <span class='ocrx_word' id='word_1_444' title='bbox 371 2061 419 2090; x_wconf 89' lang='lat' dir='ltr'>cui</span> <span class='ocrx_word' id='word_1_445' title='bbox 430 2061 472 2090; x_wconf 87' lang='lat' dir='ltr'>rei</span> <span class='ocrx_word' id='word_1_446' title='bbox 489 2070 606 2089; x_wconf 85' lang='lat' dir='ltr'>nornen</span> <span class='ocrx_word' id='word_1_447' title='bbox 614 2068 663 2089; x_wconf 86' lang='lat' dir='ltr'>aut</span> <span class='ocrx_word' id='word_1_448' title='bbox 673 2069 736 2088; x_wconf 89' lang='lat' dir='ltr'>non</span> <span class='ocrx_word' id='word_1_449' title='bbox 748 2057 781 2088; x_wconf 80' lang='lat' dir='ltr'>sit</span> <span class='ocrx_word' id='word_1_450' title='bbox 793 2079 801 2092; x_wconf 81' lang='lat'>‚</span> <span class='ocrx_word' id='word_1_451' title='bbox 820 2066 868 2088; x_wconf 87' lang='lat' dir='ltr'>aut</span> <span class='ocrx_word' id='word_1_452' title='bbox 878 2058 943 2088; x_wconf 87' lang='lat' dir='ltr'>satis</span> <span class='ocrx_word' id='word_1_453' title='bbox 954 2057 1100 2087; x_wconf 84' lang='lat' dir='ltr'>idoneum</span> <span class='ocrx_word' id='word_1_454' title='bbox 1111 2066 1175 2086; x_wconf 88' lang='lat' dir='ltr'>non</span> 
     </span>
     <span class='ocr_line' id='line_1_49' title="bbox 212 2099 1174 2134; baseline -0.004 -3"><span class='ocrx_word' id='word_1_455' title='bbox 212 2100 261 2134; x_wconf 84' lang='lat' dir='ltr'>sit,</span> <span class='ocrx_word' id='word_1_456' title='bbox 273 2111 338 2130; x_wconf 91' lang='lat' dir='ltr'>eam</span> <span class='ocrx_word' id='word_1_457' title='bbox 350 2102 469 2131; x_wconf 88' lang='lat' dir='ltr'>nosmet</span> <span class='ocrx_word' id='word_1_458' title='bbox 478 2101 592 2131; x_wconf 86' lang='lat' dir='ltr'>idoneo</span> <span class='ocrx_word' id='word_1_459' title='bbox 600 2101 693 2131; x_wconf 89' lang='lat' dir='ltr'>verbo</span> <span class='ocrx_word' id='word_1_460' title='bbox 703 2102 914 2132; x_wconf 86' lang='lat' dir='ltr'>nominemus,</span> <span class='ocrx_word' id='word_1_461' title='bbox 925 2108 974 2129; x_wconf 89' lang='lat' dir='ltr'>aut</span> <span class='ocrx_word' id='word_1_462' title='bbox 984 2099 1174 2130; x_wconf 87' lang='lat' dir='ltr'>imitationis,</span> 
     </span>
     <span class='ocr_line' id='line_1_50' title="bbox 214 2140 1174 2182; baseline -0.005 -10"><span class='ocrx_word' id='word_1_463' title='bbox 214 2151 267 2172; x_wconf 83' lang='lat' dir='ltr'>aut</span> <span class='ocrx_word' id='word_1_464' title='bbox 277 2140 349 2182; x_wconf 81' lang='lat' dir='ltr'>signi</span> <span class='ocrx_word' id='word_1_465' title='bbox 355 2140 500 2172; x_wconf 86' lang='lat' dir='ltr'>ficationis</span> <span class='ocrx_word' id='word_1_466' title='bbox 511 2142 601 2171; x_wconf 32' lang='lat' dir='ltr'>causa*</span> <span class='ocrx_word' id='word_1_467' title='bbox 613 2143 808 2173; x_wconf 70' lang='lat' dir='ltr'>minationis,</span> <span class='ocrx_word' id='word_1_468' title='bbox 821 2142 878 2169; x_wconf 89' lang='lat' dir='ltr'>hoc</span> <span class='ocrx_word' id='word_1_469' title='bbox 887 2140 994 2172; x_wconf 89' lang='lat' dir='ltr'>modo,</span> <span class='ocrx_word' id='word_1_470' title='bbox 1005 2149 1038 2169; x_wconf 90' lang='lat' dir='ltr'>ut</span> <span class='ocrx_word' id='word_1_471' title='bbox 1048 2141 1174 2178; x_wconf 85' lang='lat' dir='ltr'>majores</span> 
     </span>
     <span class='ocr_line' id='line_1_51' title="bbox 211 2179 1178 2224; baseline -0.005 -11"><span class='ocrx_word' id='word_1_472' title='bbox 211 2183 334 2215; x_wconf 68' lang='lat' dir='ltr'>rudere,</span> <span class='ocrx_word' id='word_1_473' title='bbox 347 2183 379 2213; x_wconf 73' lang='grc' dir='ltr'>δε</span> <span class='ocrx_word' id='word_1_474' title='bbox 389 2185 500 2224; x_wconf 84' lang='lat' dir='ltr'>vagire,</span> <span class='ocrx_word' id='word_1_475' title='bbox 513 2183 546 2212; x_wconf 91' lang='lat'>&amp;</span> <span class='ocrx_word' id='word_1_476' title='bbox 556 2185 671 2223; x_wconf 89' lang='lat' dir='ltr'>mugire</span> <span class='ocrx_word' id='word_1_477' title='bbox 681 2202 689 2216; x_wconf 83' lang='lat'>,</span> <span class='ocrx_word' id='word_1_478' title='bbox 704 2182 736 2211; x_wconf 91' lang='lat'>&amp;</span> <span class='ocrx_word' id='word_1_479' title='bbox 747 2190 931 2211; x_wconf 72' lang='lat' dir='ltr'>murmurare</span> <span class='ocrx_word' id='word_1_480' title='bbox 942 2200 951 2213; x_wconf 87' lang='lat'>‚</span> <span class='ocrx_word' id='word_1_481' title='bbox 963 2181 995 2209; x_wconf 88' lang='lat'>&amp;</span> <span class='ocrx_word' id='word_1_482' title='bbox 1005 2179 1118 2210; x_wconf 77' lang='lat' dir='ltr'>sibilare</span> <span class='ocrx_word' id='word_1_483' title='bbox 1127 2189 1178 2218; x_wconf 84' lang='lat' dir='ltr'>ap·</span> 
     </span>
     <span class='ocr_line' id='line_1_52' title="bbox 212 2220 1176 2267; baseline -0.006 -12"><span class='ocrx_word' id='word_1_484' title='bbox 212 2225 411 2267; x_wconf 78' lang='lat' dir='ltr'>pellaverunt.</span> <span class='ocrx_word' id='word_1_485' title='bbox 434 2227 463 2255; x_wconf 90' lang='lat' dir='ltr'>Si</span> <span class='ocrx_word' id='word_1_486' title='bbox 486 2223 643 2254; x_wconf 79' lang='lat' dir='ltr'>nificandae</span> <span class='ocrx_word' id='word_1_487' title='bbox 660 2225 702 2254; x_wconf 84' lang='lat' dir='ltr'>rei</span> <span class='ocrx_word' id='word_1_488' title='bbox 723 2223 804 2253; x_wconf 84' lang='lat' dir='ltr'>causa</span> <span class='ocrx_word' id='word_1_489' title='bbox 814 2242 822 2256; x_wconf 94' lang='lat'>‚</span> <span class='ocrx_word' id='word_1_490' title='bbox 845 2220 883 2251; x_wconf 87' lang='lat' dir='ltr'>fic</span> <span class='ocrx_word' id='word_1_491' title='bbox 895 2232 900 2250; x_wconf 91' lang='grc'>;</span> <span class='ocrx_word' id='word_1_492' title='bbox 921 2220 1068 2262; x_wconf 80' lang='lat' dir='ltr'>Postquam</span> <span class='ocrx_word' id='word_1_493' title='bbox 1080 2220 1133 2250; x_wconf 79' lang='lat' dir='ltr'>iste</span> <span class='ocrx_word' id='word_1_494' title='bbox 1144 2224 1176 2249; x_wconf 88' lang='lat' dir='ltr'>in</span> 
     </span>
     <span class='ocr_line' id='line_1_53' title="bbox 216 2235 1176 2306; baseline -0.005 -10"><span class='ocrx_word' id='word_1_495' title='bbox 216 2265 437 2306; x_wconf 78' lang='lat' dir='ltr'>rempublicam</span> <span class='ocrx_word' id='word_1_496' title='bbox 455 2235 527 2295; x_wconf 48' lang='lat' dir='ltr'>{cit</span> <span class='ocrx_word' id='word_1_497' title='bbox 543 2268 692 2305; x_wconf 84' lang='lat' dir='ltr'>impetum</span> <span class='ocrx_word' id='word_1_498' title='bbox 703 2285 712 2298; x_wconf 91' lang='lat'>,</span> <span class='ocrx_word' id='word_1_499' title='bbox 732 2264 828 2305; x_wconf 85' lang='lat' dir='ltr'>fragor</span> <span class='ocrx_word' id='word_1_500' title='bbox 837 2264 965 2293; x_wconf 87' lang='lat' dir='ltr'>civitatis</span> <span class='ocrx_word' id='word_1_501' title='bbox 975 2264 1007 2292; x_wconf 85' lang='lat' dir='ltr'>in</span> <span class='ocrx_word' id='word_1_502' title='bbox 1018 2264 1122 2302; x_wconf 86' lang='lat' dir='ltr'>primis</span> <span class='ocrx_word' id='word_1_503' title='bbox 1134 2260 1176 2291; x_wconf 91' lang='lat' dir='ltr'>cst</span> 
     </span>
     <span class='ocr_line' id='line_1_54' title="bbox 217 2301 1175 2348; baseline -0.005 -11"><span class='ocrx_word' id='word_1_504' title='bbox 217 2307 346 2339; x_wconf 75' lang='lat' dir='ltr'>auditus.</span> <span class='ocrx_word' id='word_1_505' title='bbox 378 2309 447 2337; x_wconf 87' lang='lat' dir='ltr'>Hoc</span> <span class='ocrx_word' id='word_1_506' title='bbox 456 2316 562 2348; x_wconf 84' lang='lat' dir='ltr'>genere</span> <span class='ocrx_word' id='word_1_507' title='bbox 573 2306 636 2337; x_wconf 76' lang='lat' dir='ltr'>raro</span> <span class='ocrx_word' id='word_1_508' title='bbox 648 2306 793 2336; x_wconf 86' lang='lat' dir='ltr'>utendum</span> <span class='ocrx_word' id='word_1_509' title='bbox 805 2304 847 2335; x_wconf 84' lang='lat' dir='ltr'>est</span> <span class='ocrx_word' id='word_1_510' title='bbox 857 2324 866 2338; x_wconf 87' lang='lat'>,</span> <span class='ocrx_word' id='word_1_511' title='bbox 887 2314 925 2334; x_wconf 87' lang='lat' dir='ltr'>ne</span> <span class='ocrx_word' id='word_1_512' title='bbox 935 2306 1009 2334; x_wconf 88' lang='lat' dir='ltr'>novi</span> <span class='ocrx_word' id='word_1_513' title='bbox 1019 2304 1102 2334; x_wconf 89' lang='lat' dir='ltr'>verbi</span> <span class='ocrx_word' id='word_1_514' title='bbox 1112 2301 1175 2334; x_wconf 68' lang='lat' dir='ltr'>assi-</span> 
     </span>
     <span class='ocr_line' id='line_1_55' title="bbox 219 2346 1177 2388; baseline -0.005 -9"><span class='ocrx_word' id='word_1_515' title='bbox 219 2349 317 2379; x_wconf 86' lang='lat' dir='ltr'>duitas</span> <span class='ocrx_word' id='word_1_516' title='bbox 327 2348 433 2378; x_wconf 89' lang='lat' dir='ltr'>odium</span> <span class='ocrx_word' id='word_1_517' title='bbox 443 2350 533 2388; x_wconf 84' lang='lat' dir='ltr'>pariat</span> <span class='ocrx_word' id='word_1_518' title='bbox 545 2359 550 2376; x_wconf 78' lang='lat' dir='ltr'><em>z</em></span> <span class='ocrx_word' id='word_1_519' title='bbox 571 2348 619 2378; x_wconf 82' lang='lat' dir='ltr'>sed</span> <span class='ocrx_word' id='word_1_520' title='bbox 630 2346 649 2377; x_wconf 86' lang='lat' dir='ltr'>si</span> <span class='ocrx_word' id='word_1_521' title='bbox 660 2346 825 2378; x_wconf 73' lang='lat' dir='ltr'>commode</span> <span class='ocrx_word' id='word_1_522' title='bbox 835 2347 902 2387; x_wconf 89' lang='lat' dir='ltr'>quis</span> <span class='ocrx_word' id='word_1_523' title='bbox 912 2355 948 2375; x_wconf 92' lang='lat' dir='ltr'>eo</span> <span class='ocrx_word' id='word_1_524' title='bbox 958 2353 1056 2378; x_wconf 86' lang='lat' dir='ltr'>utatur</span> <span class='ocrx_word' id='word_1_525' title='bbox 1066 2365 1074 2378; x_wconf 90' lang='lat'>‚</span> <span class='ocrx_word' id='word_1_526' title='bbox 1089 2346 1122 2375; x_wconf 79' lang='grc' dir='ltr'>δε</span> <span class='ocrx_word' id='word_1_527' title='bbox 1132 2354 1177 2374; x_wconf 84' lang='lat' dir='ltr'>ra—</span> 
     </span>
     <span class='ocr_line' id='line_1_56' title="bbox 216 2387 1175 2424; baseline -0.005 -4"><span class='ocrx_word' id='word_1_528' title='bbox 216 2389 254 2421; x_wconf 74' lang='lat' dir='ltr'>:to</span> <span class='ocrx_word' id='word_1_529' title='bbox 265 2410 274 2424; x_wconf 85' lang='lat'>,</span> <span class='ocrx_word' id='word_1_530' title='bbox 294 2400 358 2420; x_wconf 89' lang='lat' dir='ltr'>non</span> <span class='ocrx_word' id='word_1_531' title='bbox 367 2389 463 2420; x_wconf 79' lang='lat' dir='ltr'>modo</span> <span class='ocrx_word' id='word_1_532' title='bbox 473 2399 536 2419; x_wconf 90' lang='lat' dir='ltr'>non</span> <span class='ocrx_word' id='word_1_533' title='bbox 546 2387 681 2419; x_wconf 81' lang='lat' dir='ltr'>offendet</span> <span class='ocrx_word' id='word_1_534' title='bbox 690 2390 820 2419; x_wconf 87' lang='lat' dir='ltr'>novitate</span> <span class='ocrx_word' id='word_1_535' title='bbox 832 2407 840 2421; x_wconf 91' lang='lat'>‚</span> <span class='ocrx_word' id='word_1_536' title='bbox 860 2387 908 2417; x_wconf 87' lang='lat' dir='ltr'>sed</span> <span class='ocrx_word' id='word_1_537' title='bbox 919 2387 1078 2417; x_wconf 85' lang='lat' dir='ltr'>exornabit</span> <span class='ocrx_word' id='word_1_538' title='bbox 1086 2388 1175 2416; x_wconf 89' lang='lat' dir='ltr'>etiam</span> 
     </span>
     <span class='ocr_line' id='line_1_57' title="bbox 217 2428 1178 2471; baseline -0.004 -10"><span class='ocrx_word' id='word_1_539' title='bbox 217 2433 399 2461; x_wconf 75' lang='lat' dir='ltr'>orationem.</span> <span class='ocrx_word' id='word_1_540' title='bbox 422 2433 650 2462; x_wconf 89' lang='lat' dir='ltr'>Pronominatio</span> <span class='ocrx_word' id='word_1_541' title='bbox 661 2430 703 2461; x_wconf 86' lang='lat' dir='ltr'>est</span> <span class='ocrx_word' id='word_1_542' title='bbox 714 2450 722 2464; x_wconf 81' lang='lat'>‚</span> <span class='ocrx_word' id='word_1_543' title='bbox 741 2440 807 2471; x_wconf 88' lang='lat' dir='ltr'>quae</span> <span class='ocrx_word' id='word_1_544' title='bbox 817 2428 898 2459; x_wconf 86' lang='lat' dir='ltr'>sicuti</span> <span class='ocrx_word' id='word_1_545' title='bbox 909 2430 1093 2469; x_wconf 83' lang='lat' dir='ltr'>cognomine</span> <span class='ocrx_word' id='word_1_546' title='bbox 1101 2438 1178 2469; x_wconf 83' lang='lat' dir='ltr'>quo-</span> 
     </span>
     <span class='ocr_line' id='line_1_58' title="bbox 218 2470 1179 2512; baseline -0.005 -9"><span class='ocrx_word' id='word_1_547' title='bbox 218 2473 291 2503; x_wconf 88' lang='lat' dir='ltr'>dam</span> <span class='ocrx_word' id='word_1_548' title='bbox 309 2482 450 2503; x_wconf 81' lang='lat' dir='ltr'>extraneo</span> <span class='ocrx_word' id='word_1_549' title='bbox 461 2471 645 2503; x_wconf 77' lang='lat' dir='ltr'>demonstrat</span> <span class='ocrx_word' id='word_1_550' title='bbox 654 2472 683 2502; x_wconf 89' lang='lat' dir='ltr'>id</span> <span class='ocrx_word' id='word_1_551' title='bbox 695 2492 703 2505; x_wconf 92' lang='lat'>,</span> <span class='ocrx_word' id='word_1_552' title='bbox 724 2471 805 2512; x_wconf 87' lang='lat' dir='ltr'>quod</span> <span class='ocrx_word' id='word_1_553' title='bbox 825 2471 843 2501; x_wconf 90' lang='lat' dir='ltr'>s</span> <span class='ocrx_word' id='word_1_554' title='bbox 840 2480 878 2500; x_wconf 91' lang='lat' dir='ltr'>uo</span> <span class='ocrx_word' id='word_1_555' title='bbox 897 2473 1024 2500; x_wconf 85' lang='lat' dir='ltr'>nomine</span> <span class='ocrx_word' id='word_1_556' title='bbox 1042 2470 1179 2511; x_wconf 81' lang='lat' dir='ltr'>appellari</span> 
     </span>
     <span class='ocr_line' id='line_1_59' title="bbox 218 2511 1177 2555; baseline -0.004 -11"><span class='ocrx_word' id='word_1_557' title='bbox 218 2524 286 2545; x_wconf 76' lang='lat' dir='ltr'>non</span> <span class='ocrx_word' id='word_1_558' title='bbox 295 2514 408 2554; x_wconf 86' lang='lat' dir='ltr'>potest,</span> <span class='ocrx_word' id='word_1_559' title='bbox 423 2523 456 2544; x_wconf 89' lang='lat' dir='ltr'>ut</span> <span class='ocrx_word' id='word_1_560' title='bbox 465 2535 473 2548; x_wconf 89' lang='lat'>‚</span> <span class='ocrx_word' id='word_1_561' title='bbox 485 2512 591 2555; x_wconf 83' lang='lat' dir='ltr'>siquis,</span> <span class='ocrx_word' id='word_1_562' title='bbox 603 2524 673 2544; x_wconf 90' lang='lat' dir='ltr'>cum</span> <span class='ocrx_word' id='word_1_563' title='bbox 686 2515 822 2554; x_wconf 85' lang='lat' dir='ltr'>loquatur</span> <span class='ocrx_word' id='word_1_564' title='bbox 831 2511 866 2542; x_wconf 86' lang='lat' dir='ltr'>de</span> <span class='ocrx_word' id='word_1_565' title='bbox 878 2513 1018 2542; x_wconf 83' lang='lat' dir='ltr'>Gracchis</span> <span class='ocrx_word' id='word_1_566' title='bbox 1030 2522 1035 2540; x_wconf 92' lang='lat'>:</span> <span class='ocrx_word' id='word_1_567' title='bbox 1054 2514 1108 2541; x_wconf 68' lang='lat' dir='ltr'>-At</span> <span class='ocrx_word' id='word_1_568' title='bbox 1126 2522 1177 2541; x_wconf 83' lang='lat' dir='ltr'>non</span> 
     </span>
     <span class='ocr_line' id='line_1_60' title="bbox 219 2552 1175 2596; baseline -0.003 -11"><span class='ocrx_word' id='word_1_569' title='bbox 219 2555 355 2586; x_wconf 83' lang='lat' dir='ltr'>Africani</span> <span class='ocrx_word' id='word_1_570' title='bbox 366 2565 499 2596; x_wconf 84' lang='lat' dir='ltr'>nepotes,</span> <span class='ocrx_word' id='word_1_571' title='bbox 511 2558 637 2596; x_wconf 87' lang='lat' dir='ltr'>inquiet,</span> <span class='ocrx_word' id='word_1_572' title='bbox 649 2554 818 2585; x_wconf 83' lang='lat' dir='ltr'>istiusmodi</span> <span class='ocrx_word' id='word_1_573' title='bbox 829 2553 961 2584; x_wconf 84' lang='lat' dir='ltr'>fuerunt.</span> <span class='ocrx_word' id='word_1_574' title='bbox 974 2556 1063 2587; x_wconf 83' lang='lat' dir='ltr'>Item,</span> <span class='ocrx_word' id='word_1_575' title='bbox 1075 2552 1175 2594; x_wconf 86' lang='lat' dir='ltr'>siquis,</span> 
     </span>
     <span class='ocr_line' id='line_1_61' title="bbox 220 2594 1174 2637; baseline -0.002 -11"><span class='ocrx_word' id='word_1_576' title='bbox 220 2597 258 2627; x_wconf 85' lang='lat' dir='ltr'>de</span> <span class='ocrx_word' id='word_1_577' title='bbox 268 2597 432 2627; x_wconf 83' lang='lat' dir='ltr'>adversario</span> <span class='ocrx_word' id='word_1_578' title='bbox 441 2597 518 2627; x_wconf 88' lang='lat' dir='ltr'>dicat</span> <span class='ocrx_word' id='word_1_579' title='bbox 529 2608 534 2626; x_wconf 93' lang='lat'>:</span> <span class='ocrx_word' id='word_1_580' title='bbox 556 2597 649 2626; x_wconf 81' lang='lat' dir='ltr'>Videte</span> <span class='ocrx_word' id='word_1_581' title='bbox 657 2607 738 2627; x_wconf 89' lang='lat' dir='ltr'>nunc</span> <span class='ocrx_word' id='word_1_582' title='bbox 749 2617 758 2630; x_wconf 87' lang='lat'>‚</span> <span class='ocrx_word' id='word_1_583' title='bbox 772 2597 882 2637; x_wconf 85' lang='lat' dir='ltr'>inquit,</span> <span class='ocrx_word' id='word_1_584' title='bbox 891 2595 1019 2633; x_wconf 85' lang='lat' dir='ltr'>judices,</span> <span class='ocrx_word' id='word_1_585' title='bbox 1029 2594 1174 2635; x_wconf 87' lang='lat' dir='ltr'>quemad-</span> 
     </span>
     <span class='ocr_line' id='line_1_62' title="bbox 218 2635 1177 2679; baseline -0.004 -10"><span class='ocrx_word' id='word_1_586' title='bbox 218 2638 351 2669; x_wconf 85' lang='lat' dir='ltr'>modum</span> <span class='ocrx_word' id='word_1_587' title='bbox 363 2649 411 2668; x_wconf 88' lang='lat' dir='ltr'>me</span> <span class='ocrx_word' id='word_1_588' title='bbox 423 2643 436 2665; x_wconf 83' lang='lat'>3</span> <span class='ocrx_word' id='word_1_589' title='bbox 447 2637 642 2679; x_wconf 83' lang='lat' dir='ltr'>Plagiosippus</span> <span class='ocrx_word' id='word_1_590' title='bbox 655 2637 853 2669; x_wconf 34' lang='lat' dir='ltr'>istertrafiarit.</span> <span class='ocrx_word' id='word_1_591' title='bbox 878 2640 947 2667; x_wconf 90' lang='lat' dir='ltr'>Hoc</span> <span class='ocrx_word' id='word_1_592' title='bbox 956 2635 1041 2676; x_wconf 54' lang='lat' dir='ltr'>padio</span> <span class='ocrx_word' id='word_1_593' title='bbox 1053 2646 1117 2666; x_wconf 91' lang='lat' dir='ltr'>non</span> <span class='ocrx_word' id='word_1_594' title='bbox 1127 2638 1177 2665; x_wconf 90' lang='lat' dir='ltr'>in-</span> 
     </span>
     <span class='ocr_line' id='line_1_63' title="bbox 218 2678 1173 2720; baseline -0.004 -10"><span class='ocrx_word' id='word_1_595' title='bbox 218 2680 325 2710; x_wconf 80' lang='lat' dir='ltr'>ornate</span> <span class='ocrx_word' id='word_1_596' title='bbox 334 2682 499 2720; x_wconf 86' lang='lat' dir='ltr'>poterimus</span> <span class='ocrx_word' id='word_1_597' title='bbox 511 2680 543 2710; x_wconf 89' lang='lat'>&amp;</span> <span class='ocrx_word' id='word_1_598' title='bbox 553 2682 585 2710; x_wconf 89' lang='lat' dir='ltr'>in</span> <span class='ocrx_word' id='word_1_599' title='bbox 596 2680 750 2714; x_wconf 86' lang='lat' dir='ltr'>laudando,</span> <span class='ocrx_word' id='word_1_600' title='bbox 764 2680 838 2709; x_wconf 89' lang='lat' dir='ltr'>&amp;in</span> <span class='ocrx_word' id='word_1_601' title='bbox 850 2678 998 2711; x_wconf 86' lang='lat' dir='ltr'>laedendo,</span> <span class='ocrx_word' id='word_1_602' title='bbox 1008 2680 1097 2709; x_wconf 90' lang='lat' dir='ltr'>autin</span> <span class='ocrx_word' id='word_1_603' title='bbox 1108 2687 1173 2707; x_wconf 93' lang='lat' dir='ltr'>cor-</span> 
     </span>
     <span class='ocr_line' id='line_1_64' title="bbox 219 2718 1173 2762; baseline -0.002 -10"><span class='ocrx_word' id='word_1_604' title='bbox 219 2731 304 2762; x_wconf 81' lang='lat' dir='ltr'>pore,</span> <span class='ocrx_word' id='word_1_605' title='bbox 314 2730 364 2753; x_wconf 87' lang='lat' dir='ltr'>aut</span> <span class='ocrx_word' id='word_1_606' title='bbox 372 2724 406 2751; x_wconf 90' lang='lat' dir='ltr'>in</span> <span class='ocrx_word' id='word_1_607' title='bbox 415 2723 518 2752; x_wconf 81' lang='lat' dir='ltr'>animo</span> <span class='ocrx_word' id='word_1_608' title='bbox 530 2742 539 2755; x_wconf 88' lang='lat'>‚</span> <span class='ocrx_word' id='word_1_609' title='bbox 550 2724 641 2752; x_wconf 88' lang='lat' dir='ltr'>autin</span> <span class='ocrx_word' id='word_1_610' title='bbox 650 2723 798 2752; x_wconf 82' lang='lat' dir='ltr'>extraneis</span> <span class='ocrx_word' id='word_1_611' title='bbox 807 2720 893 2752; x_wconf 86' lang='lat' dir='ltr'>rebus</span> <span class='ocrx_word' id='word_1_612' title='bbox 906 2720 1014 2755; x_wconf 78' lang='lat' dir='ltr'>dicere,</span> <span class='ocrx_word' id='word_1_613' title='bbox 1025 2718 1110 2751; x_wconf 84' lang='lat' dir='ltr'>ficuti</span> <span class='ocrx_word' id='word_1_614' title='bbox 1120 2729 1173 2750; x_wconf 87' lang='lat' dir='ltr'>co-</span> 
     </span>
    </p>
   </div>
   <div class='ocr_carea' id='block_1_6' title="bbox 597 95 1725 164">
    <p class='ocr_par' dir='ltr' id='par_1_6' title="bbox 597 95 1725 164">
     <span class='ocr_line' id='line_1_65' title="bbox 597 95 1725 164; baseline -0.004 -13"><span class='ocrx_word' id='word_1_615' title='bbox 597 102 681 151; x_wconf 82' lang='lat' dir='ltr'>An</span> <span class='ocrx_word' id='word_1_616' title='bbox 713 101 1136 156; x_wconf 53' lang='lat' dir='ltr'>Hatram-twa«,</span> <span class='ocrx_word' id='word_1_617' title='bbox 1173 99 1372 148; x_wconf 62' lang='lat' dir='ltr'>Lina</span> <span class='ocrx_word' id='word_1_618' title='bbox 1402 95 1725 164; x_wconf 61' lang='lat' dir='ltr'>Quarta-us.</span> 
     </span>
    </p>
   </div>
   <div class='ocr_carea' id='block_1_7' title="bbox 1192 176 2220 223">
    <p class='ocr_par' dir='ltr' id='par_1_7' title="bbox 1192 176 2220 223">
     <span class='ocr_line' id='line_1_66' title="bbox 1192 176 2220 223; baseline -0.002 -11"><span class='ocrx_word' id='word_1_619' title='bbox 1192 190 1326 223; x_wconf 86' lang='lat' dir='ltr'>gnomen</span> <span class='ocrx_word' id='word_1_620' title='bbox 1337 200 1345 215; x_wconf 90' lang='lat'>‚</span> <span class='ocrx_word' id='word_1_621' title='bbox 1355 180 1438 222; x_wconf 89' lang='lat' dir='ltr'>quod</span> <span class='ocrx_word' id='word_1_622' title='bbox 1447 190 1501 221; x_wconf 88' lang='lat' dir='ltr'>pro</span> <span class='ocrx_word' id='word_1_623' title='bbox 1510 189 1590 212; x_wconf 85' lang='lat' dir='ltr'>certo</span> <span class='ocrx_word' id='word_1_624' title='bbox 1599 182 1728 212; x_wconf 85' lang='lat' dir='ltr'>nomine</span> <span class='ocrx_word' id='word_1_625' title='bbox 1742 177 1935 211; x_wconf 84' lang='lat' dir='ltr'>collocamus.</span> <span class='ocrx_word' id='word_1_626' title='bbox 1961 176 2159 211; x_wconf 44' lang='lat' dir='ltr'>Denominar</span> <span class='ocrx_word' id='word_1_627' title='bbox 2174 185 2220 219; x_wconf 85' lang='lat'>32</span> 
     </span>
    </p>
   </div>
   <div class='ocr_carea' id='block_1_8' title="bbox 1194 221 2158 595">
    <p class='ocr_par' dir='ltr' id='par_1_8' title="bbox 1194 221 2158 595">
     <span class='ocr_line' id='line_1_67' title="bbox 1194 221 2153 264; baseline -0.004 -11"><span class='ocrx_word' id='word_1_628' title='bbox 1194 226 1237 254; x_wconf 87' lang='lat' dir='ltr'>tio</span> <span class='ocrx_word' id='word_1_629' title='bbox 1256 222 1299 253; x_wconf 88' lang='lat' dir='ltr'>est</span> <span class='ocrx_word' id='word_1_630' title='bbox 1308 242 1317 257; x_wconf 89' lang='lat'>‚</span> <span class='ocrx_word' id='word_1_631' title='bbox 1336 233 1402 264; x_wconf 82' lang='lat' dir='ltr'>quae</span> <span class='ocrx_word' id='word_1_632' title='bbox 1417 222 1433 253; x_wconf 73' lang='lat' dir='ltr'>a</span> <span class='ocrx_word' id='word_1_633' title='bbox 1442 225 1619 263; x_wconf 86' lang='lat' dir='ltr'>propinquis</span> <span class='ocrx_word' id='word_1_634' title='bbox 1629 224 1662 252; x_wconf 72' lang='grc' dir='ltr'>δε</span> <span class='ocrx_word' id='word_1_635' title='bbox 1673 221 1812 252; x_wconf 82' lang='lat' dir='ltr'>finitimis</span> <span class='ocrx_word' id='word_1_636' title='bbox 1830 221 1916 251; x_wconf 88' lang='lat' dir='ltr'>rebus</span> <span class='ocrx_word' id='word_1_637' title='bbox 1935 221 2021 250; x_wconf 81' lang='lat' dir='ltr'>trahit</span> <span class='ocrx_word' id='word_1_638' title='bbox 2038 221 2153 249; x_wconf 90' lang='lat' dir='ltr'>oratio-</span> 
     </span>
     <span class='ocr_line' id='line_1_68' title="bbox 1195 260 2152 305; baseline -0.004 -11"><span class='ocrx_word' id='word_1_639' title='bbox 1195 275 1266 295; x_wconf 88' lang='lat' dir='ltr'>nem</span> <span class='ocrx_word' id='word_1_640' title='bbox 1277 285 1286 299; x_wconf 81' lang='lat'>,</span> <span class='ocrx_word' id='word_1_641' title='bbox 1306 274 1363 305; x_wconf 89' lang='lat' dir='ltr'>qua</span> <span class='ocrx_word' id='word_1_642' title='bbox 1373 263 1459 305; x_wconf 73' lang='lat' dir='ltr'>possit</span> <span class='ocrx_word' id='word_1_643' title='bbox 1468 265 1597 305; x_wconf 88' lang='lat' dir='ltr'>intelligi</span> <span class='ocrx_word' id='word_1_644' title='bbox 1606 274 1651 294; x_wconf 87' lang='lat' dir='ltr'>res</span> <span class='ocrx_word' id='word_1_645' title='bbox 1661 284 1670 297; x_wconf 91' lang='lat'>‚</span> <span class='ocrx_word' id='word_1_646' title='bbox 1690 273 1756 304; x_wconf 83' lang='lat' dir='ltr'>quae</span> <span class='ocrx_word' id='word_1_647' title='bbox 1765 273 1828 293; x_wconf 88' lang='lat' dir='ltr'>non</span> <span class='ocrx_word' id='word_1_648' title='bbox 1839 263 1893 293; x_wconf 88' lang='lat' dir='ltr'>suo</span> <span class='ocrx_word' id='word_1_649' title='bbox 1902 262 2049 293; x_wconf 81' lang='lat' dir='ltr'>vocabulo</span> <span class='ocrx_word' id='word_1_650' title='bbox 2059 260 2092 291; x_wconf 84' lang='lat' dir='ltr'>sit</span> <span class='ocrx_word' id='word_1_651' title='bbox 2101 270 2152 301; x_wconf 88' lang='lat' dir='ltr'>ap—</span> 
     </span>
     <span class='ocr_line' id='line_1_69' title="bbox 1194 302 2154 347; baseline -0.005 -11"><span class='ocrx_word' id='word_1_652' title='bbox 1194 307 1308 347; x_wconf 84' lang='lat' dir='ltr'>pellata.</span> <span class='ocrx_word' id='word_1_653' title='bbox 1327 306 1361 336; x_wconf 91' lang='lat' dir='ltr'>Id</span> <span class='ocrx_word' id='word_1_654' title='bbox 1371 315 1420 336; x_wconf 91' lang='lat' dir='ltr'>aut</span> <span class='ocrx_word' id='word_1_655' title='bbox 1429 306 1465 336; x_wconf 84' lang='lat' dir='ltr'>ab</span> <span class='ocrx_word' id='word_1_656' title='bbox 1475 308 1632 335; x_wconf 85' lang='lat' dir='ltr'>inventore</span> <span class='ocrx_word' id='word_1_657' title='bbox 1641 303 1812 338; x_wconf 83' lang='lat' dir='ltr'>conficitur,</span> <span class='ocrx_word' id='word_1_658' title='bbox 1824 313 1856 334; x_wconf 89' lang='lat' dir='ltr'>ut</span> <span class='ocrx_word' id='word_1_659' title='bbox 1867 302 1886 333; x_wconf 87' lang='lat' dir='ltr'>si</span> <span class='ocrx_word' id='word_1_660' title='bbox 1897 306 1963 344; x_wconf 86' lang='lat' dir='ltr'>quis</span> <span class='ocrx_word' id='word_1_661' title='bbox 1974 303 2009 333; x_wconf 91' lang='lat' dir='ltr'>de</span> <span class='ocrx_word' id='word_1_662' title='bbox 2021 303 2154 342; x_wconf 85' lang='lat' dir='ltr'>Tarpejo</span> 
     </span>
     <span class='ocr_line' id='line_1_70' title="bbox 1196 341 2154 389; baseline -0.004 -11"><span class='ocrx_word' id='word_1_663' title='bbox 1196 350 1321 389; x_wconf 89' lang='lat' dir='ltr'>loquens</span> <span class='ocrx_word' id='word_1_664' title='bbox 1331 368 1339 381; x_wconf 89' lang='lat'>‚</span> <span class='ocrx_word' id='word_1_665' title='bbox 1354 358 1426 377; x_wconf 90' lang='lat' dir='ltr'>eum</span> <span class='ocrx_word' id='word_1_666' title='bbox 1437 347 1628 389; x_wconf 78' lang='lat' dir='ltr'>Capitolinum</span> <span class='ocrx_word' id='word_1_667' title='bbox 1637 348 1793 376; x_wconf 89' lang='lat' dir='ltr'>nominet:</span> <span class='ocrx_word' id='word_1_668' title='bbox 1813 355 1862 376; x_wconf 87' lang='lat' dir='ltr'>aut</span> <span class='ocrx_word' id='word_1_669' title='bbox 1879 346 1914 375; x_wconf 86' lang='lat' dir='ltr'>ab</span> <span class='ocrx_word' id='word_1_670' title='bbox 1925 347 2050 375; x_wconf 89' lang='lat' dir='ltr'>invento</span> <span class='ocrx_word' id='word_1_671' title='bbox 2062 365 2070 377; x_wconf 90' lang='lat'>,</span> <span class='ocrx_word' id='word_1_672' title='bbox 2090 353 2122 374; x_wconf 91' lang='lat' dir='ltr'>ut</span> <span class='ocrx_word' id='word_1_673' title='bbox 2131 341 2154 374; x_wconf 82' lang='lat' dir='ltr'>si</span> 
     </span>
     <span class='ocr_line' id='line_1_71' title="bbox 1195 385 2155 431; baseline -0.004 -12"><span class='ocrx_word' id='word_1_674' title='bbox 1195 400 1261 431; x_wconf 85' lang='lat' dir='ltr'>quis</span> <span class='ocrx_word' id='word_1_675' title='bbox 1272 399 1326 429; x_wconf 87' lang='lat' dir='ltr'>pro</span> <span class='ocrx_word' id='word_1_676' title='bbox 1337 388 1435 418; x_wconf 83' lang='lat' dir='ltr'>Libero</span> <span class='ocrx_word' id='word_1_677' title='bbox 1446 392 1554 419; x_wconf 88' lang='lat' dir='ltr'>vinum</span> <span class='ocrx_word' id='word_1_678' title='bbox 1567 409 1574 422; x_wconf 93' lang='lat'>,</span> <span class='ocrx_word' id='word_1_679' title='bbox 1586 398 1640 428; x_wconf 90' lang='lat' dir='ltr'>pro</span> <span class='ocrx_word' id='word_1_680' title='bbox 1651 390 1741 417; x_wconf 79' lang='lat' dir='ltr'>Cerere</span> <span class='ocrx_word' id='word_1_681' title='bbox 1750 387 1866 428; x_wconf 87' lang='lat' dir='ltr'>frugem</span> <span class='ocrx_word' id='word_1_682' title='bbox 1885 387 2011 427; x_wconf 84' lang='lat' dir='ltr'>appellet</span> <span class='ocrx_word' id='word_1_683' title='bbox 2022 396 2027 415; x_wconf 92' lang='lat'>:</span> <span class='ocrx_word' id='word_1_684' title='bbox 2047 389 2107 416; x_wconf 85' lang='lat' dir='ltr'>Aut</span> <span class='ocrx_word' id='word_1_685' title='bbox 2118 385 2155 415; x_wconf 84' lang='lat' dir='ltr'>ab</span> 
     </span>
     <span class='ocr_line' id='line_1_72' title="bbox 1197 428 2154 474; baseline -0.005 -13"><span class='ocrx_word' id='word_1_686' title='bbox 1197 430 1398 461; x_wconf 85' lang='lat' dir='ltr'>&#39;instrumento</span> <span class='ocrx_word' id='word_1_687' title='bbox 1418 430 1582 460; x_wconf 87' lang='lat' dir='ltr'>dominum</span> <span class='ocrx_word' id='word_1_688' title='bbox 1595 450 1603 464; x_wconf 92' lang='lat'>,</span> <span class='ocrx_word' id='word_1_689' title='bbox 1625 438 1657 459; x_wconf 91' lang='lat' dir='ltr'>ut</span> <span class='ocrx_word' id='word_1_690' title='bbox 1676 428 1696 459; x_wconf 90' lang='lat' dir='ltr'>fi</span> <span class='ocrx_word' id='word_1_691' title='bbox 1706 431 1772 474; x_wconf 85' lang='lat' dir='ltr'>quis</span> <span class='ocrx_word' id='word_1_692' title='bbox 1784 428 1963 459; x_wconf 76' lang='lat' dir='ltr'>Macedonas</span> <span class='ocrx_word' id='word_1_693' title='bbox 1982 428 2133 467; x_wconf 87' lang='lat' dir='ltr'>appellarit</span> <span class='ocrx_word' id='word_1_694' title='bbox 2143 445 2154 460; x_wconf 90' lang='lat'>‚</span> 
     </span>
     <span class='ocr_line' id='line_1_73' title="bbox 1198 470 2158 509; baseline -0.005 -7"><span class='ocrx_word' id='word_1_695' title='bbox 1198 474 1255 503; x_wconf 87' lang='lat' dir='ltr'>hoc</span> <span class='ocrx_word' id='word_1_696' title='bbox 1265 472 1359 502; x_wconf 87' lang='lat' dir='ltr'>modo</span> <span class='ocrx_word' id='word_1_697' title='bbox 1373 483 1378 501; x_wconf 79' lang='lat'>2</span> <span class='ocrx_word' id='word_1_698' title='bbox 1401 474 1468 500; x_wconf 91' lang='lat' dir='ltr'>Non</span> <span class='ocrx_word' id='word_1_699' title='bbox 1486 480 1547 500; x_wconf 79' lang='lat' dir='ltr'>tam</span> <span class='ocrx_word' id='word_1_700' title='bbox 1564 473 1625 501; x_wconf 89' lang='lat' dir='ltr'>cito</span> <span class='ocrx_word' id='word_1_701' title='bbox 1635 470 1746 501; x_wconf 80' lang='lat' dir='ltr'>Sarissae</span> <span class='ocrx_word' id='word_1_702' title='bbox 1756 472 1869 500; x_wconf 85' lang='lat' dir='ltr'>Graecia</span> <span class='ocrx_word' id='word_1_703' title='bbox 1878 471 1978 509; x_wconf 82' lang='lat' dir='ltr'>potitae</span> <span class='ocrx_word' id='word_1_704' title='bbox 1989 470 2054 498; x_wconf 86' lang='lat' dir='ltr'>sunt</span> <span class='ocrx_word' id='word_1_705' title='bbox 2067 479 2071 497; x_wconf 76' lang='grc' dir='ltr'><em>τ</em></span> <span class='ocrx_word' id='word_1_706' title='bbox 2095 471 2158 498; x_wconf 86' lang='lat' dir='ltr'>Aut</span> 
     </span>
     <span class='ocr_line' id='line_1_74' title="bbox 1199 510 2156 554; baseline -0.006 -10"><span class='ocrx_word' id='word_1_707' title='bbox 1199 514 1281 544; x_wconf 88' lang='lat' dir='ltr'>idem</span> <span class='ocrx_word' id='word_1_708' title='bbox 1292 514 1395 544; x_wconf 81' lang='lat' dir='ltr'>Gallos</span> <span class='ocrx_word' id='word_1_709' title='bbox 1406 512 1570 554; x_wconf 76' lang='lat' dir='ltr'>significans</span> <span class='ocrx_word' id='word_1_710' title='bbox 1588 512 1666 542; x_wconf 89' lang='lat' dir='ltr'>dicat</span> <span class='ocrx_word' id='word_1_711' title='bbox 1676 533 1684 545; x_wconf 88' lang='lat'>,</span> <span class='ocrx_word' id='word_1_712' title='bbox 1706 514 1767 540; x_wconf 84' lang='lat' dir='ltr'>Nec</span> <span class='ocrx_word' id='word_1_713' title='bbox 1779 520 1840 541; x_wconf 83' lang='lat' dir='ltr'>tam</span> <span class='ocrx_word' id='word_1_714' title='bbox 1849 510 1936 541; x_wconf 79' lang='lat' dir='ltr'>facile</span> <span class='ocrx_word' id='word_1_715' title='bbox 1948 520 1986 540; x_wconf 90' lang='lat' dir='ltr'>ex</span> <span class='ocrx_word' id='word_1_716' title='bbox 1996 511 2080 539; x_wconf 89' lang='lat' dir='ltr'>Italia</span> <span class='ocrx_word' id='word_1_717' title='bbox 2090 519 2156 539; x_wconf 88' lang='lat' dir='ltr'>ma-</span> 
     </span>
     <span class='ocr_line' id='line_1_75' title="bbox 1199 550 2158 595; baseline -0.006 -9"><span class='ocrx_word' id='word_1_718' title='bbox 1199 557 1267 586; x_wconf 88' lang='lat' dir='ltr'>teris</span> <span class='ocrx_word' id='word_1_719' title='bbox 1278 555 1452 595; x_wconf 86' lang='lat' dir='ltr'>transalpina</span> <span class='ocrx_word' id='word_1_720' title='bbox 1460 555 1578 594; x_wconf 83' lang='lat' dir='ltr'>depulsa</span> <span class='ocrx_word' id='word_1_721' title='bbox 1588 553 1630 584; x_wconf 89' lang='lat' dir='ltr'>est</span> <span class='ocrx_word' id='word_1_722' title='bbox 1642 564 1647 582; x_wconf 89' lang='lat'><strong>:</strong></span> <span class='ocrx_word' id='word_1_723' title='bbox 1659 557 1719 583; x_wconf 88' lang='lat' dir='ltr'>Aut</span> <span class='ocrx_word' id='word_1_724' title='bbox 1729 553 1760 583; x_wconf 84' lang='lat' dir='ltr'>id</span> <span class='ocrx_word' id='word_1_725' title='bbox 1771 573 1779 586; x_wconf 90' lang='lat'>‚</span> <span class='ocrx_word' id='word_1_726' title='bbox 1791 552 1871 593; x_wconf 91' lang='lat' dir='ltr'>quod</span> <span class='ocrx_word' id='word_1_727' title='bbox 1883 550 1916 582; x_wconf 89' lang='lat' dir='ltr'>fit</span> <span class='ocrx_word' id='word_1_728' title='bbox 1926 572 1934 585; x_wconf 86' lang='lat'>‚</span> <span class='ocrx_word' id='word_1_729' title='bbox 1946 551 1982 582; x_wconf 86' lang='lat' dir='ltr'>ab</span> <span class='ocrx_word' id='word_1_730' title='bbox 1991 561 2041 584; x_wconf 86' lang='lat' dir='ltr'>e0,</span> <span class='ocrx_word' id='word_1_731' title='bbox 2051 552 2103 591; x_wconf 90' lang='lat' dir='ltr'>qui</span> <span class='ocrx_word' id='word_1_732' title='bbox 2113 550 2158 580; x_wconf 86' lang='lat' dir='ltr'>fa-</span> 
     </span>
    </p>
   </div>
   <div class='ocr_carea' id='block_1_9' title="bbox 1200 592 2210 640">
    <p class='ocr_par' dir='ltr' id='par_1_9' title="bbox 1200 592 2210 640">
     <span class='ocr_line' id='line_1_76' title="bbox 1200 592 2210 640; baseline -0.006 -13"><span class='ocrx_word' id='word_1_733' title='bbox 1200 599 1239 627; x_wconf 89' lang='lat' dir='ltr'>cit</span> <span class='ocrx_word' id='word_1_734' title='bbox 1251 617 1259 630; x_wconf 89' lang='lat'>,</span> <span class='ocrx_word' id='word_1_735' title='bbox 1272 606 1304 626; x_wconf 90' lang='lat' dir='ltr'>ut</span> <span class='ocrx_word' id='word_1_736' title='bbox 1316 617 1323 630; x_wconf 93' lang='lat'><em>‚</em></span> <span class='ocrx_word' id='word_1_737' title='bbox 1337 595 1425 637; x_wconf 86' lang='lat' dir='ltr'>siquis</span> <span class='ocrx_word' id='word_1_738' title='bbox 1435 595 1506 626; x_wconf 80' lang='lat' dir='ltr'>cum</span> <span class='ocrx_word' id='word_1_739' title='bbox 1519 596 1599 625; x_wconf 92' lang='lat' dir='ltr'>bello</span> <span class='ocrx_word' id='word_1_740' title='bbox 1608 595 1683 625; x_wconf 85' lang='lat' dir='ltr'>velit</span> <span class='ocrx_word' id='word_1_741' title='bbox 1692 593 1847 625; x_wconf 87' lang='lat' dir='ltr'>ostendere</span> <span class='ocrx_word' id='word_1_742' title='bbox 1861 592 1973 640; x_wconf 86' lang='lat' dir='ltr'>aliquid</span> <span class='ocrx_word' id='word_1_743' title='bbox 1983 593 2159 633; x_wconf 86' lang='lat' dir='ltr'>quempiam</span> <span class='ocrx_word' id='word_1_744' title='bbox 2204 624 2210 635; x_wconf 38' lang='lat' dir='ltr'>x</span> 
     </span>
    </p>
   </div>
   <div class='ocr_carea' id='block_1_10' title="bbox 1200 633 2178 2795">
    <p class='ocr_par' dir='ltr' id='par_1_10' title="bbox 1200 633 2178 2762">
     <span class='ocr_line' id='line_1_77' title="bbox 1200 633 2159 674; baseline -0.006 -6"><span class='ocrx_word' id='word_1_745' title='bbox 1200 637 1299 668; x_wconf 82' lang='lat' dir='ltr'>feciss&#39;e</span> <span class='ocrx_word' id='word_1_746' title='bbox 1309 658 1318 672; x_wconf 93' lang='lat'>,</span> <span class='ocrx_word' id='word_1_747' title='bbox 1339 638 1434 668; x_wconf 85' lang='lat' dir='ltr'>dicat:</span> <span class='ocrx_word' id='word_1_748' title='bbox 1456 636 1629 668; x_wconf 86' lang='lat' dir='ltr'>Marsistud</span> <span class='ocrx_word' id='word_1_749' title='bbox 1644 645 1671 666; x_wconf 89' lang='lat' dir='ltr'>te</span> <span class='ocrx_word' id='word_1_750' title='bbox 1684 636 1777 666; x_wconf 86' lang='lat' dir='ltr'>facere</span> <span class='ocrx_word' id='word_1_751' title='bbox 1787 633 1948 665; x_wconf 72' lang='lat' dir='ltr'>neceffario</span> <span class='ocrx_word' id='word_1_752' title='bbox 1959 636 2073 674; x_wconf 69' lang='lat' dir='ltr'>coegit:</span> <span class='ocrx_word' id='word_1_753' title='bbox 2097 636 2159 663; x_wconf 85' lang='lat' dir='ltr'>Aut</span> 
     </span>
     <span class='ocr_line' id='line_1_78' title="bbox 1201 674 2161 721; baseline -0.005 -12"><span class='ocrx_word' id='word_1_754' title='bbox 1201 679 1221 709; x_wconf 86' lang='lat' dir='ltr'>si</span> <span class='ocrx_word' id='word_1_755' title='bbox 1233 701 1240 714; x_wconf 87' lang='lat'>,</span> <span class='ocrx_word' id='word_1_756' title='bbox 1252 680 1332 721; x_wconf 92' lang='lat' dir='ltr'>quod</span> <span class='ocrx_word' id='word_1_757' title='bbox 1342 678 1412 710; x_wconf 86' lang='lat' dir='ltr'>facit</span> <span class='ocrx_word' id='word_1_758' title='bbox 1421 700 1428 713; x_wconf 70' lang='lat'><em>2</em></span> <span class='ocrx_word' id='word_1_759' title='bbox 1441 680 1477 709; x_wconf 91' lang='lat' dir='ltr'>ab</span> <span class='ocrx_word' id='word_1_760' title='bbox 1488 689 1524 709; x_wconf 92' lang='lat' dir='ltr'>eo</span> <span class='ocrx_word' id='word_1_761' title='bbox 1534 700 1542 713; x_wconf 92' lang='lat'>‚</span> <span class='ocrx_word' id='word_1_762' title='bbox 1554 678 1635 719; x_wconf 90' lang='lat' dir='ltr'>quod</span> <span class='ocrx_word' id='word_1_763' title='bbox 1648 677 1690 712; x_wconf 84' lang='lat' dir='ltr'>fit,</span> <span class='ocrx_word' id='word_1_764' title='bbox 1701 686 1743 710; x_wconf 91' lang='lat' dir='ltr'>ut,</span> <span class='ocrx_word' id='word_1_765' title='bbox 1762 676 1833 707; x_wconf 79' lang='lat' dir='ltr'>cum</span> <span class='ocrx_word' id='word_1_766' title='bbox 1843 676 2003 717; x_wconf 68' lang='lat' dir='ltr'>defidioffim</span> <span class='ocrx_word' id='word_1_767' title='bbox 2010 683 2101 704; x_wconf 80' lang='lat' dir='ltr'>artem</span> <span class='ocrx_word' id='word_1_768' title='bbox 2111 674 2161 705; x_wconf 86' lang='lat' dir='ltr'>di-</span> 
     </span>
     <span class='ocr_line' id='line_1_79' title="bbox 1201 718 2162 762; baseline -0.007 -10"><span class='ocrx_word' id='word_1_769' title='bbox 1201 732 1304 752; x_wconf 86' lang='lat' dir='ltr'>cemus</span> <span class='ocrx_word' id='word_1_770' title='bbox 1314 741 1322 755; x_wconf 82' lang='lat'>,</span> <span class='ocrx_word' id='word_1_771' title='bbox 1336 723 1405 762; x_wconf 87' lang='lat' dir='ltr'>quia</span> <span class='ocrx_word' id='word_1_772' title='bbox 1414 719 1573 751; x_wconf 86' lang='lat' dir='ltr'>desidiosos</span> <span class='ocrx_word' id='word_1_773' title='bbox 1583 719 1671 750; x_wconf 85' lang='lat' dir='ltr'>facit:</span> <span class='ocrx_word' id='word_1_774' title='bbox 1692 718 1820 759; x_wconf 76' lang='lat' dir='ltr'>&amp;frigus</span> <span class='ocrx_word' id='word_1_775' title='bbox 1829 719 1943 760; x_wconf 85' lang='lat' dir='ltr'>pigrum</span> <span class='ocrx_word' id='word_1_776' title='bbox 1953 737 1962 751; x_wconf 89' lang='lat'>‚</span> <span class='ocrx_word' id='word_1_777' title='bbox 1982 719 2051 757; x_wconf 88' lang='lat' dir='ltr'>quia</span> <span class='ocrx_word' id='word_1_778' title='bbox 2059 719 2162 757; x_wconf 79' lang='lat' dir='ltr'>pigros</span> 
     </span>
     <span class='ocr_line' id='line_1_80' title="bbox 1202 760 2162 803; baseline -0.006 -10"><span class='ocrx_word' id='word_1_779' title='bbox 1202 763 1282 793; x_wconf 89' lang='lat' dir='ltr'>facit.</span> <span class='ocrx_word' id='word_1_780' title='bbox 1306 763 1342 793; x_wconf 84' lang='lat' dir='ltr'>ab</span> <span class='ocrx_word' id='word_1_781' title='bbox 1352 773 1388 793; x_wconf 91' lang='lat' dir='ltr'>eo</span> <span class='ocrx_word' id='word_1_782' title='bbox 1398 783 1406 796; x_wconf 89' lang='lat'>,</span> <span class='ocrx_word' id='word_1_783' title='bbox 1418 762 1499 803; x_wconf 90' lang='lat' dir='ltr'>quod</span> <span class='ocrx_word' id='word_1_784' title='bbox 1510 764 1645 792; x_wconf 86' lang='lat' dir='ltr'>continet</span> <span class='ocrx_word' id='word_1_785' title='bbox 1656 782 1664 795; x_wconf 90' lang='lat'>‚</span> <span class='ocrx_word' id='word_1_786' title='bbox 1676 761 1717 795; x_wconf 87' lang='lat' dir='ltr'>id,</span> <span class='ocrx_word' id='word_1_787' title='bbox 1728 760 1809 801; x_wconf 89' lang='lat' dir='ltr'>quod</span> <span class='ocrx_word' id='word_1_788' title='bbox 1821 761 2011 792; x_wconf 86' lang='lat' dir='ltr'>continetur,</span> <span class='ocrx_word' id='word_1_789' title='bbox 2024 760 2082 788; x_wconf 90' lang='lat' dir='ltr'>hoc</span> <span class='ocrx_word' id='word_1_790' title='bbox 2091 767 2162 787; x_wconf 91' lang='lat' dir='ltr'>mo-</span> 
     </span>
     <span class='ocr_line' id='line_1_81' title="bbox 1205 800 2161 842; baseline -0.006 -8"><span class='ocrx_word' id='word_1_791' title='bbox 1205 805 1244 834; x_wconf 91' lang='lat' dir='ltr'>do</span> <span class='ocrx_word' id='word_1_792' title='bbox 1254 804 1500 834; x_wconf 86' lang='lat' dir='ltr'>denominabitur</span> <span class='ocrx_word' id='word_1_793' title='bbox 1510 814 1515 832; x_wconf 78' lang='lat' dir='ltr'><em>z</em></span> <span class='ocrx_word' id='word_1_794' title='bbox 1525 806 1629 832; x_wconf 54' lang='lat' dir='ltr'>iArmu</span> <span class='ocrx_word' id='word_1_795' title='bbox 1638 803 1721 833; x_wconf 86' lang='lat' dir='ltr'>Italia</span> <span class='ocrx_word' id='word_1_796' title='bbox 1730 812 1794 832; x_wconf 88' lang='lat' dir='ltr'>non</span> <span class='ocrx_word' id='word_1_797' title='bbox 1802 800 1898 842; x_wconf 87' lang='lat' dir='ltr'>potest</span> <span class='ocrx_word' id='word_1_798' title='bbox 1907 802 2000 833; x_wconf 84' lang='lat' dir='ltr'>vinci,</span> <span class='ocrx_word' id='word_1_799' title='bbox 2012 810 2068 830; x_wconf 90' lang='lat' dir='ltr'>nec</span> <span class='ocrx_word' id='word_1_800' title='bbox 2078 801 2161 829; x_wconf 84' lang='lat' dir='ltr'>Grae-</span> 
     </span>
     <span class='ocr_line' id='line_1_82' title="bbox 1204 843 2161 885; baseline -0.006 -9"><span class='ocrx_word' id='word_1_801' title='bbox 1204 848 1248 877; x_wconf 89' lang='lat' dir='ltr'>cia</span> <span class='ocrx_word' id='word_1_802' title='bbox 1257 846 1433 885; x_wconf 86' lang='lat' dir='ltr'>disciplinis.</span> <span class='ocrx_word' id='word_1_803' title='bbox 1445 855 1515 876; x_wconf 89' lang='lat' dir='ltr'>nam</span> <span class='ocrx_word' id='word_1_804' title='bbox 1526 844 1574 876; x_wconf 87' lang='lat' dir='ltr'>hic</span> <span class='ocrx_word' id='word_1_805' title='bbox 1583 854 1636 885; x_wconf 88' lang='lat' dir='ltr'>pro</span> <span class='ocrx_word' id='word_1_806' title='bbox 1647 846 1758 875; x_wconf 75' lang='lat' dir='ltr'>Graccis</span> <span class='ocrx_word' id='word_1_807' title='bbox 1770 844 1802 873; x_wconf 87' lang='lat'>&amp;</span> <span class='ocrx_word' id='word_1_808' title='bbox 1811 843 1902 876; x_wconf 83' lang='lat' dir='ltr'>Italis,</span> <span class='ocrx_word' id='word_1_809' title='bbox 1915 852 1979 883; x_wconf 87' lang='lat' dir='ltr'>quae</span> <span class='ocrx_word' id='word_1_810' title='bbox 1990 843 2161 874; x_wconf 81' lang='lat' dir='ltr'>continent.</span> 
     </span>
     <span class='ocr_line' id='line_1_83' title="bbox 1207 883 2162 927; baseline -0.006 -10"><span class='ocrx_word' id='word_1_811' title='bbox 1207 897 1304 918; x_wconf 86' lang='lat' dir='ltr'>notata</span> <span class='ocrx_word' id='word_1_812' title='bbox 1314 888 1388 918; x_wconf 82' lang='lat' dir='ltr'>sunt.</span> <span class='ocrx_word' id='word_1_813' title='bbox 1409 886 1456 917; x_wconf 90' lang='lat' dir='ltr'>Ab</span> <span class='ocrx_word' id='word_1_814' title='bbox 1468 897 1516 920; x_wconf 93' lang='lat' dir='ltr'>eo,</span> <span class='ocrx_word' id='word_1_815' title='bbox 1528 886 1609 927; x_wconf 90' lang='lat' dir='ltr'>quod</span> <span class='ocrx_word' id='word_1_816' title='bbox 1620 888 1802 918; x_wconf 85' lang='lat' dir='ltr'>continetur,</span> <span class='ocrx_word' id='word_1_817' title='bbox 1813 884 1857 918; x_wconf 90' lang='lat' dir='ltr'>id,</span> <span class='ocrx_word' id='word_1_818' title='bbox 1867 883 1948 925; x_wconf 89' lang='lat' dir='ltr'>quod</span> <span class='ocrx_word' id='word_1_819' title='bbox 1960 886 2106 916; x_wconf 88' lang='lat' dir='ltr'>continet,</span> <span class='ocrx_word' id='word_1_820' title='bbox 2117 891 2162 916; x_wconf 90' lang='lat' dir='ltr'>ut,</span> 
     </span>
     <span class='ocr_line' id='line_1_84' title="bbox 1205 924 2164 970; baseline -0.005 -12"><span class='ocrx_word' id='word_1_821' title='bbox 1205 928 1225 958; x_wconf 87' lang='lat' dir='ltr'>si</span> <span class='ocrx_word' id='word_1_822' title='bbox 1235 931 1301 970; x_wconf 89' lang='lat' dir='ltr'>quis</span> <span class='ocrx_word' id='word_1_823' title='bbox 1311 939 1428 961; x_wconf 79' lang='lat' dir='ltr'>aurum,</span> <span class='ocrx_word' id='word_1_824' title='bbox 1436 929 1485 958; x_wconf 86' lang='lat' dir='ltr'>vel</span> <span class='ocrx_word' id='word_1_825' title='bbox 1494 936 1653 969; x_wconf 66' lang='lat' dir='ltr'>argentum,</span> <span class='ocrx_word' id='word_1_826' title='bbox 1665 937 1714 957; x_wconf 89' lang='lat' dir='ltr'>aut</span> <span class='ocrx_word' id='word_1_827' title='bbox 1725 925 1789 955; x_wconf 76' lang='lat' dir='ltr'>ebur</span> <span class='ocrx_word' id='word_1_828' title='bbox 1798 934 1948 959; x_wconf 87' lang='lat' dir='ltr'>nominet,</span> <span class='ocrx_word' id='word_1_829' title='bbox 1961 924 2032 955; x_wconf 79' lang='lat' dir='ltr'>cum</span> <span class='ocrx_word' id='word_1_830' title='bbox 2042 924 2164 953; x_wconf 67' lang='lat' dir='ltr'>divitia·-</span> 
     </span>
     <span class='ocr_line' id='line_1_85' title="bbox 1200 967 2166 1006; baseline -0.007 -5"><span class='ocrx_word' id='word_1_831' title='bbox 1200 972 1278 1002; x_wconf 87' lang='lat' dir='ltr'>.velit</span> <span class='ocrx_word' id='word_1_832' title='bbox 1298 972 1468 1001; x_wconf 90' lang='lat' dir='ltr'>nominare.</span> <span class='ocrx_word' id='word_1_833' title='bbox 1491 972 1607 1000; x_wconf 82' lang='lat' dir='ltr'>Harum</span> <span class='ocrx_word' id='word_1_834' title='bbox 1618 971 1761 999; x_wconf 88' lang='lat' dir='ltr'>omnium</span> <span class='ocrx_word' id='word_1_835' title='bbox 1771 968 2058 998; x_wconf 84' lang='lat' dir='ltr'>denominationum</span> <span class='ocrx_word' id='word_1_836' title='bbox 2069 967 2166 1006; x_wconf 79' lang='lat' dir='ltr'>magis</span> 
     </span>
     <span class='ocr_line' id='line_1_86' title="bbox 1206 1007 2165 1053; baseline -0.006 -11"><span class='ocrx_word' id='word_1_837' title='bbox 1206 1014 1238 1042; x_wconf 91' lang='lat' dir='ltr'>in</span> <span class='ocrx_word' id='word_1_838' title='bbox 1247 1011 1449 1053; x_wconf 79' lang='lat' dir='ltr'>praecipiendo</span> <span class='ocrx_word' id='word_1_839' title='bbox 1458 1010 1564 1041; x_wconf 90' lang='lat' dir='ltr'>divisi0</span> <span class='ocrx_word' id='word_1_840' title='bbox 1576 1032 1584 1044; x_wconf 88' lang='lat'>,</span> <span class='ocrx_word' id='word_1_841' title='bbox 1595 1011 1686 1052; x_wconf 76' lang='lat' dir='ltr'>quam</span> <span class='ocrx_word' id='word_1_842' title='bbox 1697 1012 1731 1040; x_wconf 92' lang='lat' dir='ltr'>in</span> <span class='ocrx_word' id='word_1_843' title='bbox 1740 1009 1900 1051; x_wconf 70' lang='lat' dir='ltr'>quaerendo</span> <span class='ocrx_word' id='word_1_844' title='bbox 1910 1007 2041 1038; x_wconf 86' lang='lat' dir='ltr'>difficilis</span> <span class='ocrx_word' id='word_1_845' title='bbox 2053 1010 2165 1037; x_wconf 89' lang='lat' dir='ltr'>iuven-</span> 
     </span>
     <span class='ocr_line' id='line_1_87' title="bbox 1207 1049 2166 1094; baseline -0.007 -9"><span class='ocrx_word' id='word_1_846' title='bbox 1207 1056 1249 1085; x_wconf 88' lang='lat' dir='ltr'>tio</span> <span class='ocrx_word' id='word_1_847' title='bbox 1260 1053 1302 1084; x_wconf 88' lang='lat' dir='ltr'>est</span> <span class='ocrx_word' id='word_1_848' title='bbox 1313 1074 1322 1088; x_wconf 89' lang='lat'>,</span> <span class='ocrx_word' id='word_1_849' title='bbox 1344 1052 1414 1084; x_wconf 74' lang='lat' dir='ltr'>ideo</span> <span class='ocrx_word' id='word_1_850' title='bbox 1433 1052 1515 1094; x_wconf 77' lang='lat' dir='ltr'>quod</span> <span class='ocrx_word' id='word_1_851' title='bbox 1532 1053 1620 1093; x_wconf 88' lang='lat' dir='ltr'>plena</span> <span class='ocrx_word' id='word_1_852' title='bbox 1638 1051 1822 1083; x_wconf 87' lang='lat' dir='ltr'>consuetudo</span> <span class='ocrx_word' id='word_1_853' title='bbox 1833 1050 1875 1081; x_wconf 88' lang='lat' dir='ltr'>est</span> <span class='ocrx_word' id='word_1_854' title='bbox 1886 1061 1949 1080; x_wconf 89' lang='lat' dir='ltr'>non</span> <span class='ocrx_word' id='word_1_855' title='bbox 1959 1049 2054 1080; x_wconf 74' lang='lat' dir='ltr'>modo</span> <span class='ocrx_word' id='word_1_856' title='bbox 2063 1050 2166 1089; x_wconf 82' lang='lat' dir='ltr'>po&#39;e&#39;ta-</span> 
     </span>
     <span class='ocr_line' id='line_1_88' title="bbox 1206 1091 2166 1134; baseline -0.006 -8"><span class='ocrx_word' id='word_1_857' title='bbox 1206 1106 1273 1126; x_wconf 89' lang='lat' dir='ltr'>rum</span> <span class='ocrx_word' id='word_1_858' title='bbox 1285 1096 1318 1126; x_wconf 87' lang='lat'>&amp;</span> <span class='ocrx_word' id='word_1_859' title='bbox 1327 1104 1490 1129; x_wconf 89' lang='lat' dir='ltr'>oratorum,</span> <span class='ocrx_word' id='word_1_860' title='bbox 1502 1095 1549 1124; x_wconf 83' lang='lat' dir='ltr'>sed</span> <span class='ocrx_word' id='word_1_861' title='bbox 1561 1095 1650 1124; x_wconf 88' lang='lat' dir='ltr'>etiam</span> <span class='ocrx_word' id='word_1_862' title='bbox 1661 1093 1828 1134; x_wconf 84' lang='lat' dir='ltr'>quotidiani</span> <span class='ocrx_word' id='word_1_863' title='bbox 1838 1093 1995 1125; x_wconf 85' lang='lat' dir='ltr'>sermonis,</span> <span class='ocrx_word' id='word_1_864' title='bbox 2007 1092 2057 1131; x_wconf 90' lang='lat' dir='ltr'>huj</span> <span class='ocrx_word' id='word_1_865' title='bbox 2062 1091 2166 1121; x_wconf 91' lang='lat' dir='ltr'>usmo-</span> 
     </span>
     <span class='ocr_line' id='line_1_89' title="bbox 1205 1132 2165 1172; baseline -0.006 -5"><span class='ocrx_word' id='word_1_866' title='bbox 1205 1137 1237 1167; x_wconf 88' lang='lat' dir='ltr'>di</span> <span class='ocrx_word' id='word_1_867' title='bbox 1256 1137 1552 1167; x_wconf 86' lang='lat' dir='ltr'>denominationum.</span> <span class='ocrx_word' id='word_1_868' title='bbox 1575 1137 1719 1166; x_wconf 89' lang='lat' dir='ltr'>Circuitio</span> <span class='ocrx_word' id='word_1_869' title='bbox 1730 1155 1739 1168; x_wconf 90' lang='lat'>‚</span> <span class='ocrx_word' id='word_1_870' title='bbox 1759 1134 1802 1164; x_wconf 88' lang='lat' dir='ltr'>est</span> <span class='ocrx_word' id='word_1_871' title='bbox 1812 1136 1905 1164; x_wconf 81' lang='lat' dir='ltr'>oratio</span> <span class='ocrx_word' id='word_1_872' title='bbox 1922 1144 1986 1163; x_wconf 91' lang='lat' dir='ltr'>rem</span> <span class='ocrx_word' id='word_1_873' title='bbox 1998 1132 2165 1172; x_wconf 89' lang='lat' dir='ltr'>simplicem</span> 
     </span>
     <span class='ocr_line' id='line_1_90' title="bbox 1206 1174 2168 1217; baseline -0.007 -8"><span class='ocrx_word' id='word_1_874' title='bbox 1206 1177 1365 1209; x_wconf 78' lang='lat' dir='ltr'>ass&#39;umtam</span> <span class='ocrx_word' id='word_1_875' title='bbox 1375 1176 1621 1208; x_wconf 87' lang='lat' dir='ltr'>circumscribens</span> <span class='ocrx_word' id='word_1_876' title='bbox 1630 1177 1801 1206; x_wconf 84' lang='lat' dir='ltr'>elocutione</span> <span class='ocrx_word' id='word_1_877' title='bbox 1812 1196 1820 1208; x_wconf 82' lang='grc'>,</span> <span class='ocrx_word' id='word_1_878' title='bbox 1841 1177 1899 1204; x_wconf 87' lang='lat' dir='ltr'>hoc</span> <span class='ocrx_word' id='word_1_879' title='bbox 1909 1174 1995 1214; x_wconf 57' lang='lat' dir='ltr'>paeto</span> <span class='ocrx_word' id='word_1_880' title='bbox 2008 1185 2013 1203; x_wconf 92' lang='lat'><strong>:</strong></span> <span class='ocrx_word' id='word_1_881' title='bbox 2032 1175 2168 1217; x_wconf 65' lang='lat' dir='ltr'>Scipionis</span> 
     </span>
     <span class='ocr_line' id='line_1_91' title="bbox 1206 1215 2167 1260; baseline -0.005 -10"><span class='ocrx_word' id='word_1_882' title='bbox 1206 1220 1395 1260; x_wconf 88' lang='lat' dir='ltr'>providentia</span> <span class='ocrx_word' id='word_1_883' title='bbox 1404 1219 1591 1258; x_wconf 84' lang='lat' dir='ltr'>Karthaginis</span> <span class='ocrx_word' id='word_1_884' title='bbox 1602 1227 1673 1257; x_wconf 87' lang='lat' dir='ltr'>opes</span> <span class='ocrx_word' id='word_1_885' title='bbox 1684 1217 1780 1257; x_wconf 85' lang='lat' dir='ltr'>fregit.</span> <span class='ocrx_word' id='word_1_886' title='bbox 1802 1219 1885 1247; x_wconf 86' lang='lat' dir='ltr'>Nam</span> <span class='ocrx_word' id='word_1_887' title='bbox 1895 1217 1955 1249; x_wconf 83' lang='lat' dir='ltr'>hic,</span> <span class='ocrx_word' id='word_1_888' title='bbox 1973 1215 2027 1245; x_wconf 84' lang='lat' dir='ltr'>nisi</span> <span class='ocrx_word' id='word_1_889' title='bbox 2036 1215 2167 1245; x_wconf 83' lang='lat' dir='ltr'>ornandi</span> 
     </span>
     <span class='ocr_line' id='line_1_92' title="bbox 1207 1256 2167 1301; baseline -0.005 -10"><span class='ocrx_word' id='word_1_890' title='bbox 1207 1263 1281 1291; x_wconf 88' lang='lat' dir='ltr'>ratio</span> <span class='ocrx_word' id='word_1_891' title='bbox 1290 1260 1425 1301; x_wconf 77' lang='lat' dir='ltr'>quaedam</span> <span class='ocrx_word' id='word_1_892' title='bbox 1437 1258 1507 1289; x_wconf 81' lang='lat' dir='ltr'>estet</span> <span class='ocrx_word' id='word_1_893' title='bbox 1517 1260 1614 1288; x_wconf 86' lang='lat' dir='ltr'>habita</span> <span class='ocrx_word' id='word_1_894' title='bbox 1625 1279 1633 1291; x_wconf 94' lang='lat'>,</span> <span class='ocrx_word' id='word_1_895' title='bbox 1654 1261 1752 1298; x_wconf 86' lang='lat' dir='ltr'>Scipio</span> <span class='ocrx_word' id='word_1_896' title='bbox 1760 1259 1858 1298; x_wconf 92' lang='lat' dir='ltr'>potuit</span> <span class='ocrx_word' id='word_1_897' title='bbox 1867 1278 1876 1291; x_wconf 87' lang='lat'>,</span> <span class='ocrx_word' id='word_1_898' title='bbox 1893 1257 1925 1287; x_wconf 74' lang='grc' dir='ltr'>ὅ(</span> <span class='ocrx_word' id='word_1_899' title='bbox 1937 1259 2083 1299; x_wconf 78' lang='lat' dir='ltr'>Karthago</span> <span class='ocrx_word' id='word_1_900' title='bbox 2093 1256 2167 1289; x_wconf 84' lang='lat' dir='ltr'>sim-</span> 
     </span>
     <span class='ocr_line' id='line_1_93' title="bbox 1207 1298 2168 1343; baseline -0.004 -11"><span class='ocrx_word' id='word_1_901' title='bbox 1207 1303 1324 1343; x_wconf 85' lang='lat' dir='ltr'>pliciter</span> <span class='ocrx_word' id='word_1_902' title='bbox 1332 1302 1478 1342; x_wconf 88' lang='lat' dir='ltr'>appellari.</span> <span class='ocrx_word' id='word_1_903' title='bbox 1497 1299 1697 1342; x_wconf 87' lang='lat' dir='ltr'>Transgreffio</span> <span class='ocrx_word' id='word_1_904' title='bbox 1709 1299 1761 1334; x_wconf 84' lang='lat' dir='ltr'>est,</span> <span class='ocrx_word' id='word_1_905' title='bbox 1773 1310 1839 1341; x_wconf 81' lang='lat' dir='ltr'>quae</span> <span class='ocrx_word' id='word_1_906' title='bbox 1847 1299 2009 1330; x_wconf 85' lang='lat' dir='ltr'>verborum</span> <span class='ocrx_word' id='word_1_907' title='bbox 2039 1298 2168 1329; x_wconf 89' lang='lat' dir='ltr'>erturbat</span> 
     </span>
     <span class='ocr_line' id='line_1_94' title="bbox 1209 1309 2168 1384; baseline -0.003 -10"><span class='ocrx_word' id='word_1_908' title='bbox 1209 1343 1349 1375; x_wconf 87' lang='lat' dir='ltr'>ordinem</span> <span class='ocrx_word' id='word_1_909' title='bbox 1359 1341 1545 1384; x_wconf 82' lang='lat' dir='ltr'>perversione</span> <span class='ocrx_word' id='word_1_910' title='bbox 1558 1362 1567 1376; x_wconf 92' lang='lat'>,</span> <span class='ocrx_word' id='word_1_911' title='bbox 1588 1351 1639 1373; x_wconf 88' lang='lat' dir='ltr'>aut</span> <span class='ocrx_word' id='word_1_912' title='bbox 1657 1343 1878 1383; x_wconf 56' lang='lat' dir='ltr'>transjecitione.</span> <span class='ocrx_word' id='word_1_913' title='bbox 1903 1309 2090 1372; x_wconf 54' lang='lat' dir='ltr'>Perveitione</span> <span class='ocrx_word' id='word_1_914' title='bbox 2109 1339 2147 1371; x_wconf 88' lang='lat' dir='ltr'>sic</span> <span class='ocrx_word' id='word_1_915' title='bbox 2159 1350 2168 1371; x_wconf 70' lang='grc' dir='ltr'>ι</span> 
     </span>
     <span class='ocr_line' id='line_1_95' title="bbox 1208 1382 2169 1424; baseline -0.004 -8"><span class='ocrx_word' id='word_1_916' title='bbox 1208 1389 1268 1416; x_wconf 86' lang='lat' dir='ltr'>Hoc</span> <span class='ocrx_word' id='word_1_917' title='bbox 1277 1385 1351 1416; x_wconf 61' lang='lat' dir='ltr'>voh„</span> <span class='ocrx_word' id='word_1_918' title='bbox 1361 1385 1433 1416; x_wconf 88' lang='lat' dir='ltr'>deos</span> <span class='ocrx_word' id='word_1_919' title='bbox 1445 1385 1642 1415; x_wconf 86' lang='lat' dir='ltr'>immortaleis</span> <span class='ocrx_word' id='word_1_920' title='bbox 1652 1385 1775 1414; x_wconf 89' lang='lat' dir='ltr'>arbitror</span> <span class='ocrx_word' id='word_1_921' title='bbox 1788 1388 1807 1411; x_wconf 77' lang='lat'>4</span> <span class='ocrx_word' id='word_1_922' title='bbox 1814 1382 1925 1414; x_wconf 83' lang='lat' dir='ltr'>dediffe</span> <span class='ocrx_word' id='word_1_923' title='bbox 1936 1385 2042 1424; x_wconf 88' lang='lat' dir='ltr'>pietate</span> <span class='ocrx_word' id='word_1_924' title='bbox 2052 1393 2105 1423; x_wconf 80' lang='lat' dir='ltr'>pro</span> <span class='ocrx_word' id='word_1_925' title='bbox 2115 1393 2169 1412; x_wconf 88' lang='lat' dir='ltr'>ve·-</span> 
     </span>
     <span class='ocr_line' id='line_1_96' title="bbox 1210 1423 2169 1467; baseline -0.005 -8"><span class='ocrx_word' id='word_1_926' title='bbox 1210 1428 1273 1459; x_wconf 87' lang='lat' dir='ltr'>stra.</span> <span class='ocrx_word' id='word_1_927' title='bbox 1284 1427 1514 1467; x_wconf 62' lang='lat' dir='ltr'>Transjefilzione</span> <span class='ocrx_word' id='word_1_928' title='bbox 1525 1428 1582 1456; x_wconf 87' lang='lat' dir='ltr'>hoc</span> <span class='ocrx_word' id='word_1_929' title='bbox 1593 1426 1687 1457; x_wconf 89' lang='lat' dir='ltr'>modo</span> <span class='ocrx_word' id='word_1_930' title='bbox 1698 1425 1846 1462; x_wconf 73' lang='lat' dir='ltr'>:Instabilu</span> <span class='ocrx_word' id='word_1_931' title='bbox 1855 1427 1887 1455; x_wconf 87' lang='lat' dir='ltr'>in</span> <span class='ocrx_word' id='word_1_932' title='bbox 1898 1424 1988 1455; x_wconf 85' lang='lat' dir='ltr'>istum</span> <span class='ocrx_word' id='word_1_933' title='bbox 1996 1423 2169 1465; x_wconf 76' lang='lat' dir='ltr'>plurimum</span> 
     </span>
     <span class='ocr_line' id='line_1_97' title="bbox 1208 1467 2170 1507; baseline -0.004 -7"><span class='ocrx_word' id='word_1_934' title='bbox 1208 1469 1329 1500; x_wconf 86' lang='lat' dir='ltr'>fortuna</span> <span class='ocrx_word' id='word_1_935' title='bbox 1336 1470 1439 1500; x_wconf 89' lang='lat' dir='ltr'>valuit.</span> <span class='ocrx_word' id='word_1_936' title='bbox 1462 1472 1539 1499; x_wconf 89' lang='lat' dir='ltr'>Item</span> <span class='ocrx_word' id='word_1_937' title='bbox 1551 1488 1559 1502; x_wconf 89' lang='lat'>,</span> <span class='ocrx_word' id='word_1_938' title='bbox 1572 1470 1678 1497; x_wconf 54' lang='lat' dir='ltr'>Omne&amp;</span> <span class='ocrx_word' id='word_1_939' title='bbox 1688 1468 1837 1498; x_wconf 85' lang='lat' dir='ltr'>invidiose</span> <span class='ocrx_word' id='word_1_940' title='bbox 1848 1469 1956 1507; x_wconf 88' lang='lat' dir='ltr'>eripuit</span> <span class='ocrx_word' id='word_1_941' title='bbox 1966 1467 2022 1497; x_wconf 87' lang='lat' dir='ltr'>tibi</span> <span class='ocrx_word' id='word_1_942' title='bbox 2033 1467 2109 1496; x_wconf 88' lang='lat' dir='ltr'>bene</span> <span class='ocrx_word' id='word_1_943' title='bbox 2120 1469 2170 1496; x_wconf 81' lang='lat' dir='ltr'>vi-</span> 
     </span>
     <span class='ocr_line' id='line_1_98' title="bbox 1209 1509 2170 1549; baseline -0.003 -7"><span class='ocrx_word' id='word_1_944' title='bbox 1209 1512 1300 1542; x_wconf 88' lang='lat' dir='ltr'>vendi</span> <span class='ocrx_word' id='word_1_945' title='bbox 1318 1512 1401 1542; x_wconf 83' lang='lat' dir='ltr'>casus</span> <span class='ocrx_word' id='word_1_946' title='bbox 1416 1511 1577 1541; x_wconf 78' lang='lat' dir='ltr'>facultates.</span> <span class='ocrx_word' id='word_1_947' title='bbox 1602 1509 1788 1548; x_wconf 78' lang='lat' dir='ltr'>Huiusmodi</span> <span class='ocrx_word' id='word_1_948' title='bbox 1808 1509 1978 1547; x_wconf 58' lang='lat' dir='ltr'>transjectio</span> <span class='ocrx_word' id='word_1_949' title='bbox 1988 1529 1996 1542; x_wconf 88' lang='lat'>,</span> <span class='ocrx_word' id='word_1_950' title='bbox 2017 1519 2083 1549; x_wconf 85' lang='lat' dir='ltr'>quae</span> <span class='ocrx_word' id='word_1_951' title='bbox 2102 1517 2170 1539; x_wconf 86' lang='lat' dir='ltr'>rem</span> 
     </span>
     <span class='ocr_line' id='line_1_99' title="bbox 1210 1550 2168 1591; baseline -0.005 -7"><span class='ocrx_word' id='word_1_952' title='bbox 1210 1564 1275 1584; x_wconf 85' lang='lat' dir='ltr'>non</span> <span class='ocrx_word' id='word_1_953' title='bbox 1286 1553 1383 1583; x_wconf 87' lang='lat' dir='ltr'>reddit</span> <span class='ocrx_word' id='word_1_954' title='bbox 1394 1553 1549 1583; x_wconf 80' lang='lat' dir='ltr'>obscuram</span> <span class='ocrx_word' id='word_1_955' title='bbox 1561 1572 1570 1586; x_wconf 92' lang='lat'>‚</span> <span class='ocrx_word' id='word_1_956' title='bbox 1582 1552 1715 1582; x_wconf 87' lang='lat' dir='ltr'>multum</span> <span class='ocrx_word' id='word_1_957' title='bbox 1724 1550 1856 1591; x_wconf 89' lang='lat' dir='ltr'>proderit</span> <span class='ocrx_word' id='word_1_958' title='bbox 1867 1550 1902 1580; x_wconf 88' lang='lat' dir='ltr'>ad</span> <span class='ocrx_word' id='word_1_959' title='bbox 1912 1552 2168 1583; x_wconf 76' lang='lat' dir='ltr'>continuationes,</span> 
     </span>
     <span class='ocr_line' id='line_1_100' title="bbox 1209 1590 2170 1636; baseline -0.005 -10"><span class='ocrx_word' id='word_1_960' title='bbox 1209 1595 1245 1626; x_wconf 88' lang='lat' dir='ltr'>de</span> <span class='ocrx_word' id='word_1_961' title='bbox 1255 1596 1363 1636; x_wconf 88' lang='lat' dir='ltr'>quibus</span> <span class='ocrx_word' id='word_1_962' title='bbox 1374 1594 1442 1625; x_wconf 72' lang='lat' dir='ltr'>ante</span> <span class='ocrx_word' id='word_1_963' title='bbox 1452 1594 1568 1624; x_wconf 63' lang='lat' dir='ltr'>dietum</span> <span class='ocrx_word' id='word_1_964' title='bbox 1579 1592 1621 1623; x_wconf 88' lang='lat' dir='ltr'>est</span> <span class='ocrx_word' id='word_1_965' title='bbox 1633 1604 1639 1622; x_wconf 80' lang='lat'>2</span> <span class='ocrx_word' id='word_1_966' title='bbox 1650 1595 1683 1623; x_wconf 88' lang='lat' dir='ltr'>in</span> <span class='ocrx_word' id='word_1_967' title='bbox 1691 1593 1800 1634; x_wconf 89' lang='lat' dir='ltr'>quibus</span> <span class='ocrx_word' id='word_1_968' title='bbox 1810 1595 1824 1619; x_wconf 76' lang='lat'><em>5</em></span> <span class='ocrx_word' id='word_1_969' title='bbox 1833 1601 1951 1632; x_wconf 87' lang='lat' dir='ltr'>oportet</span> <span class='ocrx_word' id='word_1_970' title='bbox 1959 1592 2057 1625; x_wconf 81' lang='lat' dir='ltr'>verba,</span> <span class='ocrx_word' id='word_1_971' title='bbox 2071 1590 2143 1621; x_wconf 80' lang='lat' dir='ltr'>sieut</span> <span class='ocrx_word' id='word_1_972' title='bbox 2152 1590 2170 1622; x_wconf 73' lang='grc' dir='ltr'>ὲ</span> 
     </span>
     <span class='ocr_line' id='line_1_101' title="bbox 1209 1633 2169 1678; baseline -0.005 -11"><span class='ocrx_word' id='word_1_973' title='bbox 1209 1639 1316 1678; x_wconf 67' lang='lat' dir='ltr'>poetis,</span> <span class='ocrx_word' id='word_1_974' title='bbox 1328 1638 1359 1666; x_wconf 93' lang='lat' dir='ltr'>in</span> <span class='ocrx_word' id='word_1_975' title='bbox 1371 1636 1520 1678; x_wconf 90' lang='lat' dir='ltr'>quendam</span> <span class='ocrx_word' id='word_1_976' title='bbox 1531 1634 1679 1666; x_wconf 85' lang='lat' dir='ltr'>exstruere</span> <span class='ocrx_word' id='word_1_977' title='bbox 1691 1644 1864 1667; x_wconf 82' lang='lat' dir='ltr'>numerum,</span> <span class='ocrx_word' id='word_1_978' title='bbox 1877 1642 1908 1663; x_wconf 90' lang='lat' dir='ltr'>ut</span> <span class='ocrx_word' id='word_1_979' title='bbox 1917 1633 2047 1674; x_wconf 61' lang='lat' dir='ltr'>perfefih}</span> <span class='ocrx_word' id='word_1_980' title='bbox 2059 1634 2092 1663; x_wconf 64' lang='grc' dir='ltr'>ὃς</span> <span class='ocrx_word' id='word_1_981' title='bbox 2102 1643 2169 1673; x_wconf 89' lang='lat' dir='ltr'>per-</span> 
     </span>
     <span class='ocr_line' id='line_1_102' title="bbox 1210 1675 2171 1720; baseline -0.005 -11"><span class='ocrx_word' id='word_1_982' title='bbox 1210 1677 1383 1720; x_wconf 73' lang='lat' dir='ltr'>politiss&#39;ime</span> <span class='ocrx_word' id='word_1_983' title='bbox 1402 1676 1512 1718; x_wconf 86' lang='lat' dir='ltr'>poffint</span> <span class='ocrx_word' id='word_1_984' title='bbox 1520 1676 1578 1708; x_wconf 84' lang='lat' dir='ltr'>effe</span> <span class='ocrx_word' id='word_1_985' title='bbox 1589 1677 1738 1708; x_wconf 83' lang='lat' dir='ltr'>absolutae.</span> <span class='ocrx_word' id='word_1_986' title='bbox 1761 1678 1925 1717; x_wconf 82' lang='lat' dir='ltr'>superlatio</span> <span class='ocrx_word' id='word_1_987' title='bbox 1936 1696 1945 1710; x_wconf 92' lang='lat'>,</span> <span class='ocrx_word' id='word_1_988' title='bbox 1965 1675 2009 1706; x_wconf 87' lang='lat' dir='ltr'>est</span> <span class='ocrx_word' id='word_1_989' title='bbox 2018 1677 2112 1706; x_wconf 86' lang='lat' dir='ltr'>oratio</span> <span class='ocrx_word' id='word_1_990' title='bbox 2123 1675 2171 1705; x_wconf 89' lang='lat' dir='ltr'>su-</span> 
     </span>
     <span class='ocr_line' id='line_1_103' title="bbox 1212 1717 2170 1762; baseline -0.004 -11"><span class='ocrx_word' id='word_1_991' title='bbox 1212 1730 1316 1762; x_wconf 84' lang='lat' dir='ltr'>perans</span> <span class='ocrx_word' id='word_1_992' title='bbox 1333 1721 1488 1750; x_wconf 89' lang='lat' dir='ltr'>veritatem</span> <span class='ocrx_word' id='word_1_993' title='bbox 1508 1740 1516 1753; x_wconf 90' lang='lat'>‚</span> <span class='ocrx_word' id='word_1_994' title='bbox 1535 1720 1660 1759; x_wconf 86' lang='lat' dir='ltr'>alicujus</span> <span class='ocrx_word' id='word_1_995' title='bbox 1677 1719 1804 1761; x_wconf 85' lang='lat' dir='ltr'>augendi</span> <span class='ocrx_word' id='word_1_996' title='bbox 1823 1738 1832 1752; x_wconf 88' lang='lat'>,</span> <span class='ocrx_word' id='word_1_997' title='bbox 1860 1718 2058 1748; x_wconf 88' lang='lat' dir='ltr'>minuendive</span> <span class='ocrx_word' id='word_1_998' title='bbox 2077 1717 2170 1747; x_wconf 80' lang='lat' dir='ltr'>causa.</span> 
     </span>
     <span class='ocr_line' id='line_1_104' title="bbox 1214 1761 2170 1800; baseline -0.006 -6"><span class='ocrx_word' id='word_1_999' title='bbox 1214 1766 1287 1794; x_wconf 81' lang='lat' dir='ltr'>Haec</span> <span class='ocrx_word' id='word_1_1000' title='bbox 1296 1763 1423 1793; x_wconf 88' lang='lat' dir='ltr'>sumitur</span> <span class='ocrx_word' id='word_1_1001' title='bbox 1432 1762 1460 1792; x_wconf 90' lang='lat' dir='ltr'>se</span> <span class='ocrx_word' id='word_1_1002' title='bbox 1484 1763 1587 1792; x_wconf 88' lang='lat' dir='ltr'>aratim</span> <span class='ocrx_word' id='word_1_1003' title='bbox 1599 1781 1608 1794; x_wconf 86' lang='lat'>,</span> <span class='ocrx_word' id='word_1_1004' title='bbox 1618 1770 1667 1791; x_wconf 89' lang='lat' dir='ltr'>aut</span> <span class='ocrx_word' id='word_1_1005' title='bbox 1676 1771 1747 1791; x_wconf 90' lang='lat' dir='ltr'>cum</span> <span class='ocrx_word' id='word_1_1006' title='bbox 1756 1762 1989 1800; x_wconf 80' lang='lat' dir='ltr'>comparatione.</span> <span class='ocrx_word' id='word_1_1007' title='bbox 2008 1761 2170 1799; x_wconf 72' lang='lat' dir='ltr'>separatim</span> 
     </span>
     <span class='ocr_line' id='line_1_105' title="bbox 1213 1802 2172 1846; baseline -0.005 -11"><span class='ocrx_word' id='word_1_1008' title='bbox 1213 1804 1268 1835; x_wconf 82' lang='lat' dir='ltr'>sic:</span> <span class='ocrx_word' id='word_1_1009' title='bbox 1291 1807 1388 1846; x_wconf 81' lang='lat' dir='ltr'>Qon</span> <span class='ocrx_word' id='word_1_1010' title='bbox 1405 1814 1434 1834; x_wconf 91' lang='lat' dir='ltr'>s1</span> <span class='ocrx_word' id='word_1_1011' title='bbox 1478 1802 1671 1834; x_wconf 84' lang='lat' dir='ltr'>concordiam</span> <span class='ocrx_word' id='word_1_1012' title='bbox 1681 1803 1879 1833; x_wconf 87' lang='lat' dir='ltr'>retinebimus</span> <span class='ocrx_word' id='word_1_1013' title='bbox 1891 1822 1899 1835; x_wconf 88' lang='lat'>‚</span> <span class='ocrx_word' id='word_1_1014' title='bbox 1919 1803 2043 1841; x_wconf 75' lang='lat' dir='ltr'>imperii</span> <span class='ocrx_word' id='word_1_1015' title='bbox 2053 1803 2172 1841; x_wconf 88' lang='lat' dir='ltr'>magni-</span> 
     </span>
     <span class='ocr_line' id='line_1_106' title="bbox 1213 1845 2173 1885; baseline -0.006 -7"><span class='ocrx_word' id='word_1_1016' title='bbox 1213 1847 1352 1878; x_wconf 87' lang='lat' dir='ltr'>tudinem</span> <span class='ocrx_word' id='word_1_1017' title='bbox 1365 1846 1435 1877; x_wconf 91' lang='lat' dir='ltr'>solis</span> <span class='ocrx_word' id='word_1_1018' title='bbox 1446 1854 1512 1876; x_wconf 90' lang='lat' dir='ltr'>ortu</span> <span class='ocrx_word' id='word_1_1019' title='bbox 1523 1854 1608 1885; x_wconf 89' lang='lat' dir='ltr'>atque</span> <span class='ocrx_word' id='word_1_1020' title='bbox 1620 1845 1723 1875; x_wconf 88' lang='lat' dir='ltr'>occasu</span> <span class='ocrx_word' id='word_1_1021' title='bbox 1733 1845 1906 1873; x_wconf 87' lang='lat' dir='ltr'>metiemur.</span> <span class='ocrx_word' id='word_1_1022' title='bbox 1930 1846 2007 1873; x_wconf 89' lang='lat' dir='ltr'>Cum</span> <span class='ocrx_word' id='word_1_1023' title='bbox 2018 1852 2173 1882; x_wconf 84' lang='lat' dir='ltr'>compara-</span> 
     </span>
     <span class='ocr_line' id='line_1_107' title="bbox 1215 1884 2172 1925; baseline -0.006 -6"><span class='ocrx_word' id='word_1_1024' title='bbox 1215 1891 1296 1920; x_wconf 89' lang='lat' dir='ltr'>tione</span> <span class='ocrx_word' id='word_1_1025' title='bbox 1308 1908 1317 1922; x_wconf 87' lang='lat'>,</span> <span class='ocrx_word' id='word_1_1026' title='bbox 1335 1896 1385 1918; x_wconf 88' lang='lat' dir='ltr'>aut</span> <span class='ocrx_word' id='word_1_1027' title='bbox 1394 1887 1409 1918; x_wconf 70' lang='lat' dir='ltr'>a</span> <span class='ocrx_word' id='word_1_1028' title='bbox 1418 1886 1614 1917; x_wconf 89' lang='lat' dir='ltr'>similitudine</span> <span class='ocrx_word' id='word_1_1029' title='bbox 1625 1905 1633 1919; x_wconf 76' lang='lat'>,</span> <span class='ocrx_word' id='word_1_1030' title='bbox 1654 1895 1704 1915; x_wconf 89' lang='lat' dir='ltr'>aut</span> <span class='ocrx_word' id='word_1_1031' title='bbox 1712 1886 1727 1916; x_wconf 78' lang='lat' dir='ltr'>a</span> <span class='ocrx_word' id='word_1_1032' title='bbox 1736 1884 1900 1925; x_wconf 81' lang='lat' dir='ltr'>praestantia</span> <span class='ocrx_word' id='word_1_1033' title='bbox 1910 1885 2066 1925; x_wconf 90' lang='lat' dir='ltr'>superlatio</span> <span class='ocrx_word' id='word_1_1034' title='bbox 2077 1885 2172 1914; x_wconf 80' lang='lat' dir='ltr'>sumi-</span> 
     </span>
     <span class='ocr_line' id='line_1_108' title="bbox 1215 1925 2172 1970; baseline -0.006 -9"><span class='ocrx_word' id='word_1_1035' title='bbox 1215 1940 1277 1961; x_wconf 86' lang='lat' dir='ltr'>tur:</span> <span class='ocrx_word' id='word_1_1036' title='bbox 1290 1933 1317 1960; x_wconf 87' lang='lat' dir='ltr'><strong>A</strong></span> <span class='ocrx_word' id='word_1_1037' title='bbox 1326 1928 1523 1960; x_wconf 90' lang='lat' dir='ltr'>similitudine</span> <span class='ocrx_word' id='word_1_1038' title='bbox 1532 1927 1570 1957; x_wconf 85' lang='lat' dir='ltr'>sic</span> <span class='ocrx_word' id='word_1_1039' title='bbox 1582 1939 1587 1956; x_wconf 88' lang='grc'>;</span> <span class='ocrx_word' id='word_1_1040' title='bbox 1607 1930 1717 1970; x_wconf 85' lang='lat' dir='ltr'>Corpore</span> <span class='ocrx_word' id='word_1_1041' title='bbox 1725 1929 1850 1957; x_wconf 84' lang='lat' dir='ltr'>niveum</span> <span class='ocrx_word' id='word_1_1042' title='bbox 1860 1926 2021 1956; x_wconf 76' lang='lat' dir='ltr'>candorem</span> <span class='ocrx_word' id='word_1_1043' title='bbox 2033 1946 2042 1959; x_wconf 91' lang='lat'>,</span> <span class='ocrx_word' id='word_1_1044' title='bbox 2053 1925 2172 1966; x_wconf 62' lang='lat' dir='ltr'>aspe&lt;stu</span> 
     </span>
     <span class='ocr_line' id='line_1_109' title="bbox 1216 1967 2172 2013; baseline -0.005 -11"><span class='ocrx_word' id='word_1_1045' title='bbox 1216 1975 1341 2013; x_wconf 87' lang='lat' dir='ltr'>igneum</span> <span class='ocrx_word' id='word_1_1046' title='bbox 1357 1971 1494 2002; x_wconf 88' lang='lat' dir='ltr'>ardorem</span> <span class='ocrx_word' id='word_1_1047' title='bbox 1513 1968 1722 2010; x_wconf 71' lang='lat' dir='ltr'>assequebatur.</span> <span class='ocrx_word' id='word_1_1048' title='bbox 1757 1971 1785 1998; x_wconf 86' lang='lat' dir='ltr'>A</span> <span class='ocrx_word' id='word_1_1049' title='bbox 1802 1967 1964 2008; x_wconf 76' lang='lat' dir='ltr'>praestantia</span> <span class='ocrx_word' id='word_1_1050' title='bbox 1982 1969 2041 1998; x_wconf 89' lang='lat' dir='ltr'>hoc</span> <span class='ocrx_word' id='word_1_1051' title='bbox 2058 1967 2152 1997; x_wconf 90' lang='lat' dir='ltr'>modo</span> <span class='ocrx_word' id='word_1_1052' title='bbox 2163 1977 2172 1997; x_wconf 71' lang='grc' dir='ltr'>ε</span> 
     </span>
     <span class='ocr_line' id='line_1_110' title="bbox 1217 2009 2173 2054; baseline -0.005 -11"><span class='ocrx_word' id='word_1_1053' title='bbox 1217 2015 1301 2054; x_wconf 75' lang='lat' dir='ltr'>Cujm</span> <span class='ocrx_word' id='word_1_1054' title='bbox 1319 2023 1370 2044; x_wconf 84' lang='lat' dir='ltr'>ore</span> <span class='ocrx_word' id='word_1_1055' title='bbox 1390 2013 1488 2043; x_wconf 90' lang='lat' dir='ltr'>sermo</span> <span class='ocrx_word' id='word_1_1056' title='bbox 1499 2012 1589 2041; x_wconf 86' lang='lat' dir='ltr'>melle</span> <span class='ocrx_word' id='word_1_1057' title='bbox 1600 2011 1716 2041; x_wconf 89' lang='lat' dir='ltr'>dulcior</span> <span class='ocrx_word' id='word_1_1058' title='bbox 1733 2009 1905 2050; x_wconf 87' lang='lat' dir='ltr'>profluebat.</span> <span class='ocrx_word' id='word_1_1059' title='bbox 1929 2009 2045 2040; x_wconf 87' lang='lat' dir='ltr'>Eodem</span> <span class='ocrx_word' id='word_1_1060' title='bbox 2064 2018 2173 2050; x_wconf 88' lang='lat' dir='ltr'>genere</span> 
     </span>
     <span class='ocr_line' id='line_1_111' title="bbox 1216 2050 2172 2092; baseline -0.007 -6"><span class='ocrx_word' id='word_1_1061' title='bbox 1216 2058 1274 2086; x_wconf 86' lang='lat' dir='ltr'>hoc</span> <span class='ocrx_word' id='word_1_1062' title='bbox 1292 2055 1335 2086; x_wconf 90' lang='lat' dir='ltr'>est</span> <span class='ocrx_word' id='word_1_1063' title='bbox 1345 2076 1353 2089; x_wconf 89' lang='lat'>‚</span> <span class='ocrx_word' id='word_1_1064' title='bbox 1375 2056 1482 2084; x_wconf 71' lang='lat' dir='ltr'>Tantus</span> <span class='ocrx_word' id='word_1_1065' title='bbox 1494 2062 1553 2084; x_wconf 86' lang='lat' dir='ltr'>erat</span> <span class='ocrx_word' id='word_1_1066' title='bbox 1562 2055 1595 2083; x_wconf 88' lang='lat' dir='ltr'>in</span> <span class='ocrx_word' id='word_1_1067' title='bbox 1604 2055 1694 2082; x_wconf 77' lang='lat' dir='ltr'>armis</span> <span class='ocrx_word' id='word_1_1068' title='bbox 1708 2052 1847 2092; x_wconf 89' lang='lat' dir='ltr'>splendor</span> <span class='ocrx_word' id='word_1_1069' title='bbox 1855 2071 1865 2086; x_wconf 86' lang='lat'>,</span> <span class='ocrx_word' id='word_1_1070' title='bbox 1886 2061 1918 2082; x_wconf 90' lang='lat' dir='ltr'>ut</span> <span class='ocrx_word' id='word_1_1071' title='bbox 1929 2051 1997 2081; x_wconf 88' lang='lat' dir='ltr'>solis</span> <span class='ocrx_word' id='word_1_1072' title='bbox 2007 2050 2106 2091; x_wconf 86' lang='lat' dir='ltr'>fulgor</span> <span class='ocrx_word' id='word_1_1073' title='bbox 2115 2051 2172 2080; x_wconf 89' lang='lat' dir='ltr'>ob-</span> 
     </span>
     <span class='ocr_line' id='line_1_112' title="bbox 1217 2092 2173 2132; baseline -0.007 -4"><span class='ocrx_word' id='word_1_1074' title='bbox 1217 2099 1328 2128; x_wconf 81' lang='lat' dir='ltr'>scurior</span> <span class='ocrx_word' id='word_1_1075' title='bbox 1337 2097 1493 2127; x_wconf 87' lang='lat' dir='ltr'>videretur.</span> <span class='ocrx_word' id='word_1_1076' title='bbox 1512 2093 1683 2124; x_wconf 66' lang='lat' dir='ltr'>Intelleffio</span> <span class='ocrx_word' id='word_1_1077' title='bbox 1693 2093 1744 2127; x_wconf 86' lang='lat' dir='ltr'>est,</span> <span class='ocrx_word' id='word_1_1078' title='bbox 1757 2092 1828 2122; x_wconf 80' lang='lat' dir='ltr'>cum</span> <span class='ocrx_word' id='word_1_1079' title='bbox 1840 2102 1885 2122; x_wconf 87' lang='lat' dir='ltr'>res</span> <span class='ocrx_word' id='word_1_1080' title='bbox 1896 2100 1956 2122; x_wconf 91' lang='lat' dir='ltr'>tota</span> <span class='ocrx_word' id='word_1_1081' title='bbox 1964 2102 2051 2132; x_wconf 85' lang='lat' dir='ltr'>parva</span> <span class='ocrx_word' id='word_1_1082' title='bbox 2060 2092 2095 2122; x_wconf 91' lang='lat' dir='ltr'>de</span> <span class='ocrx_word' id='word_1_1083' title='bbox 2106 2101 2173 2131; x_wconf 86' lang='lat' dir='ltr'>pai·-</span> 
     </span>
     <span class='ocr_line' id='line_1_113' title="bbox 1216 2132 2173 2178; baseline -0.005 -10"><span class='ocrx_word' id='word_1_1084' title='bbox 1216 2147 1244 2168; x_wconf 90' lang='lat' dir='ltr'>te</span> <span class='ocrx_word' id='word_1_1085' title='bbox 1255 2138 1442 2178; x_wconf 88' lang='lat' dir='ltr'>cognoscitur</span> <span class='ocrx_word' id='word_1_1086' title='bbox 1451 2156 1460 2169; x_wconf 81' lang='lat'>,</span> <span class='ocrx_word' id='word_1_1087' title='bbox 1479 2144 1528 2166; x_wconf 85' lang='lat' dir='ltr'>aut</span> <span class='ocrx_word' id='word_1_1088' title='bbox 1538 2135 1573 2164; x_wconf 83' lang='lat' dir='ltr'>de</span> <span class='ocrx_word' id='word_1_1089' title='bbox 1584 2143 1648 2165; x_wconf 88' lang='lat' dir='ltr'>toto</span> <span class='ocrx_word' id='word_1_1090' title='bbox 1657 2144 1731 2174; x_wconf 81' lang='lat' dir='ltr'>pars.</span> <span class='ocrx_word' id='word_1_1091' title='bbox 1755 2137 1802 2164; x_wconf 79' lang='lat' dir='ltr'>De</span> <span class='ocrx_word' id='word_1_1092' title='bbox 1812 2142 1891 2174; x_wconf 78' lang='lat' dir='ltr'>parte</span> <span class='ocrx_word' id='word_1_1093' title='bbox 1902 2143 2000 2164; x_wconf 89' lang='lat' dir='ltr'>totum</span> <span class='ocrx_word' id='word_1_1094' title='bbox 2011 2132 2048 2164; x_wconf 81' lang='lat' dir='ltr'>sic</span> <span class='ocrx_word' id='word_1_1095' title='bbox 2058 2134 2173 2164; x_wconf 88' lang='lat' dir='ltr'>intelli-</span> 
     </span>
     <span class='ocr_line' id='line_1_114' title="bbox 1216 2176 2174 2220; baseline -0.003 -12"><span class='ocrx_word' id='word_1_1096' title='bbox 1216 2181 1295 2220; x_wconf 84' lang='lat' dir='ltr'>gitur</span> <span class='ocrx_word' id='word_1_1097' title='bbox 1307 2190 1312 2208; x_wconf 88' lang='lat'>:</span> <span class='ocrx_word' id='word_1_1098' title='bbox 1335 2181 1400 2207; x_wconf 87' lang='lat' dir='ltr'>Non</span> <span class='ocrx_word' id='word_1_1099' title='bbox 1418 2179 1467 2206; x_wconf 63' lang='lat' dir='ltr'>illa</span> <span class='ocrx_word' id='word_1_1100' title='bbox 1476 2186 1504 2207; x_wconf 86' lang='lat' dir='ltr'>te</span> <span class='ocrx_word' id='word_1_1101' title='bbox 1514 2176 1660 2215; x_wconf 85' lang='lat' dir='ltr'>nuptiales</span> <span class='ocrx_word' id='word_1_1102' title='bbox 1672 2176 1751 2205; x_wconf 84' lang='lat' dir='ltr'>tibiae</span> <span class='ocrx_word' id='word_1_1103' title='bbox 1762 2177 1787 2215; x_wconf 90' lang='lat' dir='ltr'>ej</span> <span class='ocrx_word' id='word_1_1104' title='bbox 1793 2186 1825 2206; x_wconf 87' lang='lat' dir='ltr'>us</span> <span class='ocrx_word' id='word_1_1105' title='bbox 1835 2177 2021 2206; x_wconf 87' lang='lat' dir='ltr'>matrimonii</span> <span class='ocrx_word' id='word_1_1106' title='bbox 2031 2186 2174 2206; x_wconf 89' lang='lat' dir='ltr'>commo·-</span> 
     </span>
     <span class='ocr_line' id='line_1_115' title="bbox 1217 2216 2172 2258; baseline -0.003 -8"><span class='ocrx_word' id='word_1_1107' title='bbox 1217 2221 1348 2250; x_wconf 84' lang='lat' dir='ltr'>nebant?</span> <span class='ocrx_word' id='word_1_1108' title='bbox 1370 2222 1451 2249; x_wconf 83' lang='lat' dir='ltr'>Nam</span> <span class='ocrx_word' id='word_1_1109' title='bbox 1462 2216 1510 2248; x_wconf 79' lang='lat' dir='ltr'>hic</span> <span class='ocrx_word' id='word_1_1110' title='bbox 1520 2219 1621 2247; x_wconf 89' lang='lat' dir='ltr'>omnis</span> <span class='ocrx_word' id='word_1_1111' title='bbox 1631 2216 1831 2248; x_wconf 57' lang='lat' dir='ltr'>sanctimonia</span> <span class='ocrx_word' id='word_1_1112' title='bbox 1840 2219 2010 2258; x_wconf 85' lang='lat' dir='ltr'>nuptiarum</span> <span class='ocrx_word' id='word_1_1113' title='bbox 2024 2237 2033 2250; x_wconf 91' lang='lat'>‚</span> <span class='ocrx_word' id='word_1_1114' title='bbox 2053 2227 2116 2248; x_wconf 89' lang='lat' dir='ltr'>uno</span> <span class='ocrx_word' id='word_1_1115' title='bbox 2136 2216 2172 2247; x_wconf 82' lang='lat' dir='ltr'>fi-</span> 
     </span>
     <span class='ocr_line' id='line_1_116' title="bbox 1217 2258 2173 2303; baseline -0.003 -11"><span class='ocrx_word' id='word_1_1116' title='bbox 1217 2271 1277 2303; x_wconf 83' lang='lat' dir='ltr'>gno</span> <span class='ocrx_word' id='word_1_1117' title='bbox 1287 2262 1428 2292; x_wconf 88' lang='lat' dir='ltr'>tibiarum</span> <span class='ocrx_word' id='word_1_1118' title='bbox 1439 2260 1623 2300; x_wconf 85' lang='lat' dir='ltr'>intelligitur.</span> <span class='ocrx_word' id='word_1_1119' title='bbox 1646 2261 1693 2289; x_wconf 87' lang='lat' dir='ltr'>De</span> <span class='ocrx_word' id='word_1_1120' title='bbox 1706 2268 1769 2289; x_wconf 90' lang='lat' dir='ltr'>toto</span> <span class='ocrx_word' id='word_1_1121' title='bbox 1779 2269 1852 2299; x_wconf 80' lang='lat' dir='ltr'>pars,</span> <span class='ocrx_word' id='word_1_1122' title='bbox 1866 2269 1896 2289; x_wconf 87' lang='lat' dir='ltr'>ut</span> <span class='ocrx_word' id='word_1_1123' title='bbox 1907 2258 1995 2300; x_wconf 89' lang='lat' dir='ltr'>siquis</span> <span class='ocrx_word' id='word_1_1124' title='bbox 2005 2261 2044 2292; x_wconf 89' lang='lat' dir='ltr'>ei,</span> <span class='ocrx_word' id='word_1_1125' title='bbox 2058 2261 2109 2300; x_wconf 91' lang='lat' dir='ltr'>qui</span> <span class='ocrx_word' id='word_1_1126' title='bbox 2118 2270 2173 2289; x_wconf 89' lang='lat' dir='ltr'>ve-</span> 
     </span>
     <span class='ocr_line' id='line_1_117' title="bbox 1219 2300 2174 2337; baseline -0.003 -4"><span class='ocrx_word' id='word_1_1127' title='bbox 1219 2303 1322 2334; x_wconf 87' lang='lat' dir='ltr'>stitum</span> <span class='ocrx_word' id='word_1_1128' title='bbox 1333 2322 1341 2336; x_wconf 82' lang='lat'>,</span> <span class='ocrx_word' id='word_1_1129' title='bbox 1356 2311 1406 2332; x_wconf 89' lang='lat' dir='ltr'>aut</span> <span class='ocrx_word' id='word_1_1130' title='bbox 1415 2310 1552 2332; x_wconf 84' lang='lat' dir='ltr'>ornatum</span> <span class='ocrx_word' id='word_1_1131' title='bbox 1564 2301 1754 2331; x_wconf 87' lang='lat' dir='ltr'>sumtuosum</span> <span class='ocrx_word' id='word_1_1132' title='bbox 1764 2300 1892 2331; x_wconf 78' lang='lat' dir='ltr'>ostentet</span> <span class='ocrx_word' id='word_1_1133' title='bbox 1901 2321 1909 2335; x_wconf 88' lang='lat'>‚</span> <span class='ocrx_word' id='word_1_1134' title='bbox 1930 2303 2008 2331; x_wconf 87' lang='lat' dir='ltr'>dicat</span> <span class='ocrx_word' id='word_1_1135' title='bbox 2019 2321 2027 2336; x_wconf 90' lang='lat'>‚</span> <span class='ocrx_word' id='word_1_1136' title='bbox 2049 2300 2174 2337; x_wconf 63' lang='lat' dir='ltr'>Ostenta</span> 
     </span>
     <span class='ocr_line' id='line_1_118' title="bbox 1221 2342 2174 2383; baseline -0.002 -9"><span class='ocrx_word' id='word_1_1137' title='bbox 1221 2345 1298 2374; x_wconf 89' lang='lat' dir='ltr'>mihi</span> <span class='ocrx_word' id='word_1_1138' title='bbox 1308 2344 1436 2377; x_wconf 83' lang='lat' dir='ltr'>divitias,</span> <span class='ocrx_word' id='word_1_1139' title='bbox 1449 2344 1481 2374; x_wconf 90' lang='lat'>&amp;</span> <span class='ocrx_word' id='word_1_1140' title='bbox 1492 2342 1666 2382; x_wconf 87' lang='lat' dir='ltr'>locupleteis</span> <span class='ocrx_word' id='word_1_1141' title='bbox 1676 2344 1773 2382; x_wconf 75' lang='lat' dir='ltr'>copias</span> <span class='ocrx_word' id='word_1_1142' title='bbox 1781 2342 1880 2382; x_wconf 67' lang='lat' dir='ltr'>ja&amp;as.</span> <span class='ocrx_word' id='word_1_1143' title='bbox 1904 2343 1952 2373; x_wconf 92' lang='lat' dir='ltr'>Ab</span> <span class='ocrx_word' id='word_1_1144' title='bbox 1961 2353 2023 2373; x_wconf 90' lang='lat' dir='ltr'>uno</span> <span class='ocrx_word' id='word_1_1145' title='bbox 2033 2343 2115 2383; x_wconf 88' lang='lat' dir='ltr'>plura</span> <span class='ocrx_word' id='word_1_1146' title='bbox 2124 2345 2174 2372; x_wconf 89' lang='lat' dir='ltr'>in-</span> 
     </span>
     <span class='ocr_line' id='line_1_119' title="bbox 1220 2384 2176 2426; baseline -0.001 -10"><span class='ocrx_word' id='word_1_1147' title='bbox 1220 2387 1395 2426; x_wconf 80' lang='lat' dir='ltr'>telliguntur</span> <span class='ocrx_word' id='word_1_1148' title='bbox 1405 2405 1413 2419; x_wconf 85' lang='lat'>‚</span> <span class='ocrx_word' id='word_1_1149' title='bbox 1433 2386 1491 2416; x_wconf 90' lang='lat' dir='ltr'>hoc</span> <span class='ocrx_word' id='word_1_1150' title='bbox 1510 2384 1603 2414; x_wconf 87' lang='lat' dir='ltr'>modo</span> <span class='ocrx_word' id='word_1_1151' title='bbox 1615 2394 1620 2412; x_wconf 81' lang='grc'>’-</span> <span class='ocrx_word' id='word_1_1152' title='bbox 1642 2387 1722 2413; x_wconf 74' lang='lat' dir='ltr'><em>Poeno</em></span> <span class='ocrx_word' id='word_1_1153' title='bbox 1733 2384 1791 2414; x_wconf 88' lang='lat' dir='ltr'>fuit</span> <span class='ocrx_word' id='word_1_1154' title='bbox 1803 2385 1951 2425; x_wconf 82' lang='lat' dir='ltr'>Hispanus</span> <span class='ocrx_word' id='word_1_1155' title='bbox 1961 2385 2076 2415; x_wconf 81' lang='lat' dir='ltr'>auxilio</span> <span class='ocrx_word' id='word_1_1156' title='bbox 2086 2405 2095 2418; x_wconf 88' lang='lat'>,</span> <span class='ocrx_word' id='word_1_1157' title='bbox 2115 2384 2176 2415; x_wconf 86' lang='lat' dir='ltr'>fuit</span> 
     </span>
     <span class='ocr_line' id='line_1_120' title="bbox 1220 2426 2175 2468; baseline -0.002 -10"><span class='ocrx_word' id='word_1_1158' title='bbox 1220 2429 1365 2458; x_wconf 85' lang='lat' dir='ltr'>immanis</span> <span class='ocrx_word' id='word_1_1159' title='bbox 1375 2427 1425 2457; x_wconf 87' lang='lat' dir='ltr'>ille</span> <span class='ocrx_word' id='word_1_1160' title='bbox 1437 2427 1630 2466; x_wconf 86' lang='lat' dir='ltr'>transalpinus</span> <span class='ocrx_word' id='word_1_1161' title='bbox 1640 2428 1685 2455; x_wconf 88' lang='lat' dir='ltr'>:in</span> <span class='ocrx_word' id='word_1_1162' title='bbox 1695 2426 1777 2458; x_wconf 78' lang='lat' dir='ltr'>Italia</span> <span class='ocrx_word' id='word_1_1163' title='bbox 1786 2437 1904 2468; x_wconf 83' lang='lat' dir='ltr'>quoque</span> <span class='ocrx_word' id='word_1_1164' title='bbox 1914 2426 1996 2456; x_wconf 87' lang='lat' dir='ltr'>idern</span> <span class='ocrx_word' id='word_1_1165' title='bbox 2006 2437 2070 2465; x_wconf 84' lang='lat' dir='ltr'>non</span> <span class='ocrx_word' id='word_1_1166' title='bbox 2081 2435 2175 2456; x_wconf 89' lang='lat' dir='ltr'>nemo</span> 
     </span>
     <span class='ocr_line' id='line_1_121' title="bbox 1221 2466 2176 2510; baseline -0.003 -10"><span class='ocrx_word' id='word_1_1167' title='bbox 1221 2478 1334 2510; x_wconf 80' lang='lat' dir='ltr'>togatus</span> <span class='ocrx_word' id='word_1_1168' title='bbox 1346 2467 1442 2499; x_wconf 85' lang='lat' dir='ltr'>sensit.</span> <span class='ocrx_word' id='word_1_1169' title='bbox 1467 2471 1493 2498; x_wconf 91' lang='lat' dir='ltr'>A</span> <span class='ocrx_word' id='word_1_1170' title='bbox 1503 2468 1637 2508; x_wconf 87' lang='lat' dir='ltr'>pluribus</span> <span class='ocrx_word' id='word_1_1171' title='bbox 1648 2478 1743 2499; x_wconf 87' lang='lat' dir='ltr'>unum</span> <span class='ocrx_word' id='word_1_1172' title='bbox 1753 2466 1792 2499; x_wconf 85' lang='lat' dir='ltr'>fic</span> <span class='ocrx_word' id='word_1_1173' title='bbox 1802 2469 1996 2510; x_wconf 85' lang='lat' dir='ltr'>intelligitur:</span> <span class='ocrx_word' id='word_1_1174' title='bbox 2014 2470 2118 2497; x_wconf 55' lang='lat' dir='ltr'>uitrox</span> <span class='ocrx_word' id='word_1_1175' title='bbox 2128 2477 2176 2498; x_wconf 79' lang='lat' dir='ltr'>ca-</span> 
     </span>
     <span class='ocr_line' id='line_1_122' title="bbox 1221 2510 2176 2551; baseline -0.002 -10"><span class='ocrx_word' id='word_1_1176' title='bbox 1221 2512 1338 2542; x_wconf 79' lang='lat' dir='ltr'>lamitas</span> <span class='ocrx_word' id='word_1_1177' title='bbox 1355 2510 1474 2550; x_wconf 66' lang='lat' dir='ltr'>pestora</span> <span class='ocrx_word' id='word_1_1178' title='bbox 1491 2519 1618 2540; x_wconf 84' lang='lat' dir='ltr'>moerore</span> <span class='ocrx_word' id='word_1_1179' title='bbox 1628 2510 1770 2549; x_wconf 68' lang='lat' dir='ltr'>pulsabat,</span> <span class='ocrx_word' id='word_1_1180' title='bbox 1795 2513 1894 2551; x_wconf 82' lang='lat' dir='ltr'>Itaque</span> <span class='ocrx_word' id='word_1_1181' title='bbox 1903 2510 2045 2541; x_wconf 88' lang='lat' dir='ltr'>anhelans</span> <span class='ocrx_word' id='word_1_1182' title='bbox 2053 2520 2092 2540; x_wconf 86' lang='lat' dir='ltr'>ex</span> <span class='ocrx_word' id='word_1_1183' title='bbox 2101 2511 2176 2539; x_wconf 75' lang='lat' dir='ltr'>imis</span> 
     </span>
     <span class='ocr_line' id='line_1_123' title="bbox 1220 2551 2177 2594; baseline -0.003 -11"><span class='ocrx_word' id='word_1_1184' title='bbox 1220 2554 1417 2594; x_wconf 85' lang='lat' dir='ltr'>pulmonibus</span> <span class='ocrx_word' id='word_1_1185' title='bbox 1428 2562 1484 2592; x_wconf 80' lang='lat' dir='ltr'>prae</span> <span class='ocrx_word' id='word_1_1186' title='bbox 1495 2562 1563 2582; x_wconf 87' lang='lat' dir='ltr'>cura</span> <span class='ocrx_word' id='word_1_1187' title='bbox 1572 2552 1688 2591; x_wconf 81' lang='lat' dir='ltr'>spiritus</span> <span class='ocrx_word' id='word_1_1188' title='bbox 1699 2551 1870 2582; x_wconf 80' lang='lat' dir='ltr'>ducebatur.</span> <span class='ocrx_word' id='word_1_1189' title='bbox 1883 2554 1965 2582; x_wconf 89' lang='lat' dir='ltr'>Nam</span> <span class='ocrx_word' id='word_1_1190' title='bbox 1975 2553 2007 2581; x_wconf 82' lang='lat' dir='ltr'>in</span> <span class='ocrx_word' id='word_1_1191' title='bbox 2018 2552 2177 2591; x_wconf 88' lang='lat' dir='ltr'>superiori-</span> 
     </span>
     <span class='ocr_line' id='line_1_124' title="bbox 1221 2592 2175 2634; baseline -0.002 -10"><span class='ocrx_word' id='word_1_1192' title='bbox 1221 2596 1275 2625; x_wconf 86' lang='lat' dir='ltr'>bus</span> <span class='ocrx_word' id='word_1_1193' title='bbox 1286 2595 1384 2634; x_wconf 76' lang='lat' dir='ltr'>plures</span> <span class='ocrx_word' id='word_1_1194' title='bbox 1395 2594 1519 2633; x_wconf 83' lang='lat' dir='ltr'>Hispani</span> <span class='ocrx_word' id='word_1_1195' title='bbox 1532 2614 1540 2626; x_wconf 90' lang='lat'><strong>‚</strong></span> <span class='ocrx_word' id='word_1_1196' title='bbox 1553 2593 1585 2623; x_wconf 64' lang='grc' dir='ltr'>ὅς</span> <span class='ocrx_word' id='word_1_1197' title='bbox 1596 2593 1675 2623; x_wconf 79' lang='lat' dir='ltr'>Galli</span> <span class='ocrx_word' id='word_1_1198' title='bbox 1687 2615 1697 2626; x_wconf 86' lang='lat'>,</span> <span class='ocrx_word' id='word_1_1199' title='bbox 1712 2593 1841 2634; x_wconf 84' lang='lat' dir='ltr'>&amp;togati</span> <span class='ocrx_word' id='word_1_1200' title='bbox 1852 2614 1862 2626; x_wconf 87' lang='lat'>,</span> <span class='ocrx_word' id='word_1_1201' title='bbox 1882 2592 1931 2623; x_wconf 86' lang='lat' dir='ltr'>hic</span> <span class='ocrx_word' id='word_1_1202' title='bbox 1943 2602 2036 2623; x_wconf 87' lang='lat' dir='ltr'>unum</span> <span class='ocrx_word' id='word_1_1203' title='bbox 2047 2592 2151 2633; x_wconf 71' lang='lat' dir='ltr'>pe6³cus</span> <span class='ocrx_word' id='word_1_1204' title='bbox 2164 2612 2175 2626; x_wconf 87' lang='lat'>,</span> 
     </span>
     <span class='ocr_line' id='line_1_125' title="bbox 1219 2635 2176 2676; baseline -0.003 -10"><span class='ocrx_word' id='word_1_1205' title='bbox 1219 2637 1251 2666; x_wconf 90' lang='lat'>&amp;</span> <span class='ocrx_word' id='word_1_1206' title='bbox 1262 2646 1339 2666; x_wconf 85' lang='lat' dir='ltr'>unus</span> <span class='ocrx_word' id='word_1_1207' title='bbox 1350 2637 1457 2676; x_wconf 89' lang='lat' dir='ltr'>pulmo</span> <span class='ocrx_word' id='word_1_1208' title='bbox 1467 2636 1661 2676; x_wconf 72' lang='lat' dir='ltr'>intelligitur:</span> <span class='ocrx_word' id='word_1_1209' title='bbox 1683 2636 1715 2665; x_wconf 71' lang='grc' dir='ltr'>δε</span> <span class='ocrx_word' id='word_1_1210' title='bbox 1726 2637 1780 2665; x_wconf 88' lang='lat' dir='ltr'>erit</span> <span class='ocrx_word' id='word_1_1211' title='bbox 1796 2635 1861 2665; x_wconf 87' lang='lat' dir='ltr'>illic</span> <span class='ocrx_word' id='word_1_1212' title='bbox 1877 2635 2046 2665; x_wconf 67' lang='lat' dir='ltr'>diminutus</span> <span class='ocrx_word' id='word_1_1213' title='bbox 2066 2644 2176 2664; x_wconf 89' lang='lat' dir='ltr'>nume-</span> 
     </span>
     <span class='ocr_line' id='line_1_126' title="bbox 1218 2674 2174 2718; baseline -0.002 -11"><span class='ocrx_word' id='word_1_1214' title='bbox 1218 2688 1267 2708; x_wconf 83' lang='lat' dir='ltr'>rus</span> <span class='ocrx_word' id='word_1_1215' title='bbox 1286 2677 1451 2707; x_wconf 82' lang='lat' dir='ltr'>festivitatis</span> <span class='ocrx_word' id='word_1_1216' title='bbox 1465 2697 1476 2710; x_wconf 82' lang='lat'>,</span> <span class='ocrx_word' id='word_1_1217' title='bbox 1494 2675 1542 2707; x_wconf 89' lang='lat' dir='ltr'>hic</span> <span class='ocrx_word' id='word_1_1218' title='bbox 1553 2676 1693 2706; x_wconf 61' lang='lat' dir='ltr'>adauelus</span> <span class='ocrx_word' id='word_1_1219' title='bbox 1705 2678 1850 2717; x_wconf 85' lang='lat' dir='ltr'>gravitatis</span> <span class='ocrx_word' id='word_1_1220' title='bbox 1862 2678 1959 2718; x_wconf 86' lang='lat' dir='ltr'>gratia.</span> <span class='ocrx_word' id='word_1_1221' title='bbox 1983 2674 2093 2706; x_wconf 83' lang='lat' dir='ltr'>Abufio</span> <span class='ocrx_word' id='word_1_1222' title='bbox 2112 2675 2174 2709; x_wconf 91' lang='lat' dir='ltr'>est,</span> 
     </span>
     <span class='ocr_line' id='line_1_127' title="bbox 1219 2717 2178 2762; baseline -0.003 -13"><span class='ocrx_word' id='word_1_1223' title='bbox 1219 2730 1284 2762; x_wconf 83' lang='lat' dir='ltr'>quae</span> <span class='ocrx_word' id='word_1_1224' title='bbox 1294 2720 1386 2750; x_wconf 89' lang='lat' dir='ltr'>verbo</span> <span class='ocrx_word' id='word_1_1225' title='bbox 1396 2717 1487 2750; x_wconf 80' lang='lat' dir='ltr'>simili</span> <span class='ocrx_word' id='word_1_1226' title='bbox 1497 2738 1505 2753; x_wconf 91' lang='lat'>‚</span> <span class='ocrx_word' id='word_1_1227' title='bbox 1518 2719 1551 2750; x_wconf 66' lang='grc' dir='ltr'>ὃ(</span> <span class='ocrx_word' id='word_1_1228' title='bbox 1561 2720 1743 2760; x_wconf 84' lang='lat' dir='ltr'>propinquo,</span> <span class='ocrx_word' id='word_1_1229' title='bbox 1753 2728 1807 2760; x_wconf 87' lang='lat' dir='ltr'>pro</span> <span class='ocrx_word' id='word_1_1230' title='bbox 1817 2727 1898 2750; x_wconf 79' lang='lat' dir='ltr'>certo</span> <span class='ocrx_word' id='word_1_1231' title='bbox 1907 2719 1939 2749; x_wconf 87' lang='lat'>&amp;</span> <span class='ocrx_word' id='word_1_1232' title='bbox 1947 2720 2069 2759; x_wconf 88' lang='lat' dir='ltr'>proprio</span> <span class='ocrx_word' id='word_1_1233' title='bbox 2078 2717 2178 2749; x_wconf 84' lang='lat' dir='ltr'>abuti-</span> 
     </span>
    </p>

    <p class='ocr_par' dir='ltr' id='par_1_11' title="bbox 2110 2767 2178 2795">
     <span class='ocr_line' id='line_1_128' title="bbox 2110 2767 2178 2795; baseline -0.015 -5"><span class='ocrx_word' id='word_1_1234' title='bbox 2110 2767 2158 2790; x_wconf 87' lang='lat' dir='ltr'>tur</span> <span class='ocrx_word' id='word_1_1235' title='bbox 2167 2779 2178 2795; x_wconf 85' lang='lat'>,</span> 
     </span>
    </p>
   </div>
   <div class='ocr_carea' id='block_1_11' title="bbox 636 2811 2178 2823">
    <p class='ocr_par' dir='ltr' id='par_1_12' title="bbox 636 2811 2178 2823">
     <span class='ocr_line' id='line_1_129' title="bbox 636 2811 2178 2823; baseline 0 572"><span class='ocrx_word' id='word_1_1236' title='bbox 636 2811 2178 2823; x_wconf 95' lang='lat' dir='ltr'> </span> 
     </span>
    </p>
   </div>
   <div class='ocr_carea' id='block_1_12' title="bbox 221 2835 1182 3085">
    <p class='ocr_par' dir='ltr' id='par_1_13' title="bbox 221 2835 1182 2939">
     <span class='ocr_line' id='line_1_130' title="bbox 263 2835 1182 2875; baseline -0.003 -14"><span class='ocrx_word' id='word_1_1237' title='bbox 263 2844 286 2861; x_wconf 82' lang='lat' dir='ltr'>r.</span> <span class='ocrx_word' id='word_1_1238' title='bbox 305 2836 385 2867; x_wconf 59' lang='lat' dir='ltr'>Qvo</span> <span class='ocrx_word' id='word_1_1239' title='bbox 393 2843 492 2868; x_wconf 80' lang='lat' dir='ltr'>quonam</span> <span class='ocrx_word' id='word_1_1240' title='bbox 501 2842 522 2859; x_wconf 80' lang='lat' dir='ltr'>te</span> <span class='ocrx_word' id='word_1_1241' title='bbox 531 2835 594 2867; x_wconf 71' lang='lat' dir='ltr'>dt&#39;grm</span> <span class='ocrx_word' id='word_1_1242' title='bbox 606 2853 613 2866; x_wconf 88' lang='lat'>,</span> <span class='ocrx_word' id='word_1_1243' title='bbox 631 2835 698 2869; x_wconf 61' lang='lat' dir='ltr'>dre]</span> <span class='ocrx_word' id='word_1_1244' title='bbox 720 2835 804 2861; x_wconf 72' lang='lat' dir='ltr'>Palat.</span> <span class='ocrx_word' id='word_1_1245' title='bbox 822 2842 930 2875; x_wconf 77' lang='lat' dir='ltr'>quartus</span> <span class='ocrx_word' id='word_1_1246' title='bbox 942 2845 948 2861; x_wconf 90' lang='lat'><strong>:</strong></span> <span class='ocrx_word' id='word_1_1247' title='bbox 969 2843 1041 2869; x_wconf 72' lang='lat' dir='ltr'>quxro</span> <span class='ocrx_word' id='word_1_1248' title='bbox 1044 2835 1099 2866; x_wconf 83' lang='lat' dir='ltr'>jam</span> <span class='ocrx_word' id='word_1_1249' title='bbox 1108 2843 1151 2867; x_wconf 75' lang='lat' dir='ltr'>quo</span> <span class='ocrx_word' id='word_1_1250' title='bbox 1161 2841 1182 2858; x_wconf 80' lang='lat' dir='ltr'>te</span> 
     </span>
     <span class='ocr_line' id='line_1_131' title="bbox 221 2869 1180 2906; baseline -0.002 -10"><span class='ocrx_word' id='word_1_1251' title='bbox 221 2871 288 2903; x_wconf 67' lang='lat' dir='ltr'>digno</span> <span class='ocrx_word' id='word_1_1252' title='bbox 299 2889 307 2902; x_wconf 96' lang='lat'>,</span> <span class='ocrx_word' id='word_1_1253' title='bbox 326 2872 376 2901; x_wconf 61' lang='grc' dir='ltr'>ὰς.</span> <span class='ocrx_word' id='word_1_1254' title='bbox 397 2869 439 2896; x_wconf 76' lang='lat' dir='ltr'>sed</span> <span class='ocrx_word' id='word_1_1255' title='bbox 459 2871 542 2906; x_wconf 76' lang='lat' dir='ltr'>magis</span> <span class='ocrx_word' id='word_1_1256' title='bbox 561 2870 646 2906; x_wconf 77' lang='lat' dir='ltr'>placet</span> <span class='ocrx_word' id='word_1_1257' title='bbox 665 2870 735 2906; x_wconf 87' lang='lat' dir='ltr'>quod</span> <span class='ocrx_word' id='word_1_1258' title='bbox 755 2872 842 2897; x_wconf 70' lang='lat' dir='ltr'>iuveni</span> <span class='ocrx_word' id='word_1_1259' title='bbox 862 2871 888 2897; x_wconf 85' lang='lat' dir='ltr'>in</span> <span class='ocrx_word' id='word_1_1260' title='bbox 900 2869 949 2896; x_wconf 72' lang='lat' dir='ltr'>stc.</span> <span class='ocrx_word' id='word_1_1261' title='bbox 961 2871 987 2896; x_wconf 60' lang='grc' dir='ltr'>δι’</span> <span class='ocrx_word' id='word_1_1262' title='bbox 999 2870 1079 2896; x_wconf 80' lang='lat' dir='ltr'>tertio</span> <span class='ocrx_word' id='word_1_1263' title='bbox 1092 2880 1098 2897; x_wconf 72' lang='lat' dir='ltr'><em>z</em></span> <span class='ocrx_word' id='word_1_1264' title='bbox 1119 2872 1180 2895; x_wconf 81' lang='lat' dir='ltr'>homo</span> 
     </span>
     <span class='ocr_line' id='line_1_132' title="bbox 223 2906 1026 2939; baseline -0.002 -6"><span class='ocrx_word' id='word_1_1265' title='bbox 223 2909 326 2933; x_wconf 75' lang='lat' dir='ltr'>omnium</span> <span class='ocrx_word' id='word_1_1266' title='bbox 335 2908 466 2931; x_wconf 76' lang='lat' dir='ltr'>mortalium</span> <span class='ocrx_word' id='word_1_1267' title='bbox 477 2907 487 2933; x_wconf 74' lang='grc' dir='ltr'><em>ἒ</em></span> <span class='ocrx_word' id='word_1_1268' title='bbox 506 2916 560 2931; x_wconf 78' lang='lat' dir='ltr'>nam</span> <span class='ocrx_word' id='word_1_1269' title='bbox 570 2916 613 2939; x_wconf 66' lang='lat' dir='ltr'>qno</span> <span class='ocrx_word' id='word_1_1270' title='bbox 623 2914 644 2930; x_wconf 83' lang='lat' dir='ltr'>re</span> <span class='ocrx_word' id='word_1_1271' title='bbox 653 2908 727 2939; x_wconf 80' lang='lat' dir='ltr'>digno,</span> <span class='ocrx_word' id='word_1_1272' title='bbox 736 2907 786 2936; x_wconf 62' lang='lat' dir='ltr'>(lyr.</span> <span class='ocrx_word' id='word_1_1273' title='bbox 808 2906 859 2932; x_wconf 82' lang='lat' dir='ltr'>fine</span> <span class='ocrx_word' id='word_1_1274' title='bbox 872 2916 934 2932; x_wconf 84' lang='lat' dir='ltr'>voce</span> <span class='ocrx_word' id='word_1_1275' title='bbox 943 2915 1026 2939; x_wconf 73' lang='lat' dir='ltr'>quaero.</span> 
     </span>
    </p>

    <p class='ocr_par' dir='ltr' id='par_1_14' title="bbox 222 2941 1182 3048">
     <span class='ocr_line' id='line_1_133' title="bbox 262 2941 1177 2975; baseline 0.001 -9"><span class='ocrx_word' id='word_1_1276' title='bbox 262 2950 278 2966; x_wconf 91' lang='lat'><em>2</em></span> <span class='ocrx_word' id='word_1_1277' title='bbox 285 2962 290 2967; x_wconf 94' lang='lat'>.</span> <span class='ocrx_word' id='word_1_1278' title='bbox 309 2942 376 2974; x_wconf 67' lang='lat' dir='ltr'>Qod</span> <span class='ocrx_word' id='word_1_1279' title='bbox 383 2950 469 2974; x_wconf 75' lang='lat' dir='ltr'>captum</span> <span class='ocrx_word' id='word_1_1280' title='bbox 478 2945 513 2967; x_wconf 68' lang='lat' dir='ltr'>ef!</span> <span class='ocrx_word' id='word_1_1281' title='bbox 521 2943 567 2967; x_wconf 79' lang='lat' dir='ltr'>dici</span> <span class='ocrx_word' id='word_1_1282' title='bbox 577 2961 585 2973; x_wconf 89' lang='lat'>,</span> <span class='ocrx_word' id='word_1_1283' title='bbox 605 2944 747 2975; x_wconf 73' lang='lat' dir='ltr'>relinquitur</span> <span class='ocrx_word' id='word_1_1284' title='bbox 755 2945 780 2967; x_wconf 83' lang='lat' dir='ltr'>in</span> <span class='ocrx_word' id='word_1_1285' title='bbox 790 2942 1028 2974; x_wconf 70' lang='lat' dir='ltr'>audientiumjudicio</span> <span class='ocrx_word' id='word_1_1286' title='bbox 1040 2961 1047 2973; x_wconf 88' lang='lat'><strong>‚</strong></span> <span class='ocrx_word' id='word_1_1287' title='bbox 1052 2942 1086 2975; x_wconf 83' lang='lat' dir='ltr'>fic</span> <span class='ocrx_word' id='word_1_1288' title='bbox 1095 2941 1177 2975; x_wconf 76' lang='lat' dir='ltr'>mihi]</span> 
     </span>
     <span class='ocr_line' id='line_1_134' title="bbox 222 2976 1182 3013; baseline -0.002 -9"><span class='ocrx_word' id='word_1_1289' title='bbox 222 2976 295 3005; x_wconf 75' lang='lat' dir='ltr'>Pali.</span> <span class='ocrx_word' id='word_1_1290' title='bbox 305 2977 419 3012; x_wconf 79' lang='lat' dir='ltr'>aliquot,</span> <span class='ocrx_word' id='word_1_1291' title='bbox 430 2978 493 3004; x_wconf 85' lang='lat' dir='ltr'>item</span> <span class='ocrx_word' id='word_1_1292' title='bbox 505 2977 685 3010; x_wconf 68' lang='lat' dir='ltr'>ToiLiuus,Br.</span> <span class='ocrx_word' id='word_1_1293' title='bbox 696 2977 773 3005; x_wconf 80' lang='lat' dir='ltr'>Fabr.</span> <span class='ocrx_word' id='word_1_1294' title='bbox 784 2980 927 3013; x_wconf 72' lang='lat' dir='ltr'>relinquitur</span> <span class='ocrx_word' id='word_1_1295' title='bbox 934 2979 1078 3010; x_wconf 78' lang='lat' dir='ltr'>inchoatum,</span> <span class='ocrx_word' id='word_1_1296' title='bbox 1082 2979 1117 3012; x_wconf 79' lang='lat' dir='ltr'>fic</span> <span class='ocrx_word' id='word_1_1297' title='bbox 1126 2979 1182 3003; x_wconf 79' lang='lat' dir='ltr'>mihi</span> 
     </span>
     <span class='ocr_line' id='line_1_135' title="bbox 222 3013 510 3048; baseline -0.003 -9"><span class='ocrx_word' id='word_1_1298' title='bbox 222 3020 308 3039; x_wconf 75' lang='lat' dir='ltr'>ntum.</span> <span class='ocrx_word' id='word_1_1299' title='bbox 329 3023 379 3039; x_wconf 88' lang='lat' dir='ltr'>non</span> <span class='ocrx_word' id='word_1_1300' title='bbox 391 3013 510 3048; x_wconf 84' lang='lat' dir='ltr'>probem.</span> 
     </span>
    </p>

    <p class='ocr_par' dir='ltr' id='par_1_15' title="bbox 262 3049 1180 3085">
     <span class='ocr_line' id='line_1_136' title="bbox 262 3049 1180 3085; baseline 0.002 -12"><span class='ocrx_word' id='word_1_1301' title='bbox 262 3056 289 3084; x_wconf 84' lang='lat'>3.</span> <span class='ocrx_word' id='word_1_1302' title='bbox 309 3050 464 3082; x_wconf 69' lang='lat' dir='ltr'>Plagiofippur</span> <span class='ocrx_word' id='word_1_1303' title='bbox 481 3049 546 3083; x_wconf 54' lang='lat' dir='ltr'>istm]</span> <span class='ocrx_word' id='word_1_1304' title='bbox 567 3049 608 3076; x_wconf 79' lang='lat' dir='ltr'>Ita</span> <span class='ocrx_word' id='word_1_1305' title='bbox 627 3049 743 3076; x_wconf 74' lang='lat' dir='ltr'>maxima</span> <span class='ocrx_word' id='word_1_1306' title='bbox 762 3058 819 3085; x_wconf 81' lang='lat' dir='ltr'>pars</span> <span class='ocrx_word' id='word_1_1307' title='bbox 837 3049 906 3075; x_wconf 73' lang='lat' dir='ltr'>Pau.</span> <span class='ocrx_word' id='word_1_1308' title='bbox 918 3049 1013 3085; x_wconf 83' lang='lat' dir='ltr'>quippe</span> <span class='ocrx_word' id='word_1_1309' title='bbox 1025 3058 1090 3075; x_wconf 86' lang='lat' dir='ltr'>unus</span> <span class='ocrx_word' id='word_1_1310' title='bbox 1101 3056 1128 3075; x_wconf 85' lang='lat' dir='ltr'>at</span> <span class='ocrx_word' id='word_1_1311' title='bbox 1149 3059 1180 3076; x_wconf 82' lang='lat' dir='ltr'>uc</span> 
     </span>
    </p>
   </div>
   <div class='ocr_carea' id='block_1_13' title="bbox 223 3082 1180 3156">
    <p class='ocr_par' dir='ltr' id='par_1_16' title="bbox 223 3082 1180 3156">
     <span class='ocr_line' id='line_1_137' title="bbox 223 3082 1180 3126; baseline 0.004 -17"><span class='ocrx_word' id='word_1_1312' title='bbox 223 3082 295 3126; x_wconf 75' lang='lat' dir='ltr'>alter</span> <span class='ocrx_word' id='word_1_1313' title='bbox 302 3087 469 3126; x_wconf 55' lang='lat' dir='ltr'>Pragioayppm</span> <span class='ocrx_word' id='word_1_1314' title='bbox 481 3105 489 3121; x_wconf 92' lang='lat'>,</span> <span class='ocrx_word' id='word_1_1315' title='bbox 500 3084 634 3124; x_wconf 82' lang='lat' dir='ltr'>quomodo</span> <span class='ocrx_word' id='word_1_1316' title='bbox 643 3087 691 3115; x_wconf 62' lang='grc' dir='ltr'>ΒΓ.</span> <span class='ocrx_word' id='word_1_1317' title='bbox 700 3086 728 3114; x_wconf 84' lang='lat'>&amp;</span> <span class='ocrx_word' id='word_1_1318' title='bbox 739 3085 873 3116; x_wconf 72' lang='lat' dir='ltr'>Petreiani</span> <span class='ocrx_word' id='word_1_1319' title='bbox 885 3105 894 3122; x_wconf 87' lang='lat'>,</span> <span class='ocrx_word' id='word_1_1320' title='bbox 904 3084 947 3114; x_wconf 54' lang='lat' dir='ltr'>seii</span> <span class='ocrx_word' id='word_1_1321' title='bbox 959 3094 1036 3122; x_wconf 62' lang='lat' dir='ltr'>unico</span> <span class='ocrx_word' id='word_1_1322' title='bbox 1045 3095 1093 3123; x_wconf 79' lang='lat' dir='ltr'>pet</span> <span class='ocrx_word' id='word_1_1323' title='bbox 1102 3087 1123 3115; x_wconf 86' lang='lat' dir='ltr'>F</span> <span class='ocrx_word' id='word_1_1324' title='bbox 1125 3096 1139 3115; x_wconf 78' lang='lat' dir='ltr'>a</span> <span class='ocrx_word' id='word_1_1325' title='bbox 1157 3095 1180 3114; x_wconf 81' lang='lat' dir='ltr'>r.</span> 
     </span>
     <span class='ocr_line' id='line_1_138' title="bbox 224 3121 915 3156; baseline 0.009 -11"><span class='ocrx_word' id='word_1_1326' title='bbox 224 3121 404 3156; x_wconf 60' lang='lat' dir='ltr'>Plagtvxtphus.</span> <span class='ocrx_word' id='word_1_1327' title='bbox 912 3125 915 3127; x_wconf 75' lang='grc'><strong>’</strong></span> 
     </span>
    </p>
   </div>
   <div class='ocr_carea' id='block_1_14' title="bbox 1200 2837 1204 2989">
    <p class='ocr_par' dir='ltr' id='par_1_17' title="bbox 1200 2837 1204 2989">
     <span class='ocr_line' id='line_1_139' title="bbox 1200 2837 1204 2989; baseline 0 406"><span class='ocrx_word' id='word_1_1328' title='bbox 1200 2837 1204 2989; x_wconf 95' lang='lat' dir='ltr'> </span> 
     </span>
    </p>
   </div>
   <div class='ocr_carea' id='block_1_15' title="bbox 1200 2992 1207 3156">
    <p class='ocr_par' dir='ltr' id='par_1_18' title="bbox 1200 2992 1207 3156">
     <span class='ocr_line' id='line_1_140' title="bbox 1200 2992 1207 3156; baseline 0 239"><span class='ocrx_word' id='word_1_1329' title='bbox 1200 2992 1207 3156; x_wconf 95' lang='lat' dir='ltr'> </span> 
     </span>
    </p>
   </div>
   <div class='ocr_carea' id='block_1_16' title="bbox 1220 2834 2179 2938">
    <p class='ocr_par' dir='ltr' id='par_1_19' title="bbox 1220 2834 2179 2938">
     <span class='ocr_line' id='line_1_141' title="bbox 1256 2834 2177 2871; baseline 0.001 -12"><span class='ocrx_word' id='word_1_1330' title='bbox 1256 2842 1283 2867; x_wconf 87' lang='lat'>4.</span> <span class='ocrx_word' id='word_1_1331' title='bbox 1294 2835 1522 2867; x_wconf 65' lang='lat' dir='ltr'>Dediffepictatcpro</span> <span class='ocrx_word' id='word_1_1332' title='bbox 1530 2836 1637 2869; x_wconf 56' lang='lat' dir='ltr'>vestrm]</span> <span class='ocrx_word' id='word_1_1333' title='bbox 1649 2836 1691 2861; x_wconf 89' lang='lat' dir='ltr'>Sic</span> <span class='ocrx_word' id='word_1_1334' title='bbox 1702 2836 1756 2861; x_wconf 81' lang='lat' dir='ltr'>Pal.</span> <span class='ocrx_word' id='word_1_1335' title='bbox 1768 2844 1808 2871; x_wconf 86' lang='lat' dir='ltr'>pr.</span> <span class='ocrx_word' id='word_1_1336' title='bbox 1819 2837 1846 2861; x_wconf 67' lang='grc' dir='ltr'>ὃ(</span> <span class='ocrx_word' id='word_1_1337' title='bbox 1856 2836 1905 2862; x_wconf 84' lang='lat' dir='ltr'>sec.</span> <span class='ocrx_word' id='word_1_1338' title='bbox 1917 2845 2001 2870; x_wconf 83' lang='lat' dir='ltr'>neque</span> <span class='ocrx_word' id='word_1_1339' title='bbox 2010 2835 2088 2861; x_wconf 87' lang='lat' dir='ltr'>aliter</span> <span class='ocrx_word' id='word_1_1340' title='bbox 2098 2834 2177 2861; x_wconf 79' lang='lat' dir='ltr'>Fabr-</span> 
     </span>
     <span class='ocr_line' id='line_1_142' title="bbox 1220 2869 2179 2907; baseline 0.003 -12"><span class='ocrx_word' id='word_1_1341' title='bbox 1220 2877 1264 2896; x_wconf 83' lang='lat' dir='ltr'>aut</span> <span class='ocrx_word' id='word_1_1342' title='bbox 1277 2869 1335 2895; x_wconf 87' lang='lat' dir='ltr'>libri</span> <span class='ocrx_word' id='word_1_1343' title='bbox 1347 2870 1467 2897; x_wconf 69' lang='lat' dir='ltr'>§ussi-idi.</span> <span class='ocrx_word' id='word_1_1344' title='bbox 1488 2870 1612 2907; x_wconf 84' lang='lat' dir='ltr'>frequens</span> <span class='ocrx_word' id='word_1_1345' title='bbox 1623 2870 1649 2897; x_wconf 83' lang='lat' dir='ltr'>&#39;id</span> <span class='ocrx_word' id='word_1_1346' title='bbox 1661 2871 1768 2898; x_wconf 86' lang='lat' dir='ltr'>verbum</span> <span class='ocrx_word' id='word_1_1347' title='bbox 1778 2870 1845 2907; x_wconf 83' lang='lat' dir='ltr'>apud</span> <span class='ocrx_word' id='word_1_1348' title='bbox 1865 2872 2000 2898; x_wconf 71' lang='lat' dir='ltr'>Comicus.</span> <span class='ocrx_word' id='word_1_1349' title='bbox 2021 2871 2102 2907; x_wconf 80' lang='lat' dir='ltr'>vulgo</span> <span class='ocrx_word' id='word_1_1350' title='bbox 2120 2876 2179 2898; x_wconf 83' lang='lat' dir='ltr'>erat</span> 
     </span>
     <span class='ocr_line' id='line_1_143' title="bbox 1222 2908 1464 2938; baseline 0.004 -8"><span class='ocrx_word' id='word_1_1351' title='bbox 1222 2909 1313 2931; x_wconf 73' lang='lat' dir='ltr'>virture</span> <span class='ocrx_word' id='word_1_1352' title='bbox 1321 2913 1362 2938; x_wconf 63' lang='lat' dir='ltr'>pr»</span> <span class='ocrx_word' id='word_1_1353' title='bbox 1371 2908 1464 2938; x_wconf 73' lang='lat' dir='ltr'>vestra.</span> 
     </span>
    </p>
   </div>
   <div class='ocr_carea' id='block_1_17' title="bbox 1223 2940 2177 3010">
    <p class='ocr_par' dir='ltr' id='par_1_20' title="bbox 1223 2940 2177 3010">
     <span class='ocr_line' id='line_1_144' title="bbox 1261 2940 2177 2977; baseline 0 -10"><span class='ocrx_word' id='word_1_1354' title='bbox 1261 2950 1274 2974; x_wconf 77' lang='grc' dir='ltr'><em>ς</em></span> <span class='ocrx_word' id='word_1_1355' title='bbox 1281 2962 1286 2967; x_wconf 91' lang='grc'><em>.</em></span> <span class='ocrx_word' id='word_1_1356' title='bbox 1307 2946 1396 2973; x_wconf 67' lang='lat' dir='ltr'>Oportet</span> <span class='ocrx_word' id='word_1_1357' title='bbox 1404 2943 1555 2975; x_wconf 74' lang='lat' dir='ltr'>-verha,ficut</span> <span class='ocrx_word' id='word_1_1358' title='bbox 1564 2940 1579 2968; x_wconf 73' lang='grc' dir='ltr'><em>ἃ</em></span> <span class='ocrx_word' id='word_1_1359' title='bbox 1586 2942 1668 2974; x_wconf 61' lang='lat' dir='ltr'>pneris,</span> <span class='ocrx_word' id='word_1_1360' title='bbox 1676 2944 1703 2968; x_wconf 73' lang='lat' dir='ltr'>In</span> <span class='ocrx_word' id='word_1_1361' title='bbox 1711 2942 1826 2977; x_wconf 70' lang='lat' dir='ltr'>quendam</span> <span class='ocrx_word' id='word_1_1362' title='bbox 1836 2943 1949 2974; x_wconf 79' lang='lat' dir='ltr'>exstruere</span> <span class='ocrx_word' id='word_1_1363' title='bbox 1957 2947 2077 2967; x_wconf 77' lang='lat' dir='ltr'>munerum</span> <span class='ocrx_word' id='word_1_1364' title='bbox 2082 2941 2103 2975; x_wconf 92' lang='lat'>]</span> <span class='ocrx_word' id='word_1_1365' title='bbox 2116 2941 2177 2967; x_wconf 85' lang='lat' dir='ltr'>Gu-</span> 
     </span>
     <span class='ocr_line' id='line_1_145' title="bbox 1223 2976 2176 3010; baseline 0.002 -8"><span class='ocrx_word' id='word_1_1366' title='bbox 1223 2976 1339 3003; x_wconf 83' lang='lat' dir='ltr'>lielmius</span> <span class='ocrx_word' id='word_1_1367' title='bbox 1359 2977 1471 3003; x_wconf 68' lang='lat' dir='ltr'>malebat</span> <span class='ocrx_word' id='word_1_1368' title='bbox 1490 2987 1548 3004; x_wconf 76' lang='lat' dir='ltr'>cuin</span> <span class='ocrx_word' id='word_1_1369' title='bbox 1561 2978 1689 3004; x_wconf 57' lang='lat' dir='ltr'>lambino</span> <span class='ocrx_word' id='word_1_1370' title='bbox 1701 2998 1708 3010; x_wconf 86' lang='lat'>‚</span> <span class='ocrx_word' id='word_1_1371' title='bbox 1735 2985 1783 3003; x_wconf 77' lang='lat' dir='ltr'>tcut</span> <span class='ocrx_word' id='word_1_1372' title='bbox 1792 2978 1949 3010; x_wconf 64' lang='lat' dir='ltr'>adpok&#39;ticum.</span> <span class='ocrx_word' id='word_1_1373' title='bbox 1967 2978 1995 3003; x_wconf 88' lang='lat'>&amp;</span> <span class='ocrx_word' id='word_1_1374' title='bbox 2008 2985 2069 3003; x_wconf 80' lang='lat' dir='ltr'>vero</span> <span class='ocrx_word' id='word_1_1375' title='bbox 2079 2977 2105 3003; x_wconf 86' lang='lat' dir='ltr'>in</span> <span class='ocrx_word' id='word_1_1376' title='bbox 2118 2977 2176 3004; x_wconf 71' lang='lat' dir='ltr'>Pal.</span> 
     </span>
    </p>
   </div>
   <div class='ocr_carea' id='block_1_18' title="bbox 1223 3011 2177 3084">
    <p class='ocr_par' dir='ltr' id='par_1_21' title="bbox 1223 3011 2177 3084">
     <span class='ocr_line' id='line_1_146' title="bbox 1223 3011 2177 3049; baseline 0 -10"><span class='ocrx_word' id='word_1_1377' title='bbox 1223 3012 1271 3039; x_wconf 89' lang='lat' dir='ltr'>sec.</span> <span class='ocrx_word' id='word_1_1378' title='bbox 1283 3014 1309 3038; x_wconf 76' lang='grc' dir='ltr'>ὅ(</span> <span class='ocrx_word' id='word_1_1379' title='bbox 1322 3012 1401 3038; x_wconf 74' lang='lat' dir='ltr'>Fabr.</span> <span class='ocrx_word' id='word_1_1380' title='bbox 1411 3020 1467 3038; x_wconf 80' lang='lat' dir='ltr'>erat</span> <span class='ocrx_word' id='word_1_1381' title='bbox 1480 3014 1541 3046; x_wconf 83' lang='lat' dir='ltr'>‚fint</span> <span class='ocrx_word' id='word_1_1382' title='bbox 1550 3014 1697 3046; x_wconf 71' lang='lat' dir='ltr'>adpobticum</span> <span class='ocrx_word' id='word_1_1383' title='bbox 1706 3014 1821 3047; x_wconf 71' lang='lat' dir='ltr'>quendam</span> <span class='ocrx_word' id='word_1_1384' title='bbox 1830 3015 1946 3046; x_wconf 72' lang='lat' dir='ltr'>exstruc‘la</span> <span class='ocrx_word' id='word_1_1385' title='bbox 1954 3022 2074 3039; x_wconf 84' lang='lat' dir='ltr'>numerum</span> <span class='ocrx_word' id='word_1_1386' title='bbox 2085 3033 2093 3045; x_wconf 94' lang='lat'>,</span> <span class='ocrx_word' id='word_1_1387' title='bbox 2103 3011 2177 3049; x_wconf 78' lang='lat' dir='ltr'>quod.</span> 
     </span>
     <span class='ocr_line' id='line_1_147' title="bbox 1223 3048 1847 3084; baseline -0.003 -9"><span class='ocrx_word' id='word_1_1388' title='bbox 1223 3049 1362 3075; x_wconf 78' lang='lat' dir='ltr'>maluerim</span> <span class='ocrx_word' id='word_1_1389' title='bbox 1375 3057 1382 3078; x_wconf 67' lang='grc' dir='ltr'><strong><em>ς</em></strong></span> <span class='ocrx_word' id='word_1_1390' title='bbox 1404 3048 1421 3074; x_wconf 79' lang='lat' dir='ltr'>si</span> <span class='ocrx_word' id='word_1_1391' title='bbox 1433 3048 1511 3074; x_wconf 86' lang='lat' dir='ltr'>modo</span> <span class='ocrx_word' id='word_1_1392' title='bbox 1522 3048 1586 3084; x_wconf 80' lang='lat' dir='ltr'>quid</span> <span class='ocrx_word' id='word_1_1393' title='bbox 1598 3050 1669 3075; x_wconf 81' lang='lat' dir='ltr'>venit</span> <span class='ocrx_word' id='word_1_1394' title='bbox 1680 3048 1847 3075; x_wconf 80' lang='lat' dir='ltr'>mutandum.</span> 
     </span>
    </p>
   </div>
   <div class='ocr_carea' id='block_1_19' title="bbox 1225 3083 2181 3186">
    <p class='ocr_par' dir='ltr' id='par_1_22' title="bbox 1225 3083 2181 3186">
     <span class='ocr_line' id='line_1_148' title="bbox 1259 3083 2181 3121; baseline 0.001 -10"><span class='ocrx_word' id='word_1_1395' title='bbox 1259 3085 1287 3111; x_wconf 89' lang='lat'>6.</span> <span class='ocrx_word' id='word_1_1396' title='bbox 1307 3084 1455 3110; x_wconf 77' lang='lat' dir='ltr'>Concordiam</span> <span class='ocrx_word' id='word_1_1397' title='bbox 1466 3085 1641 3118; x_wconf 68' lang='lat' dir='ltr'>retinebimus]</span> <span class='ocrx_word' id='word_1_1398' title='bbox 1662 3085 1737 3111; x_wconf 83' lang='lat' dir='ltr'>Libri</span> <span class='ocrx_word' id='word_1_1399' title='bbox 1747 3084 1871 3121; x_wconf 82' lang='lat' dir='ltr'>publicati</span> <span class='ocrx_word' id='word_1_1400' title='bbox 1881 3083 2020 3118; x_wconf 70' lang='lat' dir='ltr'>adjiciunt,</span> <span class='ocrx_word' id='word_1_1401' title='bbox 2030 3087 2054 3111; x_wconf 79' lang='lat' dir='ltr'>in</span> <span class='ocrx_word' id='word_1_1402' title='bbox 2064 3087 2161 3111; x_wconf 57' lang='lat' dir='ltr'>civitem</span> <span class='ocrx_word' id='word_1_1403' title='bbox 2170 3094 2181 3112; x_wconf 65' lang='lat'>‚⁸</span> 
     </span>
     <span class='ocr_line' id='line_1_149' title="bbox 1225 3119 2181 3186; baseline -0.003 -38"><span class='ocrx_word' id='word_1_1404' title='bbox 1225 3119 1297 3158; x_wconf 79' lang='lat' dir='ltr'>quod</span> <span class='ocrx_word' id='word_1_1405' title='bbox 1307 3119 1417 3156; x_wconf 69' lang='lat' dir='ltr'>exclufi,</span> <span class='ocrx_word' id='word_1_1406' title='bbox 1427 3120 1499 3158; x_wconf 77' lang='lat' dir='ltr'>quod</span> <span class='ocrx_word' id='word_1_1407' title='bbox 1507 3119 1605 3152; x_wconf 74' lang='lat' dir='ltr'>abess&#39;et</span> <span class='ocrx_word' id='word_1_1408' title='bbox 1614 3120 1672 3152; x_wconf 67' lang='lat' dir='ltr'>Pal.</span> <span class='ocrx_word' id='word_1_1409' title='bbox 1682 3128 1770 3159; x_wconf 69' lang='lat' dir='ltr'>quart.</span> <span class='ocrx_word' id='word_1_1410' title='bbox 1780 3119 1856 3163; x_wconf 75' lang='lat' dir='ltr'>sexto</span> <span class='ocrx_word' id='word_1_1411' title='bbox 1867 3140 1877 3156; x_wconf 90' lang='lat'>,</span> <span class='ocrx_word' id='word_1_1412' title='bbox 1894 3121 1961 3151; x_wconf 73' lang='lat' dir='ltr'>item</span> <span class='ocrx_word' id='word_1_1413' title='bbox 1970 3122 2017 3151; x_wconf 86' lang='lat' dir='ltr'>Br.</span> <span class='ocrx_word' id='word_1_1414' title='bbox 2027 3130 2056 3150; x_wconf 76' lang='lat' dir='ltr'>ac</span> <span class='ocrx_word' id='word_1_1415' title='bbox 2064 3121 2181 3186; x_wconf 52' lang='lat' dir='ltr'><em>112thae-</em></span> 
     </span>
    </p>
   </div>
   <div class='ocr_carea' id='block_1_20' title="bbox 2193 1691 2234 1725">
    <p class='ocr_par' dir='ltr' id='par_1_23' title="bbox 2193 1691 2234 1725">
     <span class='ocr_line' id='line_1_150' title="bbox 2193 1691 2234 1725; baseline 0.024 -1"><span class='ocrx_word' id='word_1_1416' title='bbox 2193 1691 2234 1725; x_wconf 86' lang='lat'>33</span> 
     </span>
    </p>
   </div>
  </div>
 </body>
</html>
