2250 3358
671 154 937 208 His

132 252 191 291 lib.
206 262 236 287 2.
255 245 422 286 ostendit:
445 254 562 283 tamen
582 244 651 281 hoc
671 256 765 279 anno
785 255 866 279 enm
887 241 928 278 ad
942 243 1096 279 Atticum

130 299 269 339 missum
281 296 428 333 arbitror
438 319 448 333 ‚
474 300 555 330 cum
572 293 598 328 is
609 292 768 329 timidior
779 292 927 332 ’πανιιωῖς
955 291 1095 338 quibus-

129 348 209 386 dam
230 354 517 381 commoveretur
529 369 538 383 ,
560 344 593 378 &
609 343 735 377 Cicero
748 341 960 376 senectutem
974 350 1093 374 conte—

129 405 285 434 mneret,
307 392 402 440 epist.
421 404 474 436 23.
497 391 553 428 lib.
573 393 624 427 16.
648 389 767 425 Famil.
792 391 883 424 Ante
908 387 988 423 Idus
1013 387 1095 422 Maii

127 444 292 490 scriptum
315 441 414 478 fuisse
438 467 447 482 ‚
481 440 702 488 cognoscitur
733 449 892 474 extremo
925 436 1094 471 libr-xiv.

129 492 256 539 epistol.
281 490 323 527 ad
347 490 451 526 Attic.
488 487 623 525 Eodem
643 499 800 535 tempore
819 486 946 522 Cicero
971 510 981 525 ‚
1010 496 1093 520 cum

126 553 249 578 omnes
270 539 500 587 cogitationes
519 538 590 574 suas
613 537 649 572 in
663 535 852 572 concordia
863 534 994 588 civiti-m
1008 531 1093 587 desi-

127 603 186 628 xas
201 589 339 626 haberet
351 613 361 629 ‚
382 599 485 636 atque
497 587 658 622 omnium
671 611 680 626 ‚
700 585 802 621 etiam
820 587 963 636 Antonii
978 594 1093 635 amici⁴

126 639 212 676 tiam
227 637 374 674 retinere
388 636 490 672 vellet
501 661 508 675 ‚
521 635 714 684 epistol.z3.
728 634 783 669 lib.
797 636 849 669 16.
864 631 982 686 Fainil.
1008 631 1092 685 ‚scnss

125 687 190 737 psit
213 686 384 726 Laelfflm,
407 684 476 720 sive
499 684 543 719 de
565 682 722 720 amicitia.
764 685 889 717 Romae
913 691 1054 732 interim
1076 692 1093 713 a

126 735 324 771 consulibus
346 736 394 770 M.
408 733 562 769 Antonio
575 756 584 770 ‚
608 734 642 767 δε
664 733 697 765 Ρ.
713 730 890 766 Dolabella
907 755 916 770 ,
940 741 999 776 qui
1013 728 1090 780 Cae-

125 785 204 821 saris
228 784 344 819 locum
359 792 491 829 ceperat
507 807 516 822 ,
541 792 651 816 uncus
674 780 842 827 impaStus
864 777 914 814 est
937 777 1090 824 fugitivo

126 833 176 869 illi
192 859 200 874 ‚
213 833 319 882 quiin
334 831 372 867 C.
390 830 487 866 Marii
501 842 631 865 nomen
646 829 813 864 invaserat
826 853 835 868 ‚
849 829 884 864 &
895 827 931 862 in
948 826 1092 862 Liviana

124 883 276 932 epitoma
287 880 360 915 lib.i
376 881 426 914 16·
440 879 627 914 Cliamaces
640 901 649 916 ,
663 878 704 913 ab
717 878 874 925 Appiano
888 876 979 919 lib.3.
993 875 1089 918 οἰμρέ-

126 931 231 968 71&‹3
243 923 503 973 ψώδὶριςίρφιθυ
517 953 526 968 ,
540 927 559 963 a
572 927 713 962 Valerio
724 928 818 962 Max.
832 925 889 960 lib·
899 937 933 968 9.
953 936 1024 971 cap.
1042 928 1091 959 16.

123 977 333 1025 Herophilus
366 976 525 1024 equarius
551 975 707 1012 medicus
729 974 871 1010 dicitur.
910 975 962 1008 De
986 971 1092 1020 hujus

122 1025 289 1075 supplicio
304 1025 408 1061 Attici
424 1025 537 1061 literas
553 1025 680 1060 Cicero
693 1024 823 1071 accepit
838 1034 931 1059 xvri.
942 1022 1088 1073 Kalend.

122 1075 217 1113 Maii.
229 1074 323 1123 epist.
338 1078 368 1109 8.
384 1074 500 1116 lib.14.
514 1073 554 1109 ad
570 1074 671 1109 Attic.
693 1073 812 1109 Mense
826 1071 931 1118 Aprili
946 1073 980 1106 ὃς
995 1072 1090 1118 MaJo

122 1124 295 1162 Antonius
317 1122 450 1158 Italiam
471 1122 700 1170 percursavit‚
726 1120 925 1161 Dolabella,
952 1119 1088 1155 ab÷ente

122 1173 255 1221 collega
267 1196 277 1210 ,
297 1171 437 1207 bustum
458 1171 494 1206 in
516 1171 594 1207 foro
609 1170 734 1207 evei-tit
747 1195 755 1208 ‚
777 1170 920 1217 Philipp.
936 1181 965 1205 2.
980 1168 1089 1203 -Plebs

122 1235 218 1258 enim
234 1220 375 1257 solidam
395 1220 597 1256 columnam
618 1233 724 1268 prope
746 1232 804 1256 xx.
817 1218 945 1266 pedum
967 1217 1087 1266 lapidis

123 1269 304 1308 Numidici
318 1270 354 1305 in
368 1269 445 1305 foi-0
461 1269 497 1304 in
510 1269 611 1305 busto
625 1268 763 1305 Caesaris
776 1268 936 1304 statuerat
948 1291 958 1305 ‚
983 1269 1017 1303 δε
1032 1279 1086 1302 in-

122 1319 295 1368 scripserat
317 1344 327 1359 ‚
363 1329 573 1354 PARENT!
603 1329 825 1353 rATRiAE:
869 1327 972 1365 atque
996 1315 1085 1362 apud

122 1367 266 1404 eandem
283 1365 485 1403 sacrificabat
497 1391 507 1405 ‚
525 1377 609 1403 vota
621 1366 820 1414 suscipiebat
832 1368 865 1402 δε
877 1376 1083 1400 controver-

124 1415 183 1452 fias
202 1415 361 1466 quasdam
382 1415 584 1464 interposito
606 1427 667 1462 per
679 1416 846 1451 Caesarem
855 1412 1085 1462 jurejurando

120 1465 324 1502 distrahebat
336 1490 345 1505 ,
359 1475 398 1500 ut
412 1465 598 1500 Suetonius
610 1464 733 1500 scribit.
756 1465 824 1500 Dio
838 1463 958 1506 lib.44.
971 1462 1085 1508 βωμόν

119 1513 219 1550 fuisse
238 1513 285 1550 ait
298 1540 306 1554 ,
328 1512 368 1549 ad
391 1513 495 1562 quam
511 1513 634 1549 Caefirri
657 1514 751 1561 plebs
770 1511 930 1549 sacrificia
952 1510 1082 1547 fecerit.

60 1608 63 1610 q
119 1565 192 1600 Ara
204 1563 406 1600 nominatur
417 1575 559 1612 quoque
571 1562 786 1611 epist.2.lib.i
800 1574 824 1598 1.
838 1561 956 1598 Famil.
982 1561 1086 1596 Cice-

120 1625 162 1648 ro
185 1612 389 1649 columnam
413 1623 538 1651 vocat,
561 1625 665 1662 quam
678 1611 856 1648 Dolabella
869 1609 1025 1652 sustulit,
1051 1612 1085 1647 ὃς

121 1661 281 1698 homines
292 1661 483 1703 seditiosos,
508 1662 588 1711 quia
600 1662 694 1700 illam
707 1661 923 1699 eversionem
943 1660 1086 1708 indigne

121 1709 276 1747 ferebant
285 1735 295 1749 ‚
307 1710 431 1758 partim
443 1710 480 1747 in
492 1724 632 1748 crucem
643 1713 713 1760 egit
722 1737 732 1751 ‚
749 1712 831 1748 alios
843 1712 885 1748 de
896 1711 975 1747 saxo
988 1708 1083 1757 deje-

121 1759 171 1795 cit
189 1759 282 1807 epist.
299 1760 419 1807 17.lib.
438 1771 491 1805 ¹4·
511 1760 552 1797 ad
564 1761 712 1798 Attic.&
725 1761 846 1809 Philip.
864 1773 892 1796 1.
920 1759 1085 1796 Meminit

120 1807 271 1856 ejusdem
284 1809 332 1844 rei
347 1809 544 1846 Lactantius
556 1809 614 1845 lib.
630 1823 659 1848 i.
674 1822 746 1857 cap.
762 1822 771 1845 i
782 1822 812 1853 5.
826 1809 885 1845 ubi
898 1808 944 1845 ait
954 1834 963 1850 ‚
978 1807 1084 1844 Dola-

120 1857 246 1894 bellam
255 1858 394 1893 Caesaris
407 1858 622 1897 columnam,
634 1858 668 1894 id
681 1858 903 1897 est‚titulum‚
916 1857 1084 1893 evertiffe.

119 1907 174 1941 De
191 1907 260 1941 hoc
279 1906 370 1942 fado
389 1907 581 1954 gratulatur
592 1908 718 1944 Cicero
732 1908 918 1944 Dolabellae
937 1906 1083 1947 consuli,

107 1954 250 2000 epistol.
267 1966 317 1997 14.
342 1954 399 1989 lib.
415 1968 450 1999 9.
479 1956 598 1991 Famil.
628 1957 671 1992 C.
684 1956 873 1993 Octavius,
899 1956 958 2004 qui
983 1955 1080 1991 dein-

120 2013 197 2049 ceps
216 2001 403 2048 imperium
414 2003 527 2039 tenuit
539 2027 549 2041 ‚
562 2006 596 2039 &
608 2004 781 2051 Augustus
793 2004 905 2039 dietus
917 2003 965 2038 est
977 2029 986 2043 ‚
1000 2003 1082 2038 curn

120 2050 252 2090 Caesar,
276 2049 348 2096 ejus
369 2051 565 2086 avunculus
579 2063 724 2098 magnus
737 2077 747 2092 ,
768 2054 894 2087 Romae
910 2050 1083 2086 interfice-

117 2108 234 2136 retur,
258 2098 455 2146 Apolloniae
480 2109 562 2134 erat.
600 2100 720 2134 Fathis
749 2111 865 2134 autem
891 2099 1020 2134 certior
1044 2099 1086 2134 de

117 2146 257 2182 Caesaris
279 2145 372 2181 caede
392 2146 428 2181 in
440 2146 573 2182 Italiam
597 2146 728 2182 transiit
742 2149 776 2183 ὅ(
790 2147 977 2194 Neapolim
991 2147 1085 2182 venit

112 2207 199 2233 aim.
213 2194 357 2231 Kalend·
372 2195 478 2233 Maii,
500 2194 593 2243 epist.
614 2207 666 2230 10.
690 2195 749 2230 lib.
768 2208 818 2238 14·
841 2196 882 2231 acl
896 2195 1000 2231 Attic·
1021 2194 1086 2230 fuit

118 2243 223 2280 etiam
245 2243 318 2279 ruri
340 2256 423 2279 cum
436 2244 609 2280 Cicerone
630 2243 885 2293 perhonorifice
908 2247 942 2280 8<
964 2244 1084 2281 amice,

118 2292 211 2341 epist.
230 2303 281 2329 η.
305 2291 457 2340 ejusdem
478 2293 539 2328 lib.
555 2295 708 2329 Romam
732 2292 816 2329 cum
839 2293 982 2329 venisset
1003 2316 1012 2330 ³
1044 2292 1086 2327 ab

118 2340 275 2378 Antonio
289 2353 310 2376 c
321 2352 344 2376 o
356 2355 382 2377 s.
396 2341 539 2389 superbe
555 2353 719 2390 exceptus
732 2341 788 2378 est.
814 2342 911 2378 Adiit
929 2352 1006 2377 tum
1029 2340 1085 2376 in—

119 2389 289 2426 vidiosam
301 2390 440 2426 Caesaris
453 2390 708 2429 haereditatem‚
732 2391 889 2438 quamvis
913 2390 949 2425 id
973 2402 1086 2438 neque

121 2438 221 2474 Attiae
234 2438 356 2480 matri,
378 2451 490 2488 neque
503 2441 544 2475 L.
556 2439 692 2475 Marcio
705 2439 861 2488 Philippo
875 2439 998 2475 vitrico
1012 2439 1084 2486 pla-

121 2497 223 2523 ceret.
251 2487 346 2536 quod
367 2500 451 2524 cum
471 2487 543 2524 aliis
555 2487 727 2524 historicis
741 2488 893 2536 Vellejus
912 2490 947 2524 &
959 2490 1084 2522 Sueto-

121 2535 200 2572 nius
224 2534 384 2572 scribunt·
419 2536 522 2573 Adita
543 2537 739 2573 haereditate
761 2537 901 2572 Caelaris
922 2560 931 2574 ‚
953 2548 1083 2571 nomen

121 2596 261 2634 quoque
284 2583 357 2632 ejus
380 2585 461 2621 tulit
474 2611 482 2626 ‚
506 2597 658 2633 cumque
673 2586 766 2634 prius
779 2587 819 2620 C.
833 2585 1003 2621 O&avius
1017 2597 1083 2619 no-

121 2633 313 2669 minaretur
332 2659 342 2674 ,
365 2633 525 2683 deinceps
547 2634 709 2683 C-Julius
733 2634 843 2670 Caefiir
868 2633 1083 2669 ORavianus

121 2681 166 2717 de
182 2694 280 2718 more
296 2681 408 2718 dietus
426 2683 484 2719 est.
512 2696 722 2731 quamquam
737 2683 791 2720 lex
804 2682 934 2718 curiata
945 2681 988 2717 de
1001 2682 1082 2718 ado—

119 2731 242 2778 ptione
261 2729 335 2776 ejus
351 2744 443 2766 anno
457 2732 601 2767 demum
612 2732 773 2781 sequente
784 2755 794 2770 2
816 2732 895 2767 cum
905 2730 979 2779 jani
992 2743 1080 2766 con-

121 2777 171 2813 sul
193 2778 273 2814 esset
291 2804 300 2819 ‚
331 2780 458 2827 perlata
478 2780 584 2816 fuerit
606 2806 615 2821 ‚
649 2780 790 2816 auitore
812 2781 927 2815 Dione
950 2779 1009 2815 lib.
1027 2782 1081 2823 46.

120 2826 235 2875 itaque
245 2827 370 2863 Cicero
383 2841 464 2865 eum
477 2828 585 2865 modo
599 2829 837 2865 Odiavianum
850 2828 958 2864 modo
976 2829 1081 2863 Offa-

119 2875 220 2911 vium
244 2876 412 2913 nominat.
447 2877 583 2913 Deinde
604 2880 720 2926 aperte
743 2877 882 2925 (inquit
905 2875 1082 2924 Vellejus)

121 2924 266 2960 Antonii
289 2937 330 2960 ac
342 2925 527 2969 Dolabellae
541 2927 737 2962 Consulum
762 2926 875 2974 erupit
897 2925 1005 2961 furor.
1033 2925 1081 2961 se-

120 2970 274 3008 stertium
297 2973 415 3022 septies
439 2975 561 3011 millies
582 2974 775 3022 depositum
795 2975 814 3011 a
833 2975 874 3010 C.
887 2975 1017 3010 Caesare
1041 2973 1082 3010 ad

119 3020 227 3056 aedem
252 3021 337 3069 Opis
358 3034 569 3071 occupatum
592 3023 640 3060 est
660 3025 702 3059 ab
716 3023 885 3060 Antonio.
912 3024 1005 3059 Hinc
1019 3023 1078 3057 Ci-

119 3079 198 3120 cero
211 3069 246 3104 in
259 3069 403 3118 Philipp.
417 3084 447 3106 2.
469 3072 528 3107 ubi
549 3072 596 3108 est
617 3073 739 3108 millies
752 3072 940 3108 sestertium
953 3098 962 3113 ‚
984 3071 1082 3120 quod

119 3127 156 3150 in
177 3116 300 3153 tabulis
315 3142 324 3157 ‚
349 3131 425 3167 quae
449 3119 527 3155 sunt
553 3121 592 3157 ad
608 3121 714 3169 Opis,
738 3121 896 3169 patebat?
923 3120 1080 3157 Mentio-

117 3174 200 3201 nein
230 3165 381 3215 ejusdem
410 3180 565 3217 pecuniae
589 3169 671 3208 facit
681 3169 876 3223 *Philippica
892 3182 920 3208 1.
944 3171 1022 3211 &5·
1046 3170 1079 3207 8<

1015 169 1518 210 TORIA.

2033 179 2108 233 45

1145 240 1300 286 epist.i6.
1312 241 1428 286 lib-14.
1442 243 1486 279 ad
1501 242 1603 280 Attic.
1618 244 1788 291 Rapina,
1804 245 1929 293 iuquit,
1942 245 2056 283 sci-ibis
2071 248 2111 284 ad

1145 290 1230 340 Opis
1244 289 1326 326 fieri.
1357 291 1494 339 Qibus
1509 292 1545 328 in
1561 292 1652 328 villis
1664 293 1793 329 &locis
1810 296 1856 329 M.
1867 294 1993 330 Cicero
2007 308 2108 332 men-

1141 339 1210 371 sem
1235 339 1388 389 Aprilem
1410 340 1590 388 &Majutn
1612 341 1811 377 rusticando
1835 343 2008 390 posuerit,
2035 347 2109 390 epi‘

1140 382 1234 418 stolae
1248 386 1305 438 lib.
1325 400 1372 430 14·
1390 389 1431 424 ad
1443 391 1512 425 Att.
1523 390 1763 427 demonstrant
1778 417 1787 431 ‚
1810 392 1966 439 quasillis
1980 393 2109 429 mensi-

1139 430 1201 483 bus
1224 435 1360 480 scripsit.
1388 440 1466 472 Hoc
1489 451 1629 487 quoque
1643 449 1686 475 ex
1708 440 1847 479 iisdem,
1870 442 1962 476 &ex
1976 441 2106 489 epist-i.

1140 479 1195 514 lib.
1215 492 1264 534 13'.
1290 486 1512 533 cognoscitur
1524 514 1533 528 ,
1558 493 1594 523 A.
1609 488 1764 525 Hirtium
1780 502 1801 525 e
1814 501 1836 523 o
1848 502 1874 524 s·
1887 489 2106 538 defigiiatum

1139 532 1256 564 mense
1269 531 1365 576 MaJo
1379 544 1460 568 cum
1475 535 1646 572 Cicerone
1659 537 1694 572 in
1709 537 1898 574 Puteolano
1911 539 2020 575 fuisse.
2053 542 2106 575 lbi

1138 586 1215 629 tum
1238 577 1433 615 sermonem
1455 582 1496 617 de
1510 585 1589 619 Fato
1607 586 1765 623 habitum
1781 586 1879 623 fuiffe
1894 612 1902 626 .
1926 588 2106 636 ipseinitio

1137 625 1215 660 libri
1229 625 1271 679 de
1283 628 1364 662 Fato
1377 628 1528 682 testatur.
1555 635 1605 667 De
1619 636 1757 671 Timaeo
1771 636 1932 678 Platonis,
1944 638 2004 686 qui
2018 637 2106 674 liber

1136 673 1179 708 de
1192 676 1651 721 Universitateinscribitur,
1675 685 1770 720 certo
1791 685 1865 720 sciri
1884 698 1957 721 non
1980 686 2105 734 potest.

1136 736 1208 775 quo
1222 734 1379 772 tempore
1394 726 1534 774 scriptus
1550 729 1654 765 fuerit
1668 745 1675 765 :
1692 746 1795 779 quare
1806 734 1842 769 in
1856 735 2002 770 Corradi
2017 747 2105 771 con-

1129 772 1303 818 jecturam
1320 797 1330 812 ,
1354 775 1411 809 cui
1435 775 1522 811 liber
1544 777 1600 813 ille
1624 782 1836 826 temporibus
1854 783 1944 818 hisce
1968 783 2108 820 videtur

1135 822 1321 857 conversus
1334 848 1343 862 ‚
1370 836 1442 859 non
1460 825 1590 862 invitus
1605 827 1771 863 descendo
1789 844 1794 864 ;
1816 830 1898 866 cum
1920 833 2106 879 praesertim

1135 869 1268 906 constet
1280 895 1289 908 ‚
1315 872 1527 910 Ciceronem
1540 901 1548 915 ‚
1574 875 1636 910 nisi
1660 887 1820 913 extremo
1849 880 1915 914 hoc
1937 892 2107 929 ternpore,

1134 930 1266 970 graecos
1289 919 1489 970 scriptores,
1513 936 1587 959 non
1612 925 1759 961 vertisse·
1788 927 1866 961 vide
1889 932 2106 974 prooemium

1136 967 1189 1002 hb.
1202 980 1228 1020 i.
1241 968 1283 1003 de
1295 967 1353 1004 fin.
1377 974 1546 1007 Extremo
1560 974 1677 1010 mense
1689 974 1785 1022 Mzijo
1799 975 1937 1012 Tullius
1950 980 2106 1015 Romam

1136 1018 1249 1051 versus
1261 1017 1479 1063 proficiscens
1493 1045 1502 1058 ‚
1518 1032 1557 1057 ut
1574 1023 1720 1058 Kalend.
1731 1024 1826 1071 Junii
1840 1025 1875 1060 in
1889 1025 2003 1061 senatu
2018 1052 2027 1065 ,
2041 1027 2107 1062 sic-

1134 1066 1358 1118 ut'Antonius
1370 1068 1526 1105 edixerat
1539 1095 1547 1108 2
1560 1071 1683 1107 adesset
1695 1096 1704 1110 ,
1716 1072 1843 1121 scripsit
1856 1074 2105 1124 epistolas‚quae

1132 1125 1234 1149 initio
1249 1115 1367 1167 lib.i5.
1380 1117 1421 1152 ad
1436 1119 1592 1155 Atticum
1607 1120 1782 1168 leguntur.
1813 1123 1976 1159 Kalendis
1989 1150 1998 1164 ‚
2020 1137 2104 1160 cuin

1133 1165 1307 1216 Antonius
1321 1167 1477 1218 Romam
1496 1170 1527 1204 se
1540 1194 1548 1209 ,
1573 1170 1758 1217 peragratis
1782 1182 2031 1208 veteranorum
2044 1186 2106 1208 co-

1131 1210 1234 1246 loniis
1247 1236 1270 1266 ‚'
1289 1213 1452 1266 stipatum
1476 1218 1581 1252 armis
1601 1219 1789 1263 retulisset3
1812 1221 1981 1257 senatores
2006 1234 2105 1258 metii

1130 1272 1301 1315 perterriti
1314 1275 1455 1310 repente
1466 1265 1683 1314 diffugerunt
1697 1293 1705 1308 ‚
1732 1268 1875 1317 Philipp.
1894 1283 1923 1308 2.
1960 1282 2007 1306 iv.
2024 1273 2104 1306 No-

1131 1322 1190 1345 nas
1203 1312 1449 1357 igiturCicero
1469 1315 1510 1350 ab
1531 1316 1616 1351 urbe
1632 1316 1763 1355 abfuit,
1785 1319 1879 1365 epist.
1896 1322 1928 1355 8.
1954 1319 2030 1355 libr.
2049 1332 2102 1362 15.

1129 1358 1172 1393 ad
1196 1363 1266 1394 Att.
1280 1372 1343 1396 nec
1357 1375 1394 1397 in
1417 1364 1539 1399 urbem
1564 1365 1697 1401 rediisse
1709 1392 1717 1405 ‚
1741 1365 1805 1401 nisi
1829 1367 1938 1413 pridie
1952 1368 2102 1406 Kalend.

1130 1409 1302 1462 Septemb·
1315 1410 1464 1447 videtur.
1491 1416 1544 1449 Eo
1559 1424 1718 1462 tempore
1738 1415 1781 1450 de
1795 1415 1932 1452 Officiis
1956 1417 2103 1454 scribere

1129 1458 1302 1512 aggreslus
1315 1458 1363 1494 est
1378 1485 1386 1501 ‚
1401 1460 1494 1508 epist.
1514 1474 1523 1497 i
1538 1474 1565 1505 3.
1579 1463 1637 1499 lib.
1649 1476 1656 1498 i
1668 1475 1698 1505 5·
1713 1464 1754 1499 ad
1772 1466 1840 1500 Att.
1854 1465 1908 1500 sed
1921 1465 1996 1513 post
2010 1466 2103 1502 redi-

1128 1515 1207 1560 tum
1233 1518 1252 1541 e
1274 1508 1376 1544 cursu
1387 1510 1542 1559 ‘Achaico
1563 1512 1720 1548 absolvit.
1749 1513 1819 1549 hoc
1834 1514 1919 1550 vero
1929 1524 2102 1563 tempore,

1128 1567 1211 1590 cum
1223 1555 1364 1612 haberet
1380 1572 1439 1607 jus
1453 1559 1632 1609 legationis
1645 1561 1760 1598 liberae
1774 1586 1784 1600 ‚
1805 1575 1843 1599 ea
1856 1576 1974 1600 mente
1985 1565 2050 1600 iter
2062 1564 2101 1600 in

1129 1605 1302 1643 Graeciam
1322 1609 1490 1655 ingressus
1513 1610 1562 1647 est
1576 1637 1584 1652 ‚
1610 1623 1649 1647 ut
1662 1613 1787 1647 Romae
1813 1612 1936 1649 adesset
1949 1613 2103 1649 Kalend.

1124 1654 1294 1708 Januariis
1305 1681 1315 1695 ‚
1327 1658 1453 1705 quibus
1466 1659 1599 1696 Hirtius
1613 1663 1647 1697 ὃς
1660 1661 1761 1697 Pansa
1771 1662 1988 1698 consulatum
2001 1672 2101 1698 erant

1130 1705 1272 1744 inituri,
1298 1706 1442 1756 Philipp·
1461 1721 1489 1744 1.
1515 1711 1549 1745 &
1568 1710 1602 1744 in
1618 1709 1791 1747 Cicerone
1803 1711 2016 1747 Plutarchus.
2046 1723 2101 1747 Vi.

1130 1755 1250 1790 Nonas
1264 1755 1416 1808 Qintil.
1428 1769 1471 1794 ex
1490 1759 1645 1806 Arpinati
1670 1758 1818 1796 scribens
1832 1760 1948 1795 Attico
1972 1759 2100 1808 episto-

1128 1801 1159 1838 la
1173 1806 1229 1856 26.
1252 1803 1330 1840 libr.
1352 1817 1402 1847 15.
1422 1805 1488 1847 ait,
1512 1807 1544 1842 se
1577 1807 1703 1844 itinera
1725 1807 1770 1844 sic
1792 1809 2039 1856 composuisse,
2061 1819 2104 1844 ut

1128 1852 1244 1887 Nonis
1258 1854 1408 1890 Puteolis
1421 1855 1523 1897 esset,
1546 1855 1632 1892 sicut
1644 1857 1710 1893 fuit
1732 1857 1815 1904 epist
1833 1871 1859 1894 i.
1886 1858 1962 1894 libr.
1982 1861 2034 1894 16.
2058 1856 2102 1893 ad

1128 1904 1199 1952 Att.
1225 1901 1320 1955 Cum
1335 1914 1451 1939 autem
1464 1905 1703 1947 Brundisium,
1726 1906 1959 1955 iterqueillud
1972 1931 1981 1946 ‚
2003 1905 2100 1953 quod

1127 1959 1252 2001 tritum
1265 1964 1301 1986 in
1315 1952 1484 1988 Graeciain
1497 1953 1545 1988 est
1559 1979 1568 1993 ,
1594 1955 1720 1990 Cicero
1734 1966 1858 1990 vitai-et
1870 1979 1880 1993 ‚
1906 1967 1944 1990 ut
1957 1956 2002 1991 ait
2015 1956 2098 1992 Phi-

1128 1998 1184 2049 lip.
1197 2011 1204 2033 i
1216 2026 1223 2033 .
1237 1999 1346 2035 Veliae
1360 2000 1426 2036 fuit
1440 2014 1524 2037 xiil.
1539 2002 1719 2039 Kassext.
1732 2003 1829 2049 epist.
1844 2017 1898 2039 20.
1912 2005 2009 2049 lib.7.
2036 2006 2098 2039 Fa-

1128 2046 1201 2081 mil.
1214 2059 1365 2095 eumque
1384 2049 1477 2084 diem
1502 2050 1548 2083 ibi
1561 2051 1726 2085 constitit·
1748 2051 1843 2099 epist.
1857 2055 1888 2086 6.
1913 2052 1971 2088 lib.
1994 2056 2043 2088 16.
2055 2051 2098 2087 ad

1128 2096 1198 2145 Att.
1210 2096 1308 2131 Velia
1322 2095 1542 2142 proficiscens
1557 2098 1692 2146 Topica
1715 2099 1757 2134 ad
1773 2100 1976 2136 Trebatium
1990 2124 1998 2138 ‚
2014 2102 2099 2136 cum

1127 2144 1243 2176 secum
1268 2144 1374 2179 libros
1398 2157 1470 2180 non
1485 2146 1635 2182 liaberet
1650 2171 1660 2184 ‚
1683 2149 1852 2184 memoria
1877 2150 2029 2195 repetita.
2061 2150 2100 2185 iti

1129 2189 1197 2234 ipsa
1219 2192 1443 2244 navigatione
1465 2194 1685 2243 conscripsit,
1709 2198 1744 2232 δε
1768 2197 1881 2244 Regio
1905 2198 2033 2233 librum
2055 2198 2098 2233 ad

1130 2239 1334 2291 Trebatium
1348 2241 1448 2277 misit.
1460 2244 1574 2279 v-Kal-
1586 2246 1680 2280 Sext.
1690 2244 1842 2293 epist-19.
1854 2246 1946 2291 lib.7.
1961 2249 2051 2282 Fam.
2062 2248 2098 2283 &

1128 2299 1164 2320 m
1182 2291 1357 2342 prooemio
1372 2291 1603 2338 Topicorum.
1630 2293 1769 2329 Miserat
1783 2294 1885 2330 etiam
1902 2295 2004 2343 paulo
2017 2307 2098 2331 ante

1127 2334 1168 2370 ad
1180 2339 1337 2375 Atticum
1350 2339 1439 2375 duos
1452 2340 1557 2376 libros
1572 2341 1614 2376 de
1627 2342 1749 2378 Gloria
1765 2366 1775 2380 ,
1790 2344 1882 2391 epist.
1899 2348 1953 2380 28.
1968 2344 2025 2379 lib.
2045 2356 2097 2386 15..

1127 2387 1160 2436 ξε
1175 2388 1204 2419 6.
1218 2386 1275 2422 lib.
1296 2391 1346 2423 16.
1359 2388 1400 2423 ad
1414 2390 1483 2425 Att·
1506 2390 1670 2426 Meminit
1684 2393 1814 2427 horum
1835 2393 2007 2428 librorum
2031 2393 2098 2440 ipse

1127 2432 1185 2486 lib.
1199 2434 1283 2486 2..vde
1298 2435 1433 2472 Officiis
1446 2462 1456 2476 ‚
1482 2438 1660 2475 &Gellius
1680 2440 1739 2476 lib.
1758 2452 1807 2482 15.
1822 2454 1893 2489 cap.
1908 2444 1941 2476 6.
1969 2442 2097 2478 Scribit

1129 2493 1163 2516 in
1179 2483 1336 2536 ‘epistolis
1351 2486 1545 2523 Franciscus
1557 2489 1737 2524 Petrarcha
1751 2512 1761 2526 ‚
1784 2490 1815 2525 se
1836 2491 1900 2525 hos
1914 2490 2019 2525 libros
2032 2492 2097 2526 ha-

1126 2530 1269 2586 hume),
1281 2534 1341 2582 qui
1357 2532 1432 2581 jam
1446 2537 1614 2583 nusquam
1630 2549 1802 2584 apparent.
1829 2539 1956 2574 Cicero
1970 2539 2095 2575 deinde

1125 2582 1329 2631 inkSmiliam
1342 2584 1562 2630 transgressus
1576 2586 1652 2620 Kal.
1670 2587 1763 2622 Sext.
1780 2588 1878 2623 venit
1900 2588 2095 2636 Syracusa&

1126 2628 1220 2665 Cum
1245 2643 1362 2667 autem
1386 2632 1520 2680 postero
1542 2633 1598 2669 die
1623 2635 1717 2670 venti
1737 2634 1848 2681 ipsum
1869 2649 1910 2674 ex
1926 2637 2040 2673 Sicilia
2052 2636 2095 2673 ad

1126 2678 1391 2730 Leucopetram,
1405 2681 1500 2729 quod
1511 2681 1558 2717 est
1567 2685 1853 2731 promontorium
1873 2686 1943 2733 agri
1958 2687 2093 2733 Rhegi-

1126 2738 1161 2760 ni
1174 2750 1183 2765 ‚
1199 2728 1395 2765 detulissent
1409 2746 1418 2773 3
1431 2730 1472 2765 ab
1484 2743 1526 2765 eo
1541 2730 1619 2766 loco
1631 2733 1833 2769 conscendit
1847 2757 1856 2771 ,
1870 2746 1908 2770 ut
1921 2735 2095 2771 transmit-

1123 2785 1222 2820 teret3
1234 2780 1268 2813 ὅ(
1282 2777 1384 2813 stadia
1396 2779 1533 2814 circiter
1545 2791 1623 2815 ccc.
1640 2783 1781 2828 prove&
1789 2795 1838 2820 us,
1852 2783 1999 2828 rejectus
2018 2787 2094 2819 Au-

1123 2823 1192 2859 stro
1204 2826 1458 2863 vehementiest
1469 2828 1510 2863 ad
1529 2829 1674 2866 eandem
1689 2833 1941 2879 Leucopetram
1958 2844 1965 2866 z
1990 2843 2092 2868 cum-

1124 2886 1191 2918 que
1205 2874 1407 2923 intempesta
1428 2889 1499 2913 nox
1523 2877 1603 2913 esset
1618 2903 1626 2918 ,
1652 2878 1889 2929 mansissetque
1901 2881 1936 2915 in
1950 2880 2041 2916 Villa
2054 2883 2091 2916 1³.

1125 2922 1253 2960 Valerii
1267 2925 1406 2960 comitis
1420 2927 1454 2961 ὅ(
1467 2925 1642 2963 familiaris
1655 2927 1704 2963 sui
1722 2954 1731 2969 ,
1753 2928 1986 2977 postridieque
2000 2929 2092 2978 apud

1123 2972 1273 3026 eundem
1289 2983 1436 3009 ventum
1447 2975 1645 3023 exspe&ans
1658 2988 1815 3013 maneret
1824 3004 1833 3019 ‚
1845 2977 1996 3025 Rhegini
2011 2978 2091 3025 qui-

1124 3020 1204 3055 dam
1229 3020 1373 3056 illustres
1397 3035 1439 3058 eo
1462 3035 1638 3072 yenerunt
1662 3028 1779 3061 Roma
1802 3052 1811 3065 ,
1834 3026 1893 3075 qui
1920 3030 2090 3061 summam

1124 3070 1216 3116 spem
1241 3070 1447 3123 nuntiabant
1458 3096 1468 3111 ‚
1493 3072 1586 3114 sore,
1615 3085 1654 3110 ut
1669 3074 1844 3110 Antonius
1857 3075 2014 3116 cederet,
2038 3087 2092 3109 res

1125 3129 1343 3159 conveniret,
1355 3120 1386 3154 C
1389 3122 1494 3157 aesaris
1510 3121 1749 3159 interfeftores
1761 3125 1914 3159 Romam
1930 3122 2090 3158 redirent.

1124 3165 1308 3220 Addebam
1319 3179 1434 3214 etiarn,
1445 3170 1657 3255 Ciceropem
1672 3171 1865 3215 desiderari,
1877 3174 1911 3209 δε
1923 3170 2088 3256 Ηὼειεὲιι-

1546 3221 1560 3266 (
1618 3232 1631 3265 3
1644 3220 1658 3265 )
2047 3218 2088 3254 ri,
