2295 3400
133 1198 176 1224 ΚΟ
192 1203 245 1226 tur.

181 129 281 178 410
590 113 1092 164 Μ.Τυῑ,ῑ,ῐι

186 196 280 227 sulem
299 206 338 227 ex
356 194 495 237 plurimis
514 195 671 235 periculis,
691 193 723 225 δε
738 193 873 229 infidiis,
891 203 978 236 atque
989 204 1027 226 ex
1037 194 1138 227 media

192 247 254 269 mm
263 248 289 268 te
299 259 307 271 ‚
329 248 391 268 non
406 238 438 267 ad
456 248 465 267 i
477 240 548 267 itam
560 237 642 267 suam
654 256 662 270 ,
675 236 721 266 sed
733 236 767 267 ad
778 237 900 268 salutern
911 236 1038 268 vestram
1048 237 1140 268 reser-

190 289 293 310 vatum
308 291 313 309 :
335 289 443 309 omncs
460 278 581 309 ordines
590 277 625 308 ad
634 278 868 309 conservandam
879 279 1014 319 rempub.
1026 287 1138 313 mente,

192 322 347 352 voluntate
358 341 366 355 ,,
382 320 479 351 studio
489 341 497 354 ,
509 322 617 350 virtute
630 340 639 353 ‚
650 330 734 354 voce,
746 322 955 351 consentiunt:
978 319 1090 352 obseffa
1098 320 1142 351 fa-

194 363 278 392 cibus
291 382 300 395 ,
319 363 351 392 δι’
362 364 427 393 telis
438 364 539 402 impiae
551 363 767 402 conjurationis
777 383 784 396 ,
803 362 891 393 vobis
899 363 1024 403 supplex
1033 373 1142 394 manus

193 404 290 433 ierunt
309 414 400 444 patria
417 406 609 435 communis:
628 404 716 434 vobis
727 405 774 438 se,
796 405 885 435 vobis
895 407 988 435 vitam
997 407 1142 435 omnium

191 456 207 474 c
216 447 250 474 vi
258 456 270 474 cz
277 455 320 479 m,
330 447 418 476 vobis
425 457 533 479 arcem,
547 447 579 476 δε
589 446 774 486 Capitolium
786 466 795 480 ‚
807 446 895 477 vobis
903 457 964 477 aras
974 449 1142 480 Penatium,

193 487 282 516 vobis
295 491 303 506 ¹
316 488 404 518 iilum
416 490 507 529 ignem
520 486 595 523 Vesta
603 497 793 528 perpetuum,
808 498 840 518 ac
850 489 1078 529 sempiternum,
1088 499 1144 518 vo—

194 529 239 558 bis
256 532 361 559 omnia
383 531 493 570 ttmpla
505 529 650 563 deorum,
671 539 756 570 atque
767 530 906 564 delubra,
928 531 1018 560 vobis
1030 540 1144 563 muros,

190 578 276 604 atque
288 571 368 601 urbis
379 571 668 602 testacommendat.
700 575 839 603 Praeterea
859 572 896 602 de
906 571 999 603 vestra
1007 574 1069 602 vita
1079 591 1087 605 ‚
1108 572 1145 601 de

188 621 354 654 comugum
374 613 535 643 vestrarum
547 634 556 647 ,
577 623 609 643 ac
624 613 787 644 liberorum
808 616 908 644 anima
929 634 937 647 ,
961 614 998 644 de
1015 614 1146 644 fortunis

191 663 334 684 omnium
348 675 356 687 ‚
380 655 416 684 de
427 656 545 685 stdibus
557 676 566 688 ,
589 655 625 685 de
634 655 710 686 focis
721 655 824 686 vestris
837 677 846 690 ,
873 656 1022 686 hodierno
1031 655 1079 685 die
1089 664 1145 685 vo—

190 696 438 733 b²sjudicandum
449 696 500 727 est.
525 697 649 727 Habetis
659 697 767 728 ducem
778 718 786 731 ,
801 707 946 728 memorem
958 696 1038 733 vestri
1050 717 1058 729 ‚
1074 695 1145 726 obri-

189 743 252 765 tum
268 738 333 775 firi:
355 749 420 780 quar
432 749 496 769 non
510 739 623 779 semper
636 738 759 769 facultas
772 739 868 770 datur:
890 739 1005 769 habetis
1024 740 1145 769 omneis

190 779 333 810 homines
345 801 353 813 ,
376 781 550 811 universum
569 781 718 821 populum
736 784 830 811 Rom.
852 781 907 811 2id
926 780 1007 821 quod
1019 782 1049 810 in
1061 780 1146 811 civili

158 847 161 849 .
187 821 272 851 causa
290 822 440 853 hodierno
458 822 507 852 die
527 822 662 863 primum
677 822 836 856 videmus,
857 833 953 852 unum
966 831 1052 863 atque
1064 821 1145 852 idem

189 862 379 893 sentientem.
409 866 541 905 Cogitate
553 885 561 897 ,
581 867 699 905 quantis
711 864 1033 894 laboribusfundatum
1047 865 1146 904 impe-

189 905 283 938 rium,
292 915 402 946 quanta
412 908 521 936 virtute
529 905 687 936 stabilitam
698 905 864 936 libertatem
877 925 885 939 ,
896 915 1007 946 quanta
1017 905 1145 936 deorum

187 945 373 988 benignitate
381 948 492 980 austris,
506 947 747 987 exaggeratasque
757 945 893 977 fortunas
906 951 916 974 3
929 957 986 976 una
997 957 1052 977 nox
1060 948 1145 987 paene

189 986 308 1019 delerit.
337 989 372 1019 Id
397 999 434 1019 ne
451 999 596 1029 umquam
619 987 740 1028 posthac
762 998 823 1019 non
842 987 938 1019 modo
951 988 1073 1023 confici,
1098 989 1147 1019 sed

188 1032 206 1055 4
216 1039 255 1060 ne
274 1032 396 1072 cogitari
414 1031 538 1071 quidem
551 1028 636 1070 poffit
646 1029 661 1060 a
669 1030 788 1061 civibus
797 1051 806 1064 ‚
827 1031 976 1061 hodierno
986 1031 1034 1061 die
1044 1033 1147 1071 provi-

190 1070 326 1102 dendum
339 1071 391 1103 cst.
415 1077 513 1112 Atque
522 1073 585 1102 haec
594 1081 660 1102 non
671 1081 704 1102 ut
714 1082 767 1102 vos
779 1092 788 1106 ,
803 1074 855 1114 qui
865 1073 943 1103 mihi
953 1072 1053 1103 studio
1064 1073 1147 1113 paene

190 1115 380 1153 praecurritis,
397 1115 572 1147 excitarem,
584 1113 702 1144 locutus
713 1115 779 1145 sum
794 1125 799 1144 :
815 1114 864 1145 sed
878 1124 910 1145 ut
921 1125 987 1145 mea
994 1125 1069 1149 vox,
1081 1125 1147 1156 quae

191 1154 280 1185 debet
290 1152 347 1184 effe
359 1157 391 1185 in
400 1165 462 1195 rep.
477 1157 615 1196 princeps
626 1176 635 1189 ,
650 1154 753 1186 officio
761 1155 865 1186 funfika
871 1157 1021 1187 consulari
1031 1157 1148 1187 videre-

290 1198 382 1227 Nunc
401 1197 470 1227 ante
487 1197 579 1238 quam
599 1197 634 1227 ad
644 1198 821 1228 sententiam
832 1198 938 1233 redeo,
956 1198 993 1228 de
1003 1208 1053 1229 me
1061 1208 1150 1238 pauca

190 1237 299 1268 dicam.
338 1241 402 1279 Ego
412 1259 421 1272 ‚
433 1247 543 1280 quanta
552 1248 660 1270 manus
670 1239 713 1270 est
722 1259 730 1273 ‚
743 1240 969 1279 conjuratorum
981 1261 989 1273 ‚
1003 1250 1095 1281 quam
1103 1242 1149 1270 vi-

191 1278 268 1309 detis
278 1277 326 1309 efi‘
322 1290 337 1309 e
354 1290 545 1321 permagnam
556 1301 566 1315 ,
587 1289 699 1311 tantam
708 1291 758 1311 me
766 1283 963 1312 inimicorum
975 1281 1150 1312 multitudi-

189 1330 264 1351 netn
274 1321 429 1362 suscepisse
441 1322 530 1352 video
543 1333 549 1352 :
572 1322 697 1354 sedeam
709 1322 767 1353 esse
774 1323 880 1363 judico
891 1343 899 1357 ,
917 1331 965 1352 rur
983 1334 1043 1357 em,
1057 1324 1090 1354 &
1101 1325 1148 1354 in-

190 1361 311 1393 firmam
323 1383 332 1396 .
355 1364 389 1394 &
397 1373 584 1395 contemnam
595 1384 603 1398 ‚
623 1365 656 1394 &
666 1364 824 1404 abjectam.
855 1364 947 1405 de
957 1331 981 1395 Ε
988 1365 1150 1406 aliquando

191 1405 318 1444 alicujus
328 1405 428 1436 furore
440 1426 449 1439 ‚
470 1406 504 1437 δε
519 1407 625 1436 scelere
633 1408 781 1437 concitata
790 1417 900 1437 manus
909 1406 963 1437 ista
971 1408 1037 1447 plus
1047 1408 1150 1438 value-

188 1448 248 1480 rit,
267 1446 357 1487 quam
368 1447 478 1482 vestra,
496 1458 528 1478 ac
538 1448 653 1489 reipub.
664 1448 809 1490 dignitas:
831 1459 881 1479 mc
897 1458 998 1479 tamen
1009 1459 1150 1479 meorum

192 1487 344 1518 fastorum
355 1509 364 1523 ‚
379 1488 669 1530 atqueconfiliorum
683 1500 760 1521 num
783 1500 852 1521 uam
862 1510 872 1524 ‚
888 1493 920 1521 P.
933 1493 966 1521 C.
976 1491 1149 1532 poenitebit.

195 1532 319 1561 Etenim
331 1541 420 1565 mors,
437 1541 527 1572 quam
538 1532 585 1561 illi
595 1533 673 1562 mihi
682 1531 742 1562 fort
782 1531 1005 1566 'eminitantun
1022 1531 1149 1562 omnibus

193 1570 349 1613 estparata
358 1584 370 1600 .·
390 1575 459 1603 vitae
470 1582 581 1604 tantam
592 1573 725 1607 laudern,
736 1583 845 1614 quanta
855 1584 910 1604 vos
921 1584 971 1604 me
979 1574 1083 1605 vestris
1094 1574 1150 1604 de-

192 1616 281 1644 cretis
292 1613 468 1645 honestastis
478 1635 487 1648 ,
500 1625 593 1645 nemo
602 1614 645 1645 est
652 1613 808 1646 affecutus.
833 1619 846 1643 5
856 1618 966 1646 Ceteris
975 1618 1059 1646 enim
1070 1617 1151 1646 sem·-

190 1655 333 1695 perbene
349 1655 435 1698 gestae
451 1676 461 1689 ‚
483 1657 562 1686 mihi
583 1659 638 1687 uni
646 1657 826 1688 conservata:
836 1659 908 1698 reip.
919 1658 1148 1699 gratulationem

192 1696 379 1733 decrevistis,
394 1699 436 1728 Sit
446 1699 545 1738 Scipio
555 1698 660 1732 clarus,
672 1699 734 1733 ille,
747 1700 833 1739 cujus
844 1699 981 1733 confilto,
992 1708 1078 1741 atque
1089 1702 1151 1730 vir·

193 1747 254 1769 tute
267 1739 420 1769 Hannibal
430 1741 463 1769 in
473 1739 606 1770 Africam
621 1740 716 1770 redire
728 1760 736 1774 ‚
759 1750 845 1782 atque
867 1751 906 1772 ex
924 1742 1016 1771 Italia
1031 1741 1151 1771 decedere

189 1779 310 1810 constas
327 1780 387 1811 est:
411 1790 535 1811 ornetur
555 1782 628 1812 alter
646 1784 762 1813 eximia
781 1782 868 1813 laude
886 1782 1044 1814 Africanus
1062 1803 1071 1817 ,
1096 1785 1148 1824 qui

191 1821 263 1852 duas
274 1821 374 1852 urbeis
383 1824 453 1853 huic
466 1824 595 1863 imperio
606 1822 820 1858 infestissimas,
831 1826 1041 1866 Karthaginem
1054 1845 1062 1858 ,
1080 1828 1149 1855 Nu-

192 1865 397 1904 mantiamque
405 1864 518 1895 delevit
529 1875 534 1893 :
549 1865 688 1896 habeatur
696 1867 744 1895 vir
752 1868 894 1908 egregius,
906 1869 940 1898 L.
956 1867 1073 1897 Paullus
1083 1867 1147 1900 ille,

190 1906 276 1945 cujus
288 1915 409 1936 currum
429 1915 482 1936 rex
499 1906 726 1946 potentiffimus
745 1908 899 1948 quondam
919 1929 927 1942 ‚
952 1906 1149 1939 &nobiliffi—

1172 116 1757 168 Crcssnonrs'

1178 204 1228 227 tur
1243 195 1388 227 omnibus
1399 197 1521 236 Pompej
1527 206 1560 227 us
1569 216 1578 230 ‚
1602 197 1688 237 cujus
1708 205 1752 227 res
1770 195 1857 238 gestae
1867 215 1876 231 ‚
1902 201 1989 238 atque
2000 193 2141 233 virtutes,

1179 237 1286 269 iisdem
1296 258 1305 272 ‚
1317 238 1429 279 quibus
1435 239 1498 278 βίη
1507 239 1601 278 cursu,-
1612 259 1620 273 ‚
1632 239 1804 278 regionibus
1815 259 1823 273 ,
1850 249 1882 270 ac
1893 240 2030 269 terminis
2037 241 2140 269 conti-

1181 289 1298 311 nentur.
1320 282 1377 311 erit
1394 279 1532 321 profeffii
1551 283 1631 311 inter
1651 282 1761 311 horum
1779 281 1876 312 laudes
1885 280 1998 322 aliquid
2009 280 2068 309 loci
2079 290 2140 310 no-

1182 322 1245 354 sttae
1254 323 1374 364 gloriae:
1389 321 1531 352 nisiforte
1544 332 1650 362 MAJUS
1664 333 1720 353 ias-r
1734 323 1893 363 patefacere
1905 322 1995 352 nobis
2009 323 2139 362 provin-

1181 367 1241 395 cias
1257 384 1265 397 ,
1286 363 1348 405 quo
1356 365 1438 394 exire
1448 363 1593 404 possimus
1605 385 1613 398 ,
1624 364 1714 404 quim
1725 375 1824 395 curare
1834 385 1842 399 ‚
1866 374 1898 395 ut
1908 366 1996 394 etiam
2009 364 2055 393 illi
2066 383 2075 397 ,
2085 364 2140 404 qui

1182 406 1290 437 absunt
1299 425 1307 439 ‚
1325 406 1453 436 habeant
1462 404 1524 446 quo
1536 405 1667 436 vietor-ss
1677 415 1872 436 revertantur.
1895 409 2086 446 Qamquam
2096 403 2142 436 est

1183 457 1246 478 uno
1257 448 1325 477 loco
1338 447 1477 478 conditio
1490 448 1600 478 melior
1615 457 1744 477 externae
1752 447 1887 478 viCtoriae
1898 468 1906 482 ‚
1930 447 2021 488 quam
2030 446 2141 476 dome-

1185 489 1262 519 sticae
1275 499 1281 517 :
1304 488 1387 529 qubd
1396 488 1507 519 hosteis
1516 490 1688 529 alienigenae
1701 499 1751 519 aut
1761 488 1897 529 opprefii,
1910 489 2053 521 serviunt,
2064 485 2080 507 ⁶
2088 496 2142 519 aut

1184 532 1305 571 recepti,
1319 529 1467 560 beneficio
1477 530 1505 560 se
1515 531 1660 571 obligatos
1670 540 1775 570 putant
1787 542 1792 560 z
1810 532 1862 571 qui
1871 540 1970 560 autem
1984 540 2022 560 ex
2032 539 2142 559 nurne-

1185 582 1218 602 ro
1226 574 1342 602 civium
1352 571 1505 602 dementia
1515 572 1614 612 aliqua
1625 572 1772 612 depravati
1784 592 1794 606 ,
1818 572 1916 603 hostes
1934 574 2033 612 patriae
2048 570 2144 601 semel

1186 613 1242 644 esse
1251 623 1404 654 coeperunt
1417 633 1425 647 ‚
1447 624 1498 643 eos
1510 634 1519 647 ,
1533 614 1605 644 curn
1616 614 1633 644 ii
1645 616 1776 654 pernicie
1786 615 1859 654 reip.
1869 615 2011 654 repuleris
2022 633 2031 647 ,
2043 623 2097 643 nec
2107 612 2143 641 ω’

1185 657 1320 686 coercere
1333 676 1341 689 ,
1358 666 1412 686 nec
1423 654 1548 694 beneficio
1557 656 1668 696 placare
1677 654 1779 695 pollis.
1803 659 1900 696 Qre
1910 655 1986 685 mihi
1994 665 2064 685 cum
2074 664 2142 694 pcr-

1186 697 1257 727 ditis
1267 697 1384 728 civibus
1406 706 1550 727 aeternum
1563 698 1676 727 bellurn
1688 698 1853 737 susceptum
1866 696 1921 727 efle
1934 697 2023 728 video
2037 707 2042 726 :
2057 695 2142 736 quod.

1186 749 1241 781 ego
1257 739 1355 770 vestro
1368 759 1377 772 ,
1398 739 1609 780 bonorumque
1620 741 1762 769 omnium
1774 740 1888 769 auxilio
1899 759 1908 772 ‚
1934 739 2142 778 memoriaque

1188 789 1339 811 tantorum
1352 781 1566 820 periculorum,
1581 791 1646 822 quae
1656 791 1719 811 non
1732 781 1826 811 mod&
1838 783 1870 810 in
1881 782 1939 810 'noc
1949 780 2074 820 populo,
2087 780 2142 819 qui

1186 822 1315 853 servatus
1329 823 1372 852 est
1382 843 1390 856 .
1404 822 1453 852 sed
1464 825 1553 852 etiam
1565 825 1598 852 in
1608 825 1750 852 omnium
1759 824 1894 864 gentium
1900 820 2070 861 sermonibm
2081 841 2089 854 ,
2108 830 2143 849 ae

1186 863 1325 893 mentibus
1336 864 1451 904 semper
1461 864 1596 897 haerebit,
1609 865 1624 894 a
1635 875 1696 898 me,
1710 874 1797 906 arque
1807 864 1821 894 32
1832 866 1909 894 meis
1918 863 2004 894 facile
2018 862 2142 903 propul-

1186 907 1239 936 sari
1250 905 1331 946 poss'c
1343 905 1476 937 confido.
1499 916 1597 947 neque
1608 907 1668 937 ulla
1674 906 1812 946 profeci&
1822 915 1900 936 tanta
1913 908 1958 936 vis
1968 906 2141 945 reperietur,

1185 958 1252 989 quae
1264 949 1332 988 conj
1337 948 1516 978 unehonem
1527 948 1664 982 vestiam,
1676 951 1871 989 equitumque
1880 950 1973 978 Rom.
1985 947 2018 977 δε
2028 954 2142 976 tantam

1186 990 1440 1030 conspirationem
1461 989 1614 1020 bonorum
1633 992 1776 1020 omnium
1795 989 1974 1030 perfringere
1987 1008 1996 1023 ,
2019 988 2051 1018 δε
2061 987 2145 1018 labe-

1186 1030 1292 1062 fa&are
1303 1030 1400 1072 poffit.
1420 1031 1576 1072 Qaecum
1587 1035 1625 1063 ita
1635 1031 1702 1066 sint,
1718 1035 1814 1063 Patres
1826 1032 2004 1071 Conscripti‚
2016 1040 2070 1070 pro
2081 1031 2141 1059 im-

1186 1075 1270 1114 perio
1281 1093 1290 1106 ,
1314 1083 1368 1114 pro
1378 1076 1509 1103 exercitu
1521 1094 1529 1107 ,
1553 1084 1607 1114 pro
1617 1075 1774 1114 provincia
1784 1094 1792 1108 ‚
1816 1084 1906 1115 quam
1926 1073 2046 1114 neglexi
2058 1091 2066 1105 ‚
2089 1080 2144 1111 pro

1189 1116 1355 1155 triumpho,
1363 1116 1524 1156 ceterisque
1536 1115 1631 1145 laudis
1642 1114 1820 1156 insignibus,
1829 1126 1894 1156 quae
1904 1116 1973 1145 sunt
1982 1114 1998 1144 a
2008 1123 2146 1153 rne‚pro-

1186 1165 1250 1196 pter
1268 1156 1348 1187 urbis
1359 1176 1368 1190 ‚
1392 1156 1552 1196 vestraeque
1570 1158 1672 1187 salutis
1690 1156 1856 1187 custodiam
1867 1177 1875 1191 ‚
1899 1155 2065 1196 repudiata,
2089 1164 2144 1194 pro

1188 1199 1336 1228 clientelis
1347 1218 1356 1232 ,
1367 1199 1561 1238 hospitiisque
1571 1198 1805 1238 provincialibus
1815 1218 1824 1232 ,
1835 1208 1900 1239 quae
1913 1207 2013 1227 tamen
2023 1196 2146 1226 urbanis

1188 1240 1298 1280 opibus
1308 1249 1372 1269 non
1380 1242 1500 1269 minore
1510 1240 1610 1269 labore
1622 1249 1716 1273 tueor,
1728 1250 1818 1281 quarn
1828 1248 1969 1279 comparo
1981 1250 1986 1267 ;
2008 1243 2088 1278 7Ῥιό
2097 1238 2146 1269 his

1188 1284 1279 1323 igitur
1287 1282 1434 1311 omnibus
1445 1281 1533 1311 rebus
1545 1301 1553 1315 ‚
1576 1281 1609 1311 &
1622 1291 1676 1322 pro
1687 1291 1765 1311 meis
1773 1283 1869 1311 invos
1878 1279 2072 1322 singularibus
2083 1278 2147 1309 stu·

1187 1324 1257 1357 diis,
1269 1333 1382 1364 proque
1392 1324 1446 1353 hac
1457 1343 1466 1356 ‚
1479 1333 1568 1364 quam
1579 1324 1762 1363 conspicitis,
1773 1323 1810 1353 ad
1818 1321 2054 1353 conservandam
2063 1330 2147 1351 rem-

1187 1365 1259 1406 pub.
1277 1365 1449 1407 diligentia,
1475 1365 1553 1395 nihil
1565 1365 1648 1395 aliud
1661 1365 1791 1398 avobis,
1815 1363 1871 1394 nifi
1886 1365 1976 1404 hujus
1986 1364 2148 1403 temporis,

1189 1407 1338 1448 totiusque
1348 1408 1409 1437 mei
1420 1407 1590 1437 consulatus
1602 1407 1767 1436 memoriam
1780 1405 1914 1447 postulo:
1926 1416 1991 1446 quae
2003 1405 2078 1435 dum
2091 1406 2148 1435 erit

1188 1448 1292 1479 vestris
1302 1449 1455 1479 mentibus
1465 1447 1560 1479 infixa
1569 1468 1578 1482 ,
1601 1447 1776 1478 firmiffimo
1791 1458 1842 1478 me
1852 1457 1942 1478 muro
1954 1447 2078 1487 saeptum
2087 1445 2149 1476 effe

1190 1490 1361 1521 arbitrabor.
1384 1489 1475 1530 de
1484 1488 1504 1520 fi
1515 1500 1615 1520 meam
1624 1491 1703 1530 spem
1714 1492 1760 1521 vis
1770 1489 1981 1530 improborum
1991 1488 2146 1521 fefellerit,

1189 1542 1277 1573 atque
1287 1533 1466 1572 superaverit
1476 1543 1481 1561 2
1493 1532 1680 1562 commendo
1689 1532 1774 1563 vobis
1782 1541 1908 1572 parvum
1918 1540 2023 1561 meum
2033 1529 2147 1560 filiurn:

1187 1577 1237 1605 cui
1246 1572 1382 1614 profe-Sto
1404 1574 1469 1604 satis
1478 1576 1534 1605 erit
1542 1572 1670 1614 praefidii
1680 1593 1689 1608 ,
1710 1584 1774 1604 non
1783 1572 1926 1603 solumad
1935 1572 2059 1603 salutem
2070 1591 2080 1606 ,
2093 1581 2149 1603 ve·

1190 1614 1259 1647 rum
1269 1618 1361 1646 etiam
1372 1615 1407 1646 ad
1419 1616 1595 1656 dignitatern
1607 1636 1616 1650 ‚
1629 1615 1651 1646 fi
1660 1617 1723 1654 ejus
1734 1636 1742 1650 ‚
1758 1611 1773 1635 8
1783 1617 1834 1661 qui
1844 1616 1908 1645 haec
1919 1615 2026 1645 omnia
2033 1614 2089 1644 suo
2099 1614 2147 1645 so·

1193 1658 1240 1687 lus
1250 1659 1385 1698 periculo
1398 1659 1635 1691 conservaverit,
1655 1657 1745 1687 illum
1757 1656 1919 1696 essefilium
1926 1657 2146 1687 memineritis.

1191 1702 1380 1741 Qapropter
1390 1699 1426 1729 de
1437 1699 1554 1730 summa
1562 1699 1653 1730 silure
1667 1700 1762 1729 vestra
1774 1719 1782 1732 ,
1793 1699 1956 1738 populique
1965 1700 2004 1727 R.
2018 1700 2049 1728 P.
2062 1699 2094 1727 C.
2109 1697 2148 1729 de

1191 1740 1296 1771 vestris
1309 1741 1490 1782 conjugibus
1504 1761 1512 1775 ‚
1525 1752 1558 1771 ac
1567 1741 1686 1771 liberis:
1709 1746 1724 1768 9
1734 1741 1770 1770 de
1780 1743 1837 1770 aris
1846 1750 1877 1770 ac
1886 1738 1963 1769 focis
1973 1751 1984 1773 3
2005 1738 2042 1769 dc
2053 1738 2148 1774 fanis,

1192 1793 1224 1813 ac
1233 1784 1353 1823 templis
1364 1794 1374 1817 3
1396 1784 1435 1812 de
1446 1785 1536 1813 totius
1548 1783 1629 1813 urbis
1637 1783 1722 1813 testis
1735 1803 1747 1816 ,
1763 1792 1795 1812 ac
1804 1781 1923 1812 sedibus
1931 1792 1941 1816 3
1958 1781 1996 1811 de
2004 1782 2148 1821 irnperio,

1192 1825 1228 1855 de
1238 1825 1387 1857 libertate,
1397 1824 1434 1854 de
1445 1825 1536 1855 salute
1546 1826 1636 1855 Italiae
1651 1845 1660 1859 ,
1681 1825 1776 1866 deque
1787 1824 1923 1854 universa
1931 1823 2033 1863 repub.
2044 1823 2148 1853 decer-

1190 1869 1253 1896 nite
1263 1866 1422 1907 diligenter
1431 1885 1440 1899 ,
1452 1875 1485 1896 ut
1493 1865 1664 1897 instituistis
1674 1887 1682 1900 ,
1694 1877 1726 1897 ac
1735 1865 1861 1897 fortiter.
1885 1868 1915 1885 ¹0
1923 1864 2049 1896 Habetis
2060 1866 2148 1896 enim

1190 1908 1356 1941 consulem,
1368 1908 1462 1948 qui&
1472 1918 1572 1948 parere
1581 1907 1685 1938 vestiis
1694 1908 1819 1938 decretis
1831 1917 1896 1937 non
1906 1906 2040 1937 dubitet:
2054 1906 2089 1936 &
2098 1916 2146 1939 ea.

193 1956 271 1980 mus,
282 1948 380 1977 Perses
389 1947 574 1978 honestavit:
596 1947 671 1979 fitin
679 1958 786 1980 aeterna
796 1949 890 1990 gloria
901 1952 1027 1983 Marius,
1040 1952 1093 1991 qui
1104 1950 1149 1980 bis
1167 1976 1169 1990 ,
1189 1960 1253 1990 quae
1265 1949 1424 1980 statueritis
1433 1969 1442 1984 ‚
1453 1950 1550 1991 quoad
1562 1951 1661 1985 vivet,
1676 1949 1837 1983 defendere
1846 1969 1854 1984 ,
1868 1953 1893 1969 ¹¹
1904 1949 2035 1989 &perse
2046 1948 2148 1990 ipsum

187 1989 306 2020 Italiam
320 1987 476 2020 obsidione
485 2010 496 2026 ,
517 1990 550 2021 &
561 1998 645 2021 metu
655 1991 804 2022 servitutis
813 1991 969 2023 liberavit:
985 2001 1149 2032 autepona-
1166 1992 1169 2024 Ι
1189 1991 1326 2032 praestare
1335 1990 1434 2033 poflit.

195 2118 251 2129 au„-

232 2155 252 2172 ι.
272 2148 338 2172 Illum
347 2150 419 2179 ‚ignem
430 2149 494 2180 Vesta
499 2154 635 2180 perpetuum
646 2148 871 2182 acftmpiternum]
892 2146 1036 2174 Lambinus
1046 2147 1148 2174 delevit

184 2189 322 2218 perpetuum
340 2192 367 2208 ac
381 2201 389 2215 ,
408 2182 551 2219 aberatque
562 2183 616 2209 Ah.
628 2184 702 2210 Hitt.
715 2183 816 2210 Uverd.
828 2182 870 2209 sed
882 2190 969 2210 tamen
980 2193 1040 2211 cum
1052 2183 1150 2211 haereat

191 2219 217 2245 in
229 2217 290 2244 edd.
301 2219 403 2254 antiqq.
415 2219 442 2244 &
454 2219 522 2245 Pall.
533 2228 605 2246 omn.
617 2219 703 2245 locum
715 2220 738 2246 ei
748 2219 822 2246 suum
834 2219 941 2255 reliqui.

229 2264 257 2280 a..
277 2255 307 2280 ld
320 2256 382 2289 quod
396 2258 421 2280 [γι
439 2257 505 2280 cimas
522 2256 595 2288 carafa
611 2255 717 2282 hodierno
726 2255 761 2281 dic
765 2258 870 2288 primum
879 2255 1013 2290 ardentm]
1033 2254 1108 2281 Hitt.
1119 2254 1150 2281 &

190 2291 247 2318 Ah.
267 2300 318 2317 non
339 2290 433 2317 habeut
452 2292 487 2316 dte
498 2310 506 2323 ,
524 2290 706 2327 probaturque
724 2290 872 2317 Gulielmio
884 2309 892 2323 ‚
913 2297 942 2316 ut
953 2290 984 2317 fit
994 2289 1147 2318 adverbium

191 2327 319 2363 temporis
331 2345 339 2357 ‚
350 2333 380 2353 ut
389 2326 459 2352 borni
471 2345 479 2358 ‚
490 2328 552 2352 anub
564 2346 572 2358 ‚
581 2328 608 2353 dc
618 2327 734 2360 repentine
746 2346 754 2359 ,
765 2325 888 2353 sexcenta
899 2325 963 2352 alia.

231 2371 256 2398 3.
277 2365 330 2388 Una
346 2372 392 2389 nox
404 2363 463 2395 pen&
480 2363 587 2398 delerin]
608 2364 633 2389 T
635 2362 769 2399 uriugicus
779 2364 807 2389 &
820 2362 883 2390 Col.
901 2371 951 2388 una
959 2371 1007 2388 nox
1014 2362 1150 2397 quampenk

189 2399 283 2424 delerit.
305 2399 383 2434 long-i:
395 2397 537 2424 venustius.

227 2442 256 2467 4.
276 2438 311 2460 Ne
320 2438 417 2468 cogitari
431 2437 495 2468 poffir
503 2433 518 2460 ἃ
529 2435 623 2460 civibus
631 2436 698 2461 vobu·
709 2453 716 2466 ‚
734 2435 840 2462 hodiemo
850 2435 960 2467 dieprov.
969 2432 1036 2467 dua]
1058 2432 1148 2460 Resti-

192 2473 230 2498 tui
243 2470 367 2497 editionis
397 2471 470 2496 rimae
482 2469 636 2506 scripturam
649 2490 657 2503 ‚
674 2480 730 2507 quae
741 2471 768 2497 &
780 2470 887 2498 extabat
897 2471 922 2496 in
936 2470 1059 2505 Hittorp.
1070 2469 1148 2496 Fabr.

191 2506 296 2533 Urci-d.
315 2480 519 2542 :illatarumque
539 2506 606 2532 Pau.
625 2506 652 2533 in
672 2507 767 2543 quibus
781 2506 796 2533 ῐι
806 2508 881 2533 vobis.
902 2505 1001 2533 scilicet
1011 2512 1148 2532 exaratum

191 2543 244 2572 fuit
255 2543 378 2578 primitus
391 2562 399 2575 ,
410 2545 507 2568 civibus.
529 2543 636 2578 vulgata
646 2552 653 2574 3
670 2546 735 2578 poffit
746 2564 753 2576 ‚
764 2545 831 2570 vohis
840 2543 955 2570 hodierno.

232 2588 257 2612 5.
277 2580 362 2604 Ceteris
381 2581 441 2605 enim
458 2580 513 2604 bene
525 2581 591 2612 geste
602 2598 610 2611 ‚
627 2581 685 2606 mihi
701 2583 745 2606 uni
752 2580 889 2613 confirmata
898 2578 973 2612 reip]
994 2575 1148 2612 Abjecimus

189 2615 276 2676 {eumer
291 2633 299 2645 ,
320 2613 388 2640 suasu
411 2615 484 2641 Hitt.
503 2615 530 2640 ὃ(
543 2614 647 2641 chrd.
659 2616 686 2642 &
697 2615 753 2642 fcrt·
764 2623 819 2642 erat
830 2622 859 2642 ut
870 2614 952 2642 adhuc
963 2612 1150 2641 admisissemus

205 2652 336 2676 cetioncm
348 2650 461 2684 ejusdem
475 2651 547 2677 Hitt.
559 2658 588 2678 ut
599 2652 627 2677 St
638 2652 716 2679 Fabr.
735 2654 788 2679 bene
794 2653 858 2686 gesta
869 2671 877 2684 ,
896 2652 954 2677 mihi
962 2652 1004 2676 um'
1014 2650 1151 2683 conservata

192 2693 241 2718 rep.
273 2685 423 2713 uomodo&
435 2687 497 2714 :lias
507 2687 562 2724 legi
573 2707 581 2722 ,
599 2695 756 2717 annotatum
773 2687 807 2717 ad
825 2686 943 2717 1’al.sec.
963 2686 990 2713 &
1002 2685 1148 2714 ficlocutus

193 2696 327 2752 fuit‘libro
336 2721 479 2759 superiore.

1875 2049 1944 2097 M.
1981 2048 2150 2095 TUL-

1229 2150 1258 2176 6.
1277 2154 1342 2178 (Am
1351 2153 1435 2183 recepti
1445 2169 1452 2181 ,
1463 2151 1579 2184 beneficio,
1589 2149 1654 2183 ὅγε]
1674 2147 1793 2176 Additur
1803 2149 1835 2175 ad
1845 2158 1918 2176 oram
1929 2149 2023 2175 Lamb.
2034 2147 2077 2175 ed.
2087 2148 2152 2175 alias

1194 2185 1247 2221 legi
1258 2185 1284 2212 in
1298 2186 1341 2212 vul
1362 2195 1390 2221 g.
1404 2193 1447 2211 aut
1457 2189 1541 2218 recepti
1558 2188 1585 2211 in
1603 2188 1753 2217 amIcitiam3
1771 2185 1872 2221 inepte.
1891 2191 1986 2212 notum
1996 2184 2083 2211 velex
2093 2185 2148 2212 Te-

1194 2221 1281 2248 rentio
1292 2222 1336 2257 qui
1367 2221 1398 2248 lit
1410 2240 1417 2252 ‚
1438 2224 1546 2253 recipere.

1228 2264 1256 2290 7.
1275 2261 1323 2283 Pro
1331 2258 1366 2283 his
1375 2260 1448 2292 igitur
1456 2256 1587 2290 omnibus]
1607 2255 1678 2283 lllud
1687 2258 1770 2290 'gisum
1781 2261 1912 2282 mutatum
1922 2255 1950 2282 in
1961 2255 2035 2283 Hitt.
2045 2254 2072 2282 in
2083 2262 2132 2290 ergo
2140 2265 2149 2282 .·

1194 2291 1306 2319 faciebat
1316 2293 1377 2319 inde
1387 2292 1548 2318 Gulielmius
1560 2302 1604 2326 ega.

1229 2327 1256 2353 8.
1275 2329 1324 2360 Qi
1332 2329 1377 2354 haec
1385 2330 1463 2353 omnia
1465 2327 1577 2360 ficosilm
1582 2327 1710 2360 pericula]
1733 2326 1844 2352 Erfurd.
1855 2326 1930 2353 Hitt.
1940 2326 2046 2353 Uverd.
2057 2327 2149 2361 fisos·-

1190 2365 1355 2396 limpmculo.
1376 2363 1460 2390 nihilo
1477 2362 1594 2389 deterius
1616 2362 1734 2398 vulgato.
1753 2362 1811 2390 Pali
1830 2372 1871 2399 pr.
1891 2362 1997 2390 videtur
2016 2362 2096 2389 malle
2107 2363 2152 2396 sui

1183 2400 1367 2432 Jblimpericulo
1378 2419 1387 2431 ,
1406 2398 1476 2435 quod
1487 2400 1565 2425 etiam
1578 2408 1629 2425 nou
1642 2398 1751 2424 malum.

1236 2443 1267 2470 9.
1295 2438 1328 2461 De
1346 2437 1397 2461 aris
1414 2444 1444 2460 ac
1454 2435 1547 2469 socia]
1579 2435 1633 2461 Has
1661 2442 1776 2470 quatuor
1791 2433 1897 2460 voculas
1918 2433 2031 2460 omisere
2049 2433 2149 2461 editio-

1192 2479 1237 2532 „cess
1258 2469 1437 2498 Lainbinianae
1460 2490 1468 2503 ,
1496 2479 1553 2507 quae
1572 2478 1659 2498 tamen
1678 2470 1705 2496 in
1724 2470 1797 2497 omni
1817 2469 1912 2507 scripta
1934 2469 2051 2497 lec'rione
2068 2475 2148 2507 atque

1193 2515 1206 2533 e
1226 2513 1274 2533 lta.

1232 2552 1276 2569 ιο.
1295 2543 1390 2569 Habetis
1407 2545 1467 2569 enim
1485 2541 1619 2576 consulem]
1649 2541 1741 2570 Editio
1757 2542 1877 2579 princeps
1890 2561 1899 2571 ,
1919 2542 2015 2568 Habetis
2027 2533 2148 2572 e⁵nimemn

1193 2587 1231 2604 con
1243 2581 1312 2605 ulem.
1335 2579 1414 2607 nostri
1425 2579 1512 2616 scripti
1531 2579 1651 2616 plerique
1663 2588 1669 2606 :
1691 2580 1786 2605 Habem
1796 2588 1846 2604 eum
1857 2598 1865 2610 ‚
1884 2578 1936 2605 sine
1945 2578 1994 2606 illo
2003 2581 2074 2605 enim.
2092 2587 2147 2607 non

1193 2615 1271 2642 male.

1233 2660 1242 2678 ι
1252 2661 1274 2678 1.
1293 2651 1483 2685 Etperftipfitm
1491 2652 1598 2684 sir-<Uare
1607 2651 1696 2685 ptaffin]
1717 2650 1760 2677 Sic
1770 2650 1837 2676 Pall.
1850 2650 1877 2676 δε
1888 2648 1949 2677 edd.
1960 2656 2027 2676 vett.
2037 2648 2079 2676 sed
2090 2651 2146 2676 Co-

1195 2686 1250 2750 Ιᾳιί.
1258 2689 1367 2720 praestarc
1375 2688 1529 2723 quoadpqffir,
1540 2686 1611 2724 quod
1620 2687 1765 2724 genuinum
1776 2686 1855 2715 habet
1863 2685 2025 2715 Gulielmius
2037 2695 2046 2719 5
2057 2686 2086 2714 &
2096 2684 2148 2714 effi:

1197 2731 1231 2750 vn
1242 2731 1312 2751 etur.

2165 1034 2203 1062 11
