2302 3353
622 163 714 194 DE

117 223 432 269 ‘adhibeiequamdam
443 226 476 256 in
485 223 614 256 dicendo
625 224 755 264 speciem
767 243 776 256 ,
797 230 885 263 atque
895 230 1041 262 pompam
1052 225 1086 255 ὃς

120 280 218 315 pugna
221 270 343 311 similem
344 269 452 309 fugam
461 279 472 295 .·
494 265 652 297 consistere
661 264 777 296 veroin
789 270 860 294 meo
870 264 1022 309 praesidio3
1047 264 1085 296 sic

121 301 164 342 ut¹
173 322 235 342 non
253 310 390 352 fugiendi
409 308 504 340 hostis
515 329 524 343 ,
543 308 593 338 sed
607 306 744 348 capiendi
755 306 815 336 loci
825 306 909 335 causa
919 303 1027 335 ceffifie
1038 309 1084 335 vi-

121 353 198 384 dear.
228 352 363 382 Asterum
381 351 424 382 est
433 350 509 381 illud
519 370 527 385 ‚
549 350 631 391 quod
642 359 698 389 ego
708 350 816 379 oratori
828 347 964 377 maxime
975 355 1083 377 caven-

118 394 243 428 dum‚&
251 392 473 434 providendum
504 400 568 426 uto,
579 391 720 433 quodque
731 398 779 419 me
790 389 947 420 sollicitare
960 388 1081 419 summe

118 435 212 466 solet:
230 445 296 465 non
305 444 366 465 tam
378 443 410 466 ut
419 444 474 475 pro
486 444 530 464 im
539 432 629 464 causis
639 453 648 467 ,
668 432 818 462 elaborare
829 431 912 461 soleo
925 449 933 464 ,
943 429 1035 471 quam
1049 438 1082 460 ut

120 476 224 518 nequid
230 475 314 518 obsim
323 487 334 504 .·
353 487 418 507 non
434 480 509 518 quin
524 474 706 506 enitendum
727 472 760 503 fit
770 475 803 502 in
814 481 955 513 utroque:
980 471 1029 501 sed
1039 480 1083 501 ta-

122 529 196 549 men
213 521 339 549 Mnmo
356 518 399 549 est
418 520 532 559 turpius
550 518 660 548 oratori
672 535 680 549 ,
711 512 846 545 nocuisse
864 514 960 544 videri
977 521 1029 544 cau
1034 513 1080 547 sae,

121 560 212 602 quam
223 570 286 590 non
295 558 450 601 profuisse.
471 559 527 590 Sed
538 559 611 600 quid
621 560 680 589 hoc
690 558 758 587 loco
768 566 823 586 vos
837 558 915 586 inter
923 557 1082 604 vos‚(Jatu-

115 603 149 633 le
162 605 172 631 ?
191 603 313 636 anhaec‚
325 611 358 632 ut
368 603 436 632 sunt
445 600 676 634 contemnenda,
689 599 887 630 contemnitis
900 600 911 626 ?
932 599 1079 630 Minime,

120 646 219 685 inquit
236 644 287 674 ille
299 655 305 673 ε
327 644 375 674 sed
393 645 489 674 Caesar
497 643 533 674 de
543 642 599 673 isto
608 643 674 682 ipso
683 640 827 681 quiddam
837 639 917 669 velle
927 638 1025 685 dicere
1034 640 1082 667 vi—

119 685 252 716 debatur.
276 688 328 716 Me
337 684 411 716 veib
420 685 542 716 lubente
553 705 562 718 ‚
575 685 673 724 inquit
682 683 835 712 Antonius
846 699 855 714 ‚
869 679 982 710 dixerit
991 700 999 713 ,
1022 678 1080 710 sive

119 726 279 758 refellendi
288 728 370 758 causa
381 747 389 761 ,
401 726 460 758 five
469 725 629 767 quaerendi.
652 724 843 765 TumJulius
853 742 861 755 ,
886 724 950 763 Ego
961 723 1082 751 meher—

120 770 199 803 cule,
210 771 318 810 inquit,
330 771 456 803 Antoni,
467 770 581 807 semper
590 768 615 796 is
624 766 736 806 fui,qui
746 765 783 795 de
794 773 822 794 te
832 772 946 810 oratore
958 762 996 794 fic
1005 772 1081 803 prae—

115 810 263 844 dicarem,
274 821 370 843 unum
383 819 411 841 te
420 812 454 840 in
464 808 592 840 dicendo
602 808 680 838 mihi
689 806 786 837 videri
794 804 975 844 restiffimum
984 815 994 832 .·
1008 814 1081 851 pro-

118 854 282 893 priumque
299 854 358 883 hoc
376 849 433 882 esse
452 851 546 881 laudis
557 859 614 880 tuae
624 870 632 884 ‚
657 849 734 879 nihil
744 847 760 878 ὲ
771 856 799 878 te
811 856 957 887 umquam
969 846 1081 876 essedi-

121 893 218 928 etum,
230 894 310 935 quod
321 891 433 923 obeffet
440 894 477 926 ei,
488 902 542 932 pro
553 902 613 933 quo
623 890 735 921 diceres
747 901 752 918 z
775 889 866 931 idque
877 891 1026 918 memoria
1038 897 1080 918 te-

119 945 192 969 neo,
202 935 272 966 cum
284 935 359 965 mihi
369 935 466 965 sermo
477 943 547 964 cum
557 935 615 964 hoc
625 933 689 972 ipso
700 930 799 962 Craffo
810 950 818 965 ‚
838 931 942 960 multis
953 930 1079 960 audien—

121 977 212 1010 tibus,
224 975 294 1006 esset
304 976 341 1006 de
350 983 379 1005 te
390 975 541 1006 institutus
551 996 559 1009 ‚
573 974 744 1015 Crassusque
753 974 893 1013 plurimis
902 972 1002 1002 verbis
1012 972 1079 1002 elo—

119 1020 274 1058 quentiam
286 1017 414 1048 laudaret
423 1026 503 1048 tuam
515 1037 523 1052 ,
540 1016 648 1047 dixisse
658 1026 708 1046 me
718 1036 726 1048 .
748 1024 819 1045 cum
831 1016 935 1044 ceteris
946 1016 1005 1044 tuis
1014 1015 1079 1044 lau-

118 1059 206 1090 dibus
214 1060 289 1089 hanc
297 1058 355 1089 effe
364 1060 413 1089 vel
422 1061 586 1090 maximam
598 1079 606 1092 ,
628 1057 709 1099 quod
720 1067 785 1087 non
795 1056 897 1086 solum
907 1055 988 1096 quod
1001 1064 1076 1096 opus

118 1099 206 1135 esset,
219 1101 330 1131 diceres
340 1120 349 1134 ‚
362 1100 410 1131 sed
420 1103 509 1131 etiam
520 1100 602 1142 quod
612 1109 676 1130 non
687 1109 762 1140 opus
773 1097 843 1128 ess‘et
856 1119 864 1132 ,
876 1107 941 1128 non
952 1097 1075 1127 diceres.

117 1145 203 1173 Turn
212 1143 302 1172 illum
313 1143 391 1173 mihi
399 1143 578 1183 respondere
589 1144 719 1172 memini
731 1152 736 1170 :
756 1149 852 1171 cerem
869 1142 902 1170 in
917 1148 945 1170 te
956 1140 1076 1169 summe

117 1182 176 1215 efl'e
187 1184 340 1218 laudanda,
351 1184 428 1215 illud
438 1184 509 1215 verb
519 1183 637 1226 impmbi
645 1182 702 1214 esse
712 1184 859 1216 hominis,
871 1182 904 1212 &
913 1179 1074 1222 perfidiosi,

117 1226 215 1256 dicere
224 1226 306 1267 quod
315 1227 448 1256 alienum
459 1225 532 1257 esset
540 1246 549 1260 ,
574 1226 607 1256 δε
616 1233 737 1256 noceret
745 1226 773 1254 ei
785 1244 793 1258 ‚
817 1234 871 1264 pro
883 1233 943 1264 quo
952 1224 1076 1264 quisque

94 1267 240 1308 4diceret.
261 1277 350 1309 quare
365 1278 430 1298 non
449 1267 503 1299 fibi
513 1278 584 1298 eum
594 1268 736 1298 disertum
747 1286 756 1299 ‚
774 1269 828 1307 qui
840 1265 870 1296 id
881 1275 945 1295 non
955 1268 1074 1297 taceret,

117 1309 232 1343 videri,
253 1309 302 1340 sed
313 1310 488 1350 improbum
501 1331 510 1344 ,
523 1311 575 1351 qui
584 1309 699 1340 faceret.
723 1311 815 1338 Nunc
824 1328 834 1341 ‚
848 1305 869 1336 si
879 1307 935 1337 tibi
946 1306 1074 1340 videtur,

118 1352 245 1385 Antoni,
264 1350 450 1382 demonstres
469 1352 564 1382 velim
575 1372 584 1385 ,
605 1361 691 1393 quare
703 1359 735 1381 tu
746 1350 804 1379 hoc
815 1351 855 1379 ita
864 1356 1010 1389 magnum
1019 1357 1076 1394 pu·-

120 1402 173 1426 tes,
184 1393 263 1423 nihil
272 1395 305 1423 in
316 1393 399 1424 causa
409 1393 481 1423 mali
493 1392 600 1426 facere,
613 1402 646 1423 ut
654 1392 733 1422 nihil
743 1391 798 1422 tibi
808 1393 842 1421 in
853 1399 967 1421 oratore
978 1400 1036 1430 maj
1042 1399 1075 1419 us

60 1434 105 1468 74
118 1432 176 1466 effe
184 1434 328 1465 videatur.
359 1436 468 1465 Dicam
478 1434 620 1477 equidem
630 1455 638 1468 ,
652 1435 747 1465 Caesar
754 1453 763 1468 ,
775 1434 875 1474 inquit
884 1452 893 1466 ,
904 1431 975 1473 quid
985 1432 1076 1461 intel-

112 1477 213 1518 ligam.
239 1476 289 1508 sed
301 1476 333 1506 &
342 1484 374 1507 tu
384 1497 392 1510 ‚
414 1477 447 1507 &
456 1486 510 1507 vos
520 1486 627 1507 omnes
637 1477 695 1507 hoc
705 1496 713 1510 ,
734 1474 834 1516 inq‘uit
843 1494 852 1508 ,
876 1481 1074 1506 mementote,

117 1528 241 1549 nonme
251 1518 288 1548 de
297 1517 422 1559 perfe&i
432 1520 556 1549 oratoris
575 1518 733 1549 divinitate
749 1516 879 1558 quadam
899 1517 1002 1557 loqui,
1024 1515 1074 1545 sed

117 1559 155 1590 de
173 1562 396 1591 exercitationis
407 1581 416 1594 ,
447 1561 480 1591 &
507 1560 735 1591 consuetudinis
756 1569 834 1589 meae
852 1558 1073 1588 mediocritate.

112 1600 206 1632 Craffi
215 1601 340 1644 quidem
349 1602 534 1643 responsum,
545 1602 719 1633 excellentis
729 1600 882 1641 cujusdam
894 1599 937 1629 est
946 1600 1072 1641 ingenii,

113 1650 148 1674 ‘ac
158 1642 308 1685 singularis
319 1654 325 1673 z
344 1645 394 1674 cui
411 1643 556 1686 quiddam
573 1646 705 1684 portenti
723 1642 820 1673 simile
837 1640 896 1672 effe
909 1642 1010 1672 visum
1021 1640 1074 1674 est,

115 1683 200 1726 posse
207 1686 338 1726 aliquem
349 1687 480 1716 inveniri
490 1695 638 1716 oratorem
649 1706 657 1719 ,
677 1687 730 1727 qui
751 1683 864 1725 aliquid
885 1683 957 1713 mali
966 1682 1076 1713 faceret

116 1726 259 1760 dicendo,
271 1725 441 1769 obessetque
451 1729 489 1761 ei,
500 1737 592 1769 quem
602 1727 784 1758 defenderet.
814 1727 894 1756 Facit
901 1726 987 1755 enim
996 1724 1033 1754 de
1043 1724 1072 1754 se

117 1768 321 1808 conjedkuram
333 1779 339 1798 t
360 1772 444 1809 cujus
453 1779 532 1800 tanta
540 1771 585 1800 vis
595 1771 712 1810 ingenii
721 1767 765 1799 est
775 1789 783 1802 ‚
795 1777 829 1798 ut
837 1769 1008 1800 neminem,
1019 1763 1075 1795 nisi

115 1810 447 1852 consulto,putet,quod
457 1820 560 1842 contra
570 1811 700 1851 seipsum
711 1809 755 1845 sit,
765 1810 872 1841 dicere.
884 1809 933 1839 sed
942 1818 997 1850 ego
1008 1817 1073 1838 non

112 1851 152 1883 >de
161 1852 308 1893 praestanti
317 1853 443 1894 quadarn
454 1873 462 1887 ,
484 1854 517 1884 &s
526 1855 641 1883 eximia
649 1872 657 1887 ,
677 1853 726 1883 sed
736 1852 828 1892 prope
840 1851 877 1881 de
887 1851 1018 1892 vulgari,
1039 1848 1073 1880 &

113 1896 277 1925 communi
287 1894 442 1934 prudentia
450 1895 579 1935 disputo.
602 1895 646 1925 Ut
653 1894 730 1934 apud
740 1895 859 1925 Graecos
868 1893 963 1923 fertur
970 1893 1071 1922 incre-

115 1935 206 1966 dibili
214 1936 342 1976 quadam
360 1937 568 1978 magnitudine
580 1935 697 1966 consilii
706 1956 714 1969 ,
739 1945 826 1976 atque
844 1936 960 1976 ingenii
977 1934 1072 1963 Athe-

117 1974 228 2007 niensis
244 1977 297 2006 ille
316 1976 403 2007 fuiffe
423 1976 661 2008 Themistocles:
682 1977 718 2007 ad
727 1987 821 2017 quem
830 1976 954 2017 quidam
964 1974 1071 2005 dodius

118 2019 225 2051 homo,
235 2027 319 2059 atque
330 2020 362 2048 in
372 2020 478 2058 primis
487 2019 619 2049 eruditus
630 2016 771 2048 acceffiffe
780 2018 890 2047 dicitur
898 2037 908 2051 ,
927 2019 1014 2056 eique
1024 2025 1072 2043 ar-

116 2066 174 2088 tem
192 2060 326 2089 memoria
336 2079 344 2093 ‚
365 2069 430 2100 quae
442 2070 506 2090 tum
513 2059 650 2100 primum
660 2058 880 2099 proferebatur,
898 2059 1071 2098 pollicitum

115 2100 175 2131 effe
186 2101 214 2131 se
223 2101 409 2131 traditurum.
429 2099 501 2131 cum
511 2102 563 2131 ille
593 2100 725 2135 uaesissct,
736 2100 881 2141 quidnam
892 2100 941 2129 illa
951 2109 994 2129 ars
1004 2097 1070 2128 effi-

113 2152 180 2174 cere
190 2141 293 2183 posset,
303 2141 411 2172 dixisse
420 2143 510 2172 illum
521 2112 679 2173 dogorem
691 2163 699 2176 ,
711 2152 744 2172 ut
752 2144 857 2172 omnia
867 2138 1054 2170 meminisset
1065 2150 1070 2169 :

116 2185 151 2214 &
161 2186 188 2214 ei
199 2183 438 2214 Themistoclem
449 2182 630 2225 respondisse
641 2205 649 2218 ‚
670 2185 780 2225 gratius
798 2182 850 2212 sibi
861 2183 949 2212 illum
961 2180 1017 2211 esse
1026 2180 1072 2211 fa—

118 2226 236 2256 &urum
248 2247 256 2259 ,
276 2224 297 2255 fi
309 2226 335 2256 se
345 2224 473 2266 oblivifti
482 2237 541 2267 quae
549 2226 631 2255 vellet
641 2247 651 2259 ,
671 2224 761 2267 quam
772 2223 792 2254 si
803 2222 974 2254 meminisse
985 2243 994 2257 ‚
1014 2222 1070 2252 do-

111 2266 228 2299 'cuisset.
241 2267 382 2301 Videsne,
392 2277 457 2308 quae
467 2270 555 2298 visin
565 2269 691 2298 homine
701 2268 838 2298 acerrimi
848 2264 1068 2306 ingenii‚quam

115 2319 223 2351 poteris
233 2330 242 2343 ,
262 2309 295 2339 &
305 2319 412 2350 quanta
421 2318 509 2339 mens
517 2309 628 2340 fuerit?
644 2311 696 2350 qui
706 2312 746 2339 ita
755 2319 784 2339 re
790 2309 806 2338 s
799 2306 958 2349 ponderit‘,
979 2315 1012 2336 ut
1020 2309 1070 2353 in—

114 2352 245 2393 telligere
253 2350 407 2391 possemus
416 2371 426 2385 ‚
438 2351 516 2381 nihil
525 2360 564 2382 ex
574 2352 657 2381 illius
667 2353 772 2381 animo
781 2371 789 2383 ‚
803 2349 885 2391 quod
896 2347 1070 2393 semeieflet

117 2393 262 2426 infusum,
274 2403 419 2434 umquam
430 2392 549 2423 effluere
558 2392 689 2434 potuiffe
700 2404 705 2422 :
725 2392 796 2422 cum
807 2391 931 2432 quidem
942 2393 969 2420 ei
978 2392 1071 2420 ruerit

115 2435 274 2475 optabilius
294 2434 431 2465 oblivisci
449 2433 531 2475 pofl'e
549 2437 651 2475 potius
661 2455 670 2468 ,
689 2434 770 2475 quod
781 2432 954 2464 meminisse
962 2432 1070 2465 nollet,

117 2476 207 2517 quam
216 2476 296 2518 quod
306 2477 397 2506 semel
406 2475 540 2510 audiffet,
551 2475 718 2510 vidissetve,
731 2473 914 2506 meminisse.
945 2473 1001 2505 Sed
1012 2483 1067 2503 ne-

115 2528 174 2559 que
182 2528 299 2558 propter
308 2519 365 2548 hoc
375 2517 591 2549 Themistoclis
601 2519 777 2558 responsum
789 2538 797 2550 ,
810 2518 967 2547 memoriae
980 2515 1069 2545 nobis

117 2569 204 2600 opera
212 2559 307 2590 danda
316 2569 380 2590 non
391 2559 434 2590 est
446 2581 454 2593 ,
466 2570 563 2601 neque
574 2560 625 2590 illa
635 2570 703 2590 mea
711 2561 809 2590 cautio
822 2579 830 2592 ‚
844 2558 1027 2589 &timiditas
1038 2559 1070 2587 in

116 2600 205 2636 causis
215 2622 224 2635 ‚
243 2610 360 2642 propter
376 2601 562 2642 praestantem
577 2601 768 2642 prudentiam
790 2598 879 2631 Crassi
895 2599 1073 2641 negligenda

115 2642 168 2673 est.
200 2646 331 2684 Uterque
348 2646 432 2673 enirn
442 2643 569 2674 istorum
579 2653 645 2673 non
655 2643 840 2673 mihiattulit
848 2643 977 2682 aliquam
989 2661 997 2673 ,
1021 2640 1070 2670 sed

118 2685 200 2715 suam
209 2683 571 2726 fignificavitfacuitarem,
595 2687 717 2716 Etenim
727 2685 876 2725 permulta
884 2684 993 2714 suntin
1002 2692 1071 2712 cau-

118 2724 167 2759 sis,
179 2729 211 2756 in
220 2729 306 2757 omni
315 2736 393 2767 parte
403 2729 547 2757 orationis
556 2725 824 2767 circumspicienda
832 2745 841 2759 ‚
863 2724 975 2766 nequid
987 2724 1072 2765 offen-

115 2768 177 2801 das,
191 2778 228 2798 ne
236 2778 296 2809 quo
305 2771 404 2798 irruas.
422 2772 503 2809 Saepe
511 2769 619 2810 aliquis
630 2768 711 2799 testis
719 2777 769 2798 aut
777 2777 841 2798 non
851 2767 942 2800 laedit,
951 2776 1002 2797 aut
1011 2767 1071 2795 mi-

120 2819 175 2840 nus
185 2809 274 2843 laedit,
287 2808 343 2840 nifi
352 2808 518 2841 lacessatur:
539 2819 601 2840 orat
609 2820 685 2844 reuS,
698 2818 805 2851 urgent
813 2809 949 2839 advocati
961 2829 970 2842 ,
981 2809 1069 2837 utin-

118 2852 270 2885 vehamur‚
281 2861 314 2882 ut
324 2851 402 2882 male
411 2851 558 2886 dicamus,
569 2851 699 2892 denique
709 2860 742 2882 ut
751 2854 982 2892 interrogemus.
1006 2858 1070 2879 non

119 2902 254 2927 moveor,
266 2903 329 2923 non
338 2892 526 2934 obtempero,
536 2904 602 2924 non
611 2892 767 2927 satisfacio,
780 2897 791 2912 ¹
804 2902 902 2934 neque
913 2902 1014 2923 tamen
1025 2891 1071 2920 ul-

118 2933 178 2974 lam
196 2933 328 2975 assequor
344 2934 473 2965 Laudem.
515 2938 677 2967 Homnms
698 2937 784 2965 enim
803 2936 936 2975 imperiti
952 2933 1071 2964 facilius

118 2975 199 3015 quod
210 2974 296 3006 stulte
306 2976 428 3010 dixeris,
438 2977 664 3017 reprehendere,
673 2976 776 3018 quam,
785 2976 867 3017 quod
876 2976 1021 3016 sapienter
1028 2984 1070 3005 ta—

117 3018 212 3046 cueris
222 3037 230 3051 ‚
249 3017 365 3049 laudare
380 3017 511 3058 possunt.
543 3021 604 3050 Hic
613 3027 760 3060 quantum
770 3017 803 3049 fit
814 3019 887 3049 mali
897 3037 906 3052 ,
915 3016 939 3048 si
947 3019 1068 3051 iratum,

63 563 103 597 73

159 3136 169 3154 ¹
177 3149 183 3155 .
202 3133 280 3165 Neque
288 3138 366 3157 tamen
374 3134 445 3158 ullam
453 3134 565 3169 adsequor
574 3135 690 3170 laudem]
707 3136 773 3161 Tres
784 3134 852 3161 Pau.
863 3141 917 3161 tres
927 3134 1073 3164 Gallicani,

122 3165 218 3192 willam.
238 3166 322 3195 haerco
333 3175 421 3196 utrum
432 3169 580 3207 praeferam.
600 3172 683 3205 Supra
692 3171 772 3200 etiam
783 3170 856 3199 Pith.
864 3171 893 3198 ὃ(
905 3170 962 3199 Pal.
971 3179 1014 3206 pi·-
1024 3170 1074 3198 sec.

790 149 1231 198 ORAroni:

1310 152 1352 198 L
1386 164 1405 198 1
1440 166 1481 196 13.
1528 149 1591 196 11.
1990 140 2083 210 v107

1124 223 1145 254 si
1156 233 1220 256 non
1231 226 1368 261 stultum,
1381 226 1401 257 si
1411 215 1476 258 ‘non
1485 226 1586 257 levem
1595 223 1819 257 testem‘laeseris
1830 228 1841 257 ?
1858 225 1946 259 habet
1956 230 2039 259 enim
2050 229 2085 260 &2

1123 267 1313 299 voluntatem
1332 269 1464 300 nocendi
1483 271 1515 299 in
1536 267 1687 299 iiacundia
1696 287 1704 301 ,
1724 267 1757 298 δε
1765 271 1830 299 vim
1840 271 1874 299 in
1885 271 2009 311 ingenio
2019 291 2028 304 ,
2049 271 2082 301 &

1121 308 1241 347 pondus
1261 312 1294 340 in
1309 313 1388 341 vita:
1409 321 1465 341 nec
1475 331 1483 345 ‚
1505 309 1525 341 si
1537 311 1595 340 hoc
1603 308 1719 340 Crassus
1731 318 1796 341 non
1806 314 1992 346 committit,
2013 311 2083 342 ideo

1122 357 1187 378 non
1197 351 1303 384 multi,
1326 351 1360 382 ὃ(
1372 353 1445 393 saepe
1455 354 1656 383 committunt
1667 362 1673 381 ε
1690 360 1751 393 quo
1761 352 1887 393 quidem
1898 355 1976 383 mihi
1987 354 2084 384 videri

1122 391 1236 429 turpius
1248 393 1326 421 nihil
1337 394 1411 424 solet
1422 415 1430 427 ‚
1442 394 1534 435 quam
1543 393 1615 424 cum
1624 402 1664 424 ex
1673 397 1798 424 oratoris
1808 394 1891 425 dieto
1900 395 2002 436 aliquo
2013 416 2021 430 ‚
2032 404 2082 426 aut

1121 431 1273 470 responso,
1285 441 1334 462 aut
1344 442 1457 475 rogatu,
1469 437 1566 466 sermo
1576 436 1628 465 ille
1637 436 1780 476 sequitur,
1792 434 1903 466 Occidit
1911 438 1966 470 ille,
1979 437 2083 468 adver-

1121 471 1271 502 sariumne
1284 476 1294 501 ?
1307 473 1405 504 immo
1416 477 1487 506 vei-o
1498 478 1601 515 ajunt,
1622 478 1650 507 se
1662 497 1670 511 ‚
1684 477 1718 507 Sc
1727 486 1799 507 eum
1812 498 1820 511 ‚
1831 487 1923 519 quem
1932 478 2078 510 defendit.

1123 516 1193 544 Hoc
1202 513 1317 544 Crassiis
1327 524 1390 545 non
1400 525 1481 555 putat
1491 517 1545 548 nisi
1556 517 1678 558 perfidia
1693 519 1824 549 accidere
1842 519 1939 560 posse,
1965 530 2021 563 ego
2030 531 2082 552 au-

1122 563 1185 585 tem
1204 554 1360 596 saepissime
1377 558 1467 587 video
1485 560 1517 588 in
1527 558 1618 589 causis
1628 560 1741 601 aliquid
1753 561 1825 591 mali
1835 562 1929 593 facere
1940 563 2084 594 homines

1121 599 1253 627 minime
1265 599 1372 628 malos.
1395 599 1477 640 Qid
1487 600 1561 630 illud
1574 621 1582 634 ‚
1593 601 1674 642 quod
1686 602 1768 641 supra
1779 602 1842 633 dixi
1856 624 1864 636 .
1877 605 1970 635 solere
1980 615 2031 635 me
2041 615 2083 634 cc-

1121 638 1180 668 dere
1191 658 1199 672 ,
1222 640 1255 669 &
1265 660 1274 673 ,
1293 649 1327 669 ut
1335 641 1453 680 planius
1462 640 1561 672 dicam
1575 662 1582 674 .
1602 642 1704 683 fugere
1713 654 1746 674 ea
1756 664 1763 677 ,
1792 654 1858 686 quae
1870 646 1955 676 valde
1965 647 2082 677 causam

1120 689 1220 710 meam
1239 685 1432 721 premerent?
1448 681 1521 712 cum
1542 683 1572 712 id
1586 693 1650 713 non
1660 684 1773 716 faciunt
1781 688 1831 717 alii
1843 708 1850 720 ,
1870 688 2082 730 versanturque

1118 724 1151 752 in
1162 721 1296 753 hostium
1305 722 1415 758 castris,
1429 734 1462 754 ac
1471 724 1521 754 sua
1528 723 1659 764 praesidia
1669 726 1838 761 dimittunt,
1851 729 2082 760 mediocriterne

1119 763 1209 794 causis
1229 774 1341 796 nocent
1350 786 1359 799 ,
1379 765 1451 796 curn
1471 774 1519 796 aut
1539 765 1772 798 adversariorum
1786 770 1959 809 adjumenta
1969 770 2082 802 confir-

1120 813 1214 840 mant,
1225 815 1275 837 aut
1283 817 1328 840 ea,
1339 817 1404 848 quae
1414 808 1513 838 sanare
1522 811 1864 849 nequeunt‚exulcerant
1875 815 1884 841 ?
1895 814 1976 854 Qid
1988 816 1999 842 ?
2009 812 2082 844 cum

1117 848 1323 887 personarum,
1336 857 1408 890 quas
1419 849 1598 883 defendunt,
1610 851 1759 881 rationem
1770 861 1833 881 non
1845 854 1953 884 habent
1964 857 1973 883 ?
1985 854 2005 884 fi
2016 865 2082 896 qua:

1120 890 1231 920 suntin
1240 891 1287 920 his
1297 890 1446 921 invidiosa
1456 912 1464 924 .
1488 901 1552 921 non
1563 894 1705 932 mitigant
1713 895 1906 924 extenuando
1918 916 1925 928 .
1950 896 1998 926 sed
2019 898 2081 926 lau—

1117 930 1217 961 dando
1239 933 1273 962 Sc
1291 931 1444 963 efferendo
1458 954 1465 966 .
1484 932 1678 963 invidiosiora
1691 933 1805 965 faciunt
1817 946 1822 963 1
1840 946 1986 976 quantum
1999 939 2031 968 in
2042 946 2080 968 eo

1118 973 1240 1003 tandem
1249 975 1321 1004 mali
1333 976 1343 1003 ?
1363 974 1444 1016 Qid
1456 977 1466 1004 ?
1476 973 1496 1004 si
1507 977 1539 1004 in
1550 976 1692 1005 homines
1703 985 1784 1006 caros
1795 997 1802 1009 ,
1811 977 2021 1019 judicibusque
2030 981 2079 1018 ju-

1118 1016 1234 1045 cundos
1244 1014 1304 1046 sine
1315 1016 1374 1046 ulla
1380 1017 1590 1058 premunirione
1601 1019 1744 1047 orationis
1753 1018 1886 1048 acerbius
1896 1039 1904 1052 ,
1928 1020 1961 1049 &
1972 1030 2077 1050 contu-

1120 1055 1274 1087 meliosius
1284 1059 1425 1088 inveliaie
1438 1079 1445 1091 ,
1458 1067 1562 1089 nonne
1573 1059 1624 1089 abs
1635 1068 1663 1089 te
1669 1059 1786 1099 judices
1796 1059 1944 1090 abalienes
1957 1064 1967 1090 ?
1988 1063 2078 1104 Qid,

1119 1096 1150 1131 fi,
1165 1108 1230 1139 quae
1241 1101 1323 1134 vitia,
1336 1109 1384 1130 aut
1395 1100 1593 1131 incommoda
1602 1101 1710 1131 suntin
1719 1101 1927 1142 aliquojudice
1938 1112 2000 1133 uno
2009 1124 2019 1136 ,
2031 1114 2082 1134 aut

1117 1140 1252 1179 pluribus
1263 1161 1272 1175 ‚
1289 1152 1322 1172 ea
1332 1151 1363 1171 tu
1374 1144 1407 1172 in
1417 1142 1588 1173 adversariis
1599 1143 1810 1182 exprobrando
1820 1153 1885 1173 non
1895 1145 2042 1185 inteiligas
2054 1154 2081 1176 tc

1119 1185 1153 1211 in
1161 1182 1278 1222 judices
1288 1185 1392 1214 invehi
1402 1202 1411 1216 ,
1432 1185 1585 1214 mediocre
1595 1193 1749 1224 peccatum
1760 1184 1823 1215 est?
1843 1185 1924 1226 Qid
1936 1207 1944 1218 .
1958 1185 1978 1216 fi
1989 1207 1996 1220 ,
2009 1186 2081 1217 cum

1116 1233 1169 1263 pro
1179 1224 1271 1254 altero
1280 1225 1373 1258 dicas,
1380 1226 1465 1255 litem
1475 1234 1556 1256 tuam
1567 1225 1665 1259 facias,
1679 1235 1728 1257 aut
1737 1226 1822 1257 laesus
1831 1226 1952 1257 efferare
1962 1230 2079 1258 iracun-

1113 1266 1164 1296 dia
1173 1285 1182 1299 ,
1202 1267 1318 1297 causam
1329 1268 1478 1308 relinquas
1491 1287 1498 1302 ,
1519 1268 1636 1298 nihilne
1649 1271 1777 1298 noceas?
1800 1270 1835 1298 In
1846 1278 1908 1309 quo
1918 1279 1973 1311 ego
1985 1290 1993 1302 ,
2017 1279 2079 1300 non

1117 1306 1179 1348 quo
1191 1308 1321 1339 libenter
1331 1309 1409 1339 male
1420 1309 1541 1340 audiam
1553 1329 1560 1343 ,
1573 1310 1621 1339 sed
1631 1312 1702 1350 quia
1710 1319 1766 1351 ego
1774 1310 1892 1341 causam
1903 1320 1968 1341 non
1979 1311 2079 1342 liben-

1116 1358 1160 1379 ter
1169 1350 1321 1391 relinquo,
1333 1350 1469 1381 nimium
1479 1353 1593 1391 patiens
1604 1352 1745 1382 &lentus
1754 1351 1929 1382 existimor:
1950 1361 1993 1385 ut,
2006 1352 2077 1383 cum

1114 1398 1141 1420 te
1151 1392 1262 1430 ipsum,
1273 1393 1398 1432 Sulpici,
1411 1393 1461 1431 obj
1467 1393 1605 1434 iii-gaham
1617 1392 1719 1434 ,quod
1729 1392 1944 1429 ministratorem
1954 1402 2077 1435 peteres,

1113 1441 1178 1462 non
1188 1433 1399 1464 adverfiirium.
1427 1437 1473 1465 Ex
1482 1445 1544 1476 quo
1553 1437 1645 1466 etiam
1656 1435 1733 1465 illud
1743 1434 1878 1476 ass'equor
1889 1456 1896 1468 ,
1917 1444 1967 1470 ut,
1987 1435 2079 1477 siquis

1115 1475 1192 1505 mihi
1205 1475 1378 1510 maledicat,
1398 1477 1534 1516 petulans
1546 1497 1555 1510 ‚
1568 1486 1619 1508 aut
1628 1476 1715 1517 plane
1725 1477 1846 1508 insanus
1856 1476 1914 1507 ess'e
1926 1478 2072 1508 videatur.

1115 1519 1150 1546 In
1161 1515 1228 1557 ipsis
1238 1525 1336 1547 autem
1346 1520 1528 1559 argumentis
1538 1517 1633 1560 siquid
1644 1519 1775 1559 posueris
1784 1528 1834 1549 aut
1842 1520 1941 1559 aperte
1951 1519 2073 1553 falsum,

1113 1567 1163 1588 aut
1172 1561 1199 1588 ei
1211 1578 1219 1592 ,
1231 1559 1314 1601 quod
1326 1559 1446 1593 dixeris,
1458 1560 1628 1591 diciturusve
1639 1559 1684 1594 sis,
1694 1563 1879 1591 contrarium
1891 1581 1899 1595 ,
1910 1570 1961 1592 aut
1968 1572 2068 1603 gener<

1114 1600 1178 1640 ipso
1189 1609 1342 1631 remotum
1353 1601 1389 1631 ab
1399 1601 1452 1632 usu
1459 1602 1647 1642 judiciorum
1658 1612 1690 1632 ac
1699 1602 1768 1632 foro
1778 1622 1786 1636 ,
1807 1604 1927 1633 nihilne
1946 1613 2052 1634 noceas
2065 1607 2075 1633 ἒ

1113 1642 1197 1684 Qid
1215 1643 1332 1673 multa?
1352 1646 1454 1673 omnis
1474 1652 1544 1674 cura
1557 1653 1624 1674 mea
1633 1644 1751 1674 soletin
1761 1646 1819 1675 hoc
1828 1644 1935 1675 versari
1948 1645 2072 1685 semper,

1114 1683 1224 1723 (dicam
1235 1687 1318 1714 enim
1330 1685 1458 1726 saepius‚)
1470 1683 1490 1715 fi
1499 1684 1618 1725 poffim,
1635 1695 1668 1716 ut
1678 1686 1751 1716 boni
1761 1686 1873 1727 aliquid
1885 1685 2014 1717 efficiam
2026 1687 2073 1716 di-

1113 1725 1230 1756 cendo:
1249 1725 1292 1756 sin
1310 1727 1341 1756 id
1361 1729 1483 1761 minus,
1507 1736 1538 1757 ut
1547 1728 1626 1757 certe
1637 1728 1750 1768 nequid
1761 1729 1843 1758 mali.
1875 1731 1977 1769 Itaque
1991 1739 2074 1759 nunc
2106 1743 2109 1748 ·

1114 1767 1187 1798 illuc
1196 1768 1286 1798 redeo
1297 1788 1305 1802 ,
1318 1769 1419 1799 Catule
1432 1787 1440 1802 ‚
1454 1771 1486 1799 in
1495 1778 1556 1810 quo
1566 1778 1597 1800 tu
1609 1778 1658 1799 me
1667 1770 1770 1810 paullo
1781 1770 1848 1800 ante
1860 1769 1996 1801 laudabas
2008 1790 2015 1803 .
2037 1770 2073 1801 ad

1112 1809 1264 1843 ordinem,
1275 1811 1566 1852 collocationemque
1576 1820 1676 1841 rerum
1685 1820 1716 1842 ac
1726 1812 1874 1842 locorum.
1894 1813 1986 1852 Cujus
1995 1815 2072 1843 ratio

1113 1851 1156 1882 est
1166 1851 1280 1892 duplex
1291 1863 1297 1881 ι
1308 1853 1406 1886 altera,
1417 1863 1509 1893 quarn
1519 1852 1603 1883 affert
1612 1861 1715 1883 natura
1723 1853 1875 1884 causarum
1888 1864 1893 1882 t
1903 1855 2073 1895 altera‚quae

1112 1901 1267 1924 oratorum
1274 1894 1392 1933 judicio
1403 1895 1436 1924 δε
1445 1895 1604 1934 prudentia
1613 1903 1808 1935 comparatur.
1824 1897 1906 1925 Nam
1917 1905 1948 1926 ut
1958 1896 2071 1937 aliquid

1113 1943 1180 1966 ante
1190 1944 1256 1965 rem
1266 1935 1411 1969 dicamus,
1423 1936 1543 1969 deinde,
1557 1944 1589 1966 ut
1602 1945 1666 1966 rem
1677 1945 1874 1976 exponamus,
1887 1936 1953 1977 post
1963 1946 1995 1967 ut
2005 1947 2070 1968 eam

1113 1977 1275 2016 probemus
1286 1976 1396 2007 nostris
1414 1976 1554 2016 praefidiis
1571 1976 1787 2008 confirmandis
1799 1997 1807 2011 ,
1827 1980 1980 2008 contrariis
1991 1978 2072 2008 refu—

1113 2017 1208 2047 tandis
1218 2037 1226 2051 ‚
1238 2017 1348 2048 deinde
1359 2027 1392 2048 ut
1400 2019 1578 2048 concludam
1584 2028 1616 2048 us
1627 2038 1635 2052 ,
1654 2028 1741 2060 atque
1751 2021 1790 2049 ita
1799 2029 1974 2059 peroremus
1986 2040 1994 2054 ‚
2014 2021 2072 2050 hoc

1112 2059 1231 2090 dicendi
1240 2069 1333 2100 genus
1343 2067 1448 2089 natura
1458 2061 1518 2100 ipsa
1526 2060 1697 2100 praescribit.
1712 2062 1755 2090 Ut
1763 2060 1835 2091 vero
1846 2060 2015 2095 statuamus,
2027 2072 2071 2095 ea,

1112 2110 1178 2141 quae
1195 2101 1342 2141 probandi
1353 2121 1361 2134 ,
1385 2101 1514 2131 docendi
1527 2123 1535 2134 ,
1556 2101 1752 2141 persuadendi
1762 2102 1845 2133 causa
1854 2102 1980 2133 dicenda
1991 2104 2069 2136 sunt,

1110 2142 1370 2182 quemadmodum
1398 2142 1620 2182 componamus
1635 2155 1643 2177 3
1667 2143 1698 2173 id
1718 2142 1761 2174 cst
1778 2144 1826 2174 vel
1847 2144 1980 2174 maxime
2000 2155 2072 2185 pro-

1110 2185 1211 2223 prium
1220 2186 1346 2214 oratoris
1354 2184 1529 2224 prudentiae.
1546 2185 1644 2215 Multa
1652 2187 1737 2215 enim
1747 2188 1907 2216 occurrunt
1914 2196 2072 2226 argumen-

1111 2234 1153 2255 ta:
1167 2225 1262 2255 multa
1272 2245 1280 2259 ‚
1293 2234 1358 2267 quae
1369 2228 1401 2255 in
1412 2225 1541 2257 dicendo
1551 2225 1706 2266 profutura
1714 2226 1872 2257 videantur
1884 2238 1889 2256 ;
1903 2228 1951 2258 sed
1965 2238 2071 2260 eorum

1109 2269 1217 2307 partim
1230 2268 1355 2298 italevia
1365 2267 1449 2301 sunt,
1463 2267 1728 2299 utcontemnenda
1737 2266 1811 2299 fint:
1832 2271 1938 2309 partim
1953 2289 1961 2303 ‚
1980 2272 2072 2301 etiam

1111 2307 1206 2350 siquid
1215 2309 1326 2340 habent
1334 2309 1502 2349 adjumenti
1513 2330 1521 2344 ,
1534 2310 1602 2341 sunt
1611 2319 1847 2352 nonnumquam
1858 2311 2006 2351 ejusmodi
2017 2331 2027 2345 ‚
2039 2321 2074 2342 ut

1110 2349 1178 2381 insit
1187 2353 1220 2380 in
1230 2353 1267 2380 iis
1277 2351 1391 2392 aliquid
1400 2353 1469 2382 vitii
1482 2362 1487 2381 :
1503 2361 1601 2393 neque
1609 2354 1683 2382 tanti
1693 2351 1728 2382 fit
1737 2352 1813 2383 illud
1823 2373 1832 2387 ‚
1843 2353 1923 2393 quod
1935 2352 2071 2393 prodess'e

1110 2392 1263 2426 videatur,
1284 2402 1318 2422 ut
1333 2402 1405 2423 cum
1424 2393 1526 2435 aliquo
1545 2394 1627 2425 malo
1644 2393 1851 2435 conjungatur.
1883 2397 1958 2436 Qiae
1969 2403 2071 2425 autem

1111 2434 1179 2464 sunt
1188 2434 1283 2468 utilia,
1294 2443 1381 2475 atque
1391 2433 1487 2469 firma,
1498 2433 1519 2465 fi
1529 2444 1562 2465 ea
1571 2444 1685 2469 tamen,
1697 2436 1741 2474 (ut
1751 2436 1825 2475 saepe
1835 2434 1881 2476 fit)
1889 2435 1976 2466 valde
1987 2436 2072 2466 rnul-

1110 2485 1137 2506 ta
1148 2476 1232 2506 sunt:
1252 2486 1295 2510 ea,
1305 2487 1370 2517 quae
1383 2486 1421 2506 ex
1432 2479 1468 2507 iis
1479 2486 1530 2507 aut
1538 2475 1683 2507 Ieviffima
1693 2477 1762 2507 sunt
1772 2498 1780 2510 ,
1792 2485 1841 2507 aut
1850 2478 1917 2507 aliis
1925 2480 2072 2518 graviori·

1111 2518 1166 2547 bus
1176 2516 1355 2551 consimilia,
1367 2519 1478 2549 secerni
1487 2518 1614 2548 arbitror
1622 2527 1758 2558 oportere
1766 2539 1776 2551 ,
1789 2527 1876 2560 :itque
1886 2528 1924 2549 ex
1934 2521 2072 2550 oratione

1112 2562 1271 2590 removeri.
1293 2560 1442 2600 Equidem
1453 2559 1525 2590 cum
1537 2559 1650 2602 colligo
1658 2569 1832 2601 argumenta
1839 2561 2070 2594 causarummon

1110 2611 1171 2631 tam
1191 2611 1225 2631 ea
1243 2611 1398 2632 numerare
1409 2602 1491 2631 soleo
1503 2621 1510 2633 ,
1530 2600 1621 2641 quain
1640 2601 1814 2642 expendere.
1862 2604 1898 2632 Et
1912 2605 2068 2643 quoniam,

1112 2643 1208 2684 (quod
1220 2643 1365 2683 saepejam
1384 2643 1461 2683 dixi)
1480 2643 1574 2673 tribus
1583 2643 1670 2673 rebus
1679 2646 1800 2673 omneis
1809 2643 1843 2673 ad
1856 2643 1989 2674 nostram
2001 2645 2069 2675 sen-

1113 2687 1237 2715 tentiam
1247 2685 1448 2724 pei‘dticimuS‚
1459 2694 1509 2714 aut
1518 2684 1668 2719 docendo,
1679 2685 1992 2719 autconciliando,aut
2001 2697 2070 2726 per-

1112 2726 1267 2756 movendo
1277 2746 1285 2759 ‚
1311 2736 1370 2756 una
1386 2736 1424 2755 ex
1435 2726 1530 2756 tribus
1541 2727 1588 2756 his
1598 2727 1684 2756 rebus
1696 2737 1741 2756 res
1751 2736 1810 2767 prae
1820 2728 1909 2758 nobis
1920 2727 1963 2757 est
1971 2727 2072 2758 feren-

1112 2768 1147 2798 da
1157 2788 1167 2801 ,
1182 2777 1214 2798 ut
1225 2769 1303 2797 nihil
1311 2767 1391 2798 aliud
1402 2788 1410 2801 ,
1424 2766 1479 2797 nifi
1488 2767 1578 2797 docere
1587 2769 1655 2797 velle
1664 2767 1835 2798 videamur:
1859 2769 1980 2810 reliquae
1991 2770 2068 2802 duae,

1114 2808 1195 2840 ficuti
1214 2810 1330 2850 sanguis
1349 2812 1382 2839 in
1395 2809 1569 2850 corporibus
1580 2830 1589 2844 ,
1609 2808 1646 2839 fic
1655 2810 1715 2840 illae
1726 2812 1757 2840 in
1765 2813 1916 2851 perpetuis
1926 2813 2070 2841 orationi-

1114 2850 1168 2881 bus
1176 2851 1249 2882 fusa:
1259 2849 1315 2881 esse
1325 2851 1485 2881 debebunt.
1511 2854 1593 2881 Nam
1605 2850 1636 2881 ὃς
1646 2854 1792 2892 principia
1802 2872 1809 2885 ‚
1822 2853 1854 2882 <Sc
1864 2862 1967 2882 ceterae
1976 2862 2070 2892 partes

1114 2893 1310 2926 orationis,de
1320 2893 1430 2934 quibus
1441 2893 1540 2933 paullo
1550 2892 1617 2933 post
1626 2903 1715 2933 pauca
1725 2894 1982 2927 dicenius,habere
1993 2896 2069 2925 hanc

1113 2938 1178 2965 vim
1189 2945 1368 2976 magnopere
1379 2934 1507 2968 debent,
1529 2944 1561 2965 ut
1570 2935 1607 2965 ad
1617 2945 1722 2965 eorum
1735 2938 1862 2966 menteis
1876 2955 1886 2969 ,
1902 2936 1979 2975 apud
1994 2946 2073 2977 quos

1113 2987 1223 3019 agetur,
1236 2976 1412 3009 movendas,
1422 2985 1596 3016 permanere
1606 2976 1722 3017 poffint.
1743 2978 1798 3007 Sed
1810 2979 1856 3007 his
1866 2978 1996 3017 partibus
2007 2987 2073 3007 ora-

1113 3021 1205 3049 tionis
1217 3038 1225 3052 ,
1242 3026 1308 3059 quae
1318 3016 1370 3048 etsi
1380 3019 1460 3048 nihil
1471 3017 1581 3049 docent
1590 3018 1825 3060 argumentando
1834 3039 1842 3053 ,
1865 3019 2070 3059 persuadendo

1961 3068 2073 3093 tamen,

1091 3144 1095 3200 ι
1115 3144 1163 3171 pro
1171 3134 1319 3196 'Themffocsrs
1328 3134 1456 3168 responfiem
1467 3153 1476 3168 ,
1485 3133 1591 3162 servant
1601 3153 1610 3166 ,
1619 3136 1766 3169 Tfsemistocli.
1784 3134 1902 3169 antique.
1922 3130 1991 3168 quod
2002 3131 2073 3158 fort&

1119 3179 1240 3198 revocans
1251 3179 1294 3197 um
1305 3177 1371 3199 crat.

1578 3206 1602 3231 0
1622 3214 1639 3231 ³.
1983 3205 2073 3230 mlta-

2106 530 2148 563 75

2092 2612 2134 2645 77
