2297 3389
644 131 914 178 ORAi-ro
972 146 1093 185 eno
1153 134 1538 185 A.CAE01NA.

121 224 155 251 ut
163 226 235 250 cum
244 215 344 259 aliquo
349 213 401 257 fico
410 209 564 257 compendio
573 213 694 253 negotia
703 212 839 242 mulieris
849 232 858 246 ‚
870 211 952 254 'siqua
960 213 1076 253 accide-

120 270 187 292 rent
197 280 204 294 ‚
224 255 490 297 controversiasque
510 255 683 294 susciperet:
711 254 879 284 versabatur
902 264 1020 294 quoque
1037 265 1073 285 eo

119 311 254 342 tempore
275 302 307 330 in
318 300 364 329 his
372 296 538 328 rationibus
547 295 697 326 auetionis
706 315 714 328 ‚
737 295 770 325 δε
779 296 947 334 partitionis
959 306 964 323 :
987 305 1074 336 atque

118 345 210 374 etiam
223 346 232 362 ¹
246 343 273 372 se
284 341 343 380 ipse
354 338 498 369 inferebat
507 358 515 371 ,
539 336 769 368 &intrudebatz
789 336 864 366 &in
875 346 941 365 eam
952 338 1073 376 opinio-

119 394 192 416 nem
201 383 385 414 Caesenniam
395 379 558 410 adducebat
570 399 578 412 ,
599 387 631 408 ut
641 377 742 406 mulier
751 378 882 419 imperita
894 378 972 407 nihil
985 387 1071 417 puta-

119 434 163 456 ret
173 427 218 466 agi
228 423 332 460 callide
343 420 424 463 posse
435 441 444 455 ,
464 421 517 451 ubi
530 430 596 451 non
604 418 712 450 adess'et
723 419 874 449 AEbutius.
898 421 995 460 ‹Qam
1007 429 1072 458 per-

117 468 221 498 sonam
231 466 294 504 jam
313 474 350 494 ex
369 463 544 504 quotidiana
553 462 733 504 cognoscitis
742 463 820 494 vita,
844 470 1069 500 recuperatores,

117 511 132 528 ²
142 507 306 537 mulierum
316 504 500 536 assentatoris
510 523 519 538 ,
539 504 704 545 cognitoris
713 502 873 533 viduarum
886 522 893 535 ‚
906 501 1071 532 defensoris

94 548 97 551 ⁴
115 547 251 579 nimium
261 545 392 588 litigiosi,
404 547 517 577 conciti
526 545 561 576 ad
571 548 668 575 rixam
681 565 689 578 ,
701 546 796 585 inepti
807 555 838 574 ac
847 543 928 574 stulti
938 546 1015 573 inter
1024 545 1072 573 vi-

109 599 160 621 ros
173 610 182 624 ,
205 592 310 619 INTER
336 598 512 619 munii-:Res
540 597 657 618 PERITI
684 596 781 625 Jmus
798 605 806 619 ,
838 596 878 615 m-
903 595 1046 629 cAnninr
1062 596 1067 614 z

112 632 188 662 hanc
205 631 364 670 personam
384 631 534 670 imponite
552 629 687 659 AEbutio.
711 630 736 658 is
745 630 829 658 enim
842 630 888 657 Cae
894 628 1001 658 senniae
1012 629 1070 656 luit

113 672 254 704 AEbutius
267 683 272 701 z
293 682 332 702 ne
341 671 419 702 forte
429 672 565 713 quaeratis
576 691 584 705 ,
597 680 671 700 num
682 671 886 710 propinquus?
908 669 985 698 nihil
995 669 1068 715 alie-

111 716 189 746 nius.
212 715 327 744 amicus
336 713 408 744 auta
417 724 495 754 patre
506 733 515 748 ,
533 721 583 743 aut
592 713 608 742 a
620 714 687 741 viro
695 711 815 741 traditus
826 713 835 739 ?
854 710 933 739 nihil
951 712 1064 739 minus.

110 757 177 797 quis
188 757 297 797 igitur?
314 756 377 789 ille,
392 766 483 796 quern
495 754 578 795 supra
587 753 755 784 deformavi
768 763 774 781 :
794 752 980 782 voluntarius
991 753 1067 781 ami-

110 807 163 828 cus
173 798 309 827 mulieris
318 818 327 831 ‚
337 807 401 827 non
411 794 624 827 necessitudine
632 795 731 835 aliqua
740 813 748 827 ,
771 791 892 832 sedfist‘o
904 793 990 832 officio
1003 813 1011 826 ‚
1028 792 1065 822 si-

112 839 281 880 mulataque
299 839 452 869 sedulitate
468 835 649 877 conjunetus
662 847 667 865 z
688 839 782 877 magis
796 844 963 879 opportuna
976 844 1064 874 opera

111 891 344 921 nonnumquam
355 901 363 914 ,
383 879 473 921 quam
484 878 645 919 aliquando
657 875 748 907 fideli.
780 879 859 907 Cum
869 875 940 906 ess‘et
949 897 957 909 ,
976 886 1008 906 ut
1017 876 1063 905 di-

111 933 178 953 cere
187 922 368 952 institueram
378 941 386 955 ‚
401 920 563 951 constituta
570 919 669 949 auftio
680 922 789 950 Romae
798 939 806 951 ,
819 918 978 948 suadebant
987 920 1064 947 ami-

110 967 139 995 ci
151 984 159 998 ,
179 966 354 1005 cognatique
373 963 533 993 Caesenniae
544 982 553 995 ,
576 961 607 991 id
618 961 700 1002 quod
710 959 762 1000 ipsi
772 970 890 1001 quoque
901 960 1022 1004 mulieri
1032 962 1065 989 in

111 1014 248 1036 mentem
258 1004 413 1039 veniebam
427 1006 573 1045 quoniam
585 1002 711 1043 potestas
722 1001 792 1032 ess'et
800 1001 924 1032 emendi
933 1001 1065 1031 fundum

109 1047 200 1078 illum
214 1047 428 1077 Fulcinianum
438 1066 446 1080 ,
465 1048 517 1087 qui
536 1044 634 1075 fundo
644 1045 706 1084 ejus
716 1045 841 1084 antiquo
850 1045 1010 1073 continens
1022 1043 1067 1073 es-

110 1089 170 1123 set,
187 1088 302 1118 nullam
313 1086 371 1117 effe
379 1090 526 1118 rationem
539 1107 547 1121 ,
565 1088 700 1117 amittere
718 1085 868 1123 ejusmodi
886 1084 1046 1125 occasionem
1056 1097 1064 1118 3

109 1129 181 1161 cum
200 1131 360 1170 praesertim
380 1131 505 1169 pecunia
512 1138 550 1159 ex
559 1130 718 1168 partitione
728 1127 884 1157 deberetur
897 1138 901 1156 ;
920 1127 1065 1167 nusquam

109 1182 175 1202 eam
184 1170 266 1212 posse
278 1170 388 1201 melius
398 1172 550 1201 collocari.
564 1173 662 1211 itaque
674 1169 784 1199 mulier
792 1168 885 1198 facere
894 1167 1049 1199 constituit
1061 1179 1066 1197 2

111 1213 233 1244 mandat
243 1212 413 1243 utfundum
426 1211 479 1242 sibi
489 1221 576 1242 emat.
601 1213 657 1242 Cui
667 1211 788 1241 tandem
800 1213 810 1239 ?
827 1212 874 1240 cui
886 1212 994 1250 putatis
1006 1213 1016 1238 ?
1032 1220 1069 1240 an

111 1265 177 1286 non
187 1257 220 1285 in
231 1263 366 1284 mentem
377 1257 461 1284 venit
469 1254 624 1287 omnibus,
640 1254 776 1283 hominis
786 1253 868 1282 illius
878 1251 912 1282 ad
923 1253 981 1282 hoc
997 1261 1067 1282 mu-

111 1306 180 1332 nus,
195 1296 275 1327 &ad
285 1298 389 1326 omnia
398 1297 533 1326 mulieris
544 1297 663 1337 negotia
671 1296 760 1335 parati
773 1314 780 1327 ,
793 1292 853 1323 sine
862 1304 923 1333 quo
934 1294 1012 1323 nihil
1023 1294 1066 1323 sa-

111 1341 149 1369 tis
167 1337 250 1369 caute
263 1359 272 1372 ,
295 1338 374 1367 nihil
390 1339 456 1369 satis
473 1337 579 1368 callide
596 1339 641 1378 agi
658 1335 754 1376 poss'et
766 1336 775 1361 ?
803 1334 883 1365 reete
903 1335 1065 1365 attenditis.

72 1380 93 1414 6
113 1380 237 1411 AEl)uti0
256 1381 413 1420 negotium
426 1379 521 1409 datur.
545 1378 635 1408 Adest
644 1378 680 1408 ad
691 1377 831 1407 tabulam.
855 1377 961 1407 licetur
971 1377 1067 1407 AEbu-

109 1424 178 1452 tius.
202 1421 387 1452 deterrentur
403 1430 533 1450 emtores
543 1420 652 1453 multi,
671 1421 779 1459 partim
788 1420 878 1460 gratia
887 1419 1047 1449 Caesenniae
1059 1429 1064 1447 z

107 1465 216 1504 partim
227 1464 317 1492 etiam
327 1464 436 1502 pretio.
460 1461 571 1493 fundus
585 1461 731 1492 addicitur
741 1461 867 1490 AEbutio
881 1471 886 1489 :
906 1463 1065 1500 pecuniam

107 1506 273 1546 argentario
283 1505 433 1543 promittit
442 1504 593 1534 AEbutius.
604 1513 665 1544 quo
674 1501 826 1541 testimonjo
837 1512 918 1532 nunc
927 1504 972 1532 vir
984 1504 1065 1542 opti-

108 1556 176 1577 mus
187 1547 290 1579 utitur,
301 1543 354 1575 fibi
366 1554 485 1575 emtum
494 1544 564 1576 effe.
586 1543 665 1587 quasi
674 1542 747 1574 verb
757 1552 806 1574 aut
815 1554 871 1574 nos
881 1546 908 1573 ei
919 1554 1064 1585 negemus

107 1587 262 1620 addietum
273 1607 281 1621 ,
303 1595 353 1617 aut
369 1596 435 1617 turn
452 1588 609 1628 quisquam
617 1586 724 1619 fuerit,
745 1588 798 1626 qui
812 1586 972 1619 dubitarit,
989 1588 1064 1630 quin

108 1638 256 1660 emeretur
274 1629 433 1660 Caesenniae
445 1650 453 1662 ,
472 1628 544 1660 cum
555 1629 585 1659 id
594 1629 729 1669 plerique
738 1628 862 1658 scirent:
885 1637 993 1657 omnes
1002 1628 1063 1658 tere

107 1669 269 1702 audifl'ent:
292 1671 325 1700 hi
333 1670 504 1711 conjeetura
512 1669 623 1712 assequi
636 1668 763 1710 poss‘ent,
781 1668 851 1699 cum
866 1672 990 1709 pecunia
1000 1672 1063 1699 Cae-

107 1714 219 1744 senniae
232 1722 270 1742 ex
279 1712 331 1742 illa
342 1712 501 1744 hereditate
513 1712 668 1743 deberetur
684 1723 689 1741 :
715 1721 781 1741 eam
798 1710 889 1751 poi-ro
913 1712 941 1740 in
959 1712 1064 1753 praediu

109 1755 235 1784 collocari
245 1754 382 1785 maxime
393 1755 547 1795 expediret
558 1766 562 1784 z
577 1752 670 1784 essent
678 1762 776 1784 autem
786 1753 905 1793 praedia,
917 1763 984 1794 quae
993 1763 1062 1783 rnu-

104 1796 173 1827 lieri
184 1795 317 1826 maxime
330 1799 546 1826 convenirent:
566 1806 599 1827 ea
607 1797 746 1826 venirent
757 1806 762 1824 :
773 1796 912 1825 liceretur
926 1805 961 1829 is,
971 1805 1062 1836 quem

107 1838 268 1869 Caesenniae
285 1837 352 1867 dare
369 1847 490 1877 operam
499 1848 593 1868 nemo
603 1840 759 1867 miraretur
771 1847 776 1865 :
798 1835 851 1867 fibi
861 1847 960 1866 emere
970 1847 1063 1866 nemo

107 1878 203 1921 poss'et
212 1879 356 1919 suspicari.
380 1882 444 1910 Hac
453 1882 588 1910 emtione
600 1878 688 1912 fana,
700 1880 827 1919 pecunia
837 1879 962 1909 solvitur
971 1877 987 1909 a
998 1881 1063 1908 Cae-

108 1922 222 1952 sennia.
245 1922 330 1960 cujus
340 1923 382 1950 rei
392 1920 534 1960 putatiste
544 1923 693 1951 rationem
701 1920 856 1950 reddinon
866 1918 949 1960 posse
960 1940 968 1953 ,
978 1920 1061 1960 quod

107 1963 169 2003 ipse
178 1961 292 1991 tabulas
300 1964 438 1991 averterit
445 1973 456 1988 -·
474 1963 503 1992 sc
511 1972 609 1993 autem
619 1962 726 1992 habere
737 1964 893 2003 argentarii
903 1961 1062 1995 tabulas,in

108 2004 219 2045 quibus
231 2002 284 2033 sibi
293 2004 421 2043 expensa
429 2008 555 2044 pecunia
564 2005 619 2034 lata
629 2002 673 2037 sit,
686 2012 859 2043 acceptaque
869 2003 956 2033 relata
967 2014 972 2032 :
983 2002 1064 2044 quasi

108 2045 139 2076 id
150 2047 234 2076 aliter
243 2043 307 2075 fieri
318 2047 492 2084 oportuerit.
511 2045 590 2076 cuin
601 2046 705 2075 omnia
714 2047 753 2074 ita
762 2043 838 2075 faeta
850 2043 1063 2085 ess'ent‚quem-

107 2087 275 2118 admodum
293 2096 349 2116 nos
366 2086 556 2117 defendimus
565 2107 573 2121 ‚
603 2087 756 2117 Caesennia
771 2085 903 2115 fundum
926 2084 1062 2126 possedit,

108 2129 293 2169 locavitque:
315 2138 413 2168 neque
431 2130 470 2158 ita
488 2129 586 2159 multo
604 2127 671 2168 post
688 2131 726 2157 A.
739 2129 864 2157 Caecinae
883 2127 989 2167 nupsit.
1021 2131 1065 2158 Ut

108 2172 143 2201 in
156 2180 245 2210 pauca
253 2168 406 2199 conferam
417 2189 426 2203 ‚
439 2169 559 2200 testame
565 2180 618 2200 nto
624 2169 704 2200 facito
715 2170 825 2199 mulier
835 2179 972 2199 moritur.
995 2169 1065 2200 facit

110 2212 231 2241 heredem
241 2221 279 2241 ex
289 2211 401 2240 deunce
412 2230 421 2244 ,
441 2212 472 2241 &
482 2212 634 2242 semuncia
642 2213 789 2242 Caecinam
804 2221 809 2239 :
826 2220 864 2240 ex
875 2210 987 2241 duabus
998 2212 1064 2241 sex-

108 2254 179 2285 tulis
188 2256 232 2283 M.
243 2253 428 2286 Fulcinium,
440 2253 584 2283 libertum
594 2254 754 2294 superioris
764 2253 820 2282 viri
832 2261 838 2280 ;
860 2252 987 2282 AEbutio
998 2253 1064 2283 sex-

109 2295 202 2326 tulam
219 2293 372 2334 adspergit.
396 2295 472 2324 hanc
489 2295 636 2325 sextulam
655 2295 706 2324 illa
723 2293 869 2323 mercedem
886 2293 932 2323 isti
943 2292 998 2324 effe
1008 2304 1063 2324 vo—

108 2337 166 2367 luit
173 2335 357 2369 assiduitatis,
369 2335 402 2366 &
412 2335 571 2370 molestiae,
583 2335 694 2378 siquam
704 2337 874 2375 susceperat.
896 2335 953 2366 Iste
963 2346 1062 2366 autern

109 2379 163 2409 hac
185 2377 298 2408 sextula
325 2377 353 2408 se
369 2378 469 2408 ansam
487 2380 615 2408 retinere
634 2380 776 2408 omnium
795 2376 1061 2408 controversiarum

73 2433 92 2467 7
109 2429 199 2461 putat.
241 2421 309 2461 Jam
317 2418 466 2459 principio
477 2421 563 2450 ausus
573 2420 614 2451 est
624 2420 721 2451 dicere
732 2440 740 2453 ‚
756 2429 819 2449 non
829 2417 911 2458 posse
921 2419 1061 2449 heredem

106 2461 164 2492 esse
173 2462 331 2492 Caesenniae
345 2463 495 2492 Caecinam
508 2472 513 2490 2
536 2461 618 2502 quod
629 2464 653 2492 is
662 2462 792 2491 deteriore
794 2462 859 2500 jure
870 2459 940 2490 esset
951 2480 958 2494 ,
971 2463 1061 2501 quam

106 2506 192 2534 ceteri
204 2505 286 2533 cives
296 2522 304 2536 ‚
314 2511 434 2542 propter
442 2504 678 2534 incommodum
687 2504 951 2533 Volaterranorum
967 2522 974 2535 ‚
986 2504 1062 2533 cala-

98 2547 301 2585 mitatemque
311 2545 446 2574 civilem.
466 2547 568 2586 Itaque
579 2547 674 2575 homo
685 2544 820 2578 timidus,
834 2545 1059 2585 imperitusque,

103 2589 157 2628 qui
166 2596 264 2628 neque
272 2587 368 2616 animi
380 2605 389 2619 ,
406 2596 503 2628 neque
513 2586 630 2617 consilii
640 2588 705 2617 satis
716 2587 834 2616 haberet
845 2605 853 2619 ,
872 2596 936 2615 non
946 2588 1061 2625 putavit

103 2626 161 2658 efle
179 2630 251 2658 tanti
271 2627 463 2658 hereditatem
474 2648 483 2662 ,
508 2638 540 2659 ut
558 2629 594 2659 de
613 2630 735 2657 civitate
746 2630 777 2657 in
792 2627 918 2657 dubium
930 2629 1057 2657 veniret.

102 2667 245 2701 concessit
253 2690 262 2703 ‚
281 2668 372 2700 credo
382 2690 391 2703 ‚
410 2670 537 2701 AEbutio
545 2691 554 2705 ,
565 2680 712 2712 quantum
727 2671 819 2700 vellet
830 2689 838 2702 ‚
849 2669 885 2700 de
895 2670 1056 2700 Caesenniae

1984 156 2080 208 335·

1120 214 1208 263 bonis
1218 225 1251 248 ut
1260 217 1395 249 heberet:
1417 220 1518 251 immo
1530 240 1538 255 ,
1548 227 1580 252 ut
1588 218 1654 252 viro
1665 219 1736 253 forti
1748 243 1756 256 ,
1767 231 1800 253 ac
1810 222 1933 264 sapienti
1945 223 2075 265 dignum

1118 255 1193 291 fuit,
1211 260 1440 291 itacalumniam
1453 282 1461 295 ‚
1485 262 1701 304 stultitiamque
1718 263 1859 299 obtrivit,
1881 276 1912 296 ac
1925 267 2074 297 contudit.

1120 301 1180 328 ³1n
1190 299 1367 339 possessione
1377 302 1527 334 bonorum
1539 315 1609 335 cum
1620 305 1708 340 efl'et,
1731 305 1914 347 &cumipse
1925 308 2071 339 sextulam

1118 340 1199 385 suam
1211 344 1344 372 nimium
1356 354 1540 387 exaggeraret
1552 368 1560 380 ,
1571 350 1698 378 nomine
1707 348 1822 378 heredis
1832 348 1973 378 arbitrum
1981 348 2071 379 sarni-

1116 380 1163 410 11ae
1174 383 1349 428 erciscundae
1360 386 1525 424 postulavit.
1551 397 1635 430 atque
1647 390 1708 419 illis
1718 392 1817 429 paucis
1825 390 1942 424 diebus,
1953 390 2068 430 postea-

1114 431 1205 461 quam
1215 423 1297 453 videt
1307 427 1385 455 nihil
1395 428 1422 456 se
1433 428 1468 457 ab
1479 432 1515 458 A.
1528 432 1643 461 Caecina
1652 430 1732 471 posse
1743 451 1751 465 ‚
1775 432 1876 462 litium
1887 442 2006 466 terrore,
2018 433 2070 463 ab-

1114 462 1230 492 radere:
1254 465 1376 514 homini
1389 470 1497 498 Roma:
1508 472 1539 500 in
1549 471 1617 501 foro
1627 472 1799 507 denuntiat,
1822 473 1953 504 fundum
1964 475 2064 508 illum.

1113 503 1150 533 de
1160 514 1221 544 quo
1230 515 1297 535 ante
1307 506 1384 540 dixi,
1395 511 1479 547 cujus
1492 511 1584 541 istum
1594 523 1741 544 emtorem
1752 514 1953 545 demonstravi
1967 515 2067 549 fuiffe,

1115 545 1255 593 mandatu
1268 548 1428 579 caesenni'ae
1443 571 1451 583 ‚
1470 552 1556 582 suum
1568 553 1623 583 ess'e
1636 575 1643 587 ,
1662 556 1748 595 seque
1758 554 1810 586 sibi
1821 555 1936 586 emiss'e.
1961 557 2067 599 4Qid

1112 592 1175 634 ais?
1194 587 1284 634 Istius
1303 589 1354 618 ille
1368 589 1482 621 fundus
1491 593 1533 622 est
1544 614 1552 627 ,
1569 605 1659 634 quem
1671 595 1731 625 sine
1740 598 1799 627 ulla
1807 598 1987 640 controversia
1996 609 2067 640 qua-

1112 627 1307 675 dmlmmm)
1319 631 1377 661 hoc
1385 631 1427 661 est
1437 653 1444 665 ‚
1457 643 1493 662 ex
1505 645 1565 674 quo
1578 646 1710 676 tempore
1718 637 1828 669 fundus
1840 642 1953 674 veniit,
1966 641 2067 681 quoad

1112 679 1212 714 Vixit,
1222 670 1350 710 possedit
1360 674 1532 705 Caesenm'a?
1551 678 1630 706 Usus
1641 681 1723 708 enim
1737 700 1744 712 ‚
1758 683 1865 720 inquit,
1875 682 1949 720 ejus,
1963 683 1995 712 &
2005 681 2070 713 fru-

1114 710 1178 741 &us
1187 714 1286 746 tundi,
1299 712 1477 745 testamento
1488 719 1554 751 viri,
1566 717 1660 748 fuerat
1670 721 1837 752 Caesenniae.
1854 722 1931 752 Cum
1943 724 1999 754 hoc
2009 734 2067 754 no-

1113 763 1156 783 vae
1174 754 1236 783 litis
1252 764 1346 795 genus
1364 765 1425 786 tam
1443 758 1591 789 malitiose
1607 761 1790 796 intenderet,
1813 764 1922 803 placuit
1931 767 2067 799 Caecinae.

1116 798 1128 821 ἵ
1139 795 1176 824 de
1193 798 1361 826 amicorum
1376 798 1521 830 sententia
1530 800 1709 831 constituere
1721 822 1729 835 ‚
1750 813 1810 843 quo
1821 805 1868 834 die
1878 808 1910 835 in
1920 816 1982 836 rem
1995 817 2070 846 prae-

1115 836 1229 866 sentem
1239 840 1393 869 veniretur
1405 860 1413 873 ‚
1435 840 1467 870 &
1479 841 1514 871 de
1524 841 1620 872 fundo
1631 845 1747 874 Caecina
1760 846 1894 876 moribus
1910 847 2071 878 deducere-

1114 887 1169 907 tur.
1186 879 1435 925 *Colloquuntun
1457 882 1521 912 dies
1539 893 1577 914 ex
1592 885 1742 925 utriusque
1752 888 1919 917 commodo
1930 889 2068 919 sumitur.

1115 922 1232 950 Caecina
1244 931 1314 950 cum
1326 925 1430 953 amicis
1439 924 1473 954 ad
1484 925 1566 955 diem
1576 928 1660 956 venit
1669 928 1700 956 in
1708 927 1860 958 castellum
1881 932 1991 960 Axiam
2004 941 2009 959 :
2030 940 2070 961 ex

1114 971 1176 1002 quo
1186 962 1256 992 loco
1265 962 1378 993 fundus
1390 966 1414 995 is
1424 986 1433 998 ‚
1459 966 1495 996 de
1506 977 1566 1006 quo
1576 969 1689 1007 agitur,
1711 979 1775 999 non
1794 970 1882 1011 longe
1901 971 1989 1001 abest.
2021 973 2069 1002 Ibi

1112 1002 1286 1033 certiorfita
1298 1006 1434 1051 pluribus
1446 1026 1453 1040 ,
1475 1009 1617 1038 homines
1635 1011 1799 1049 pei-multos
1810 1031 1818 1044 ,
1836 1012 1946 1041 liberos
1958 1032 1966 1046 ,
1983 1022 2072 1054 atque

1113 1045 1212 1075 servos
1224 1065 1232 1080 ,
1242 1046 1380 1088 co'e'gifle‚
1392 1048 1424 1078 ὃς
1434 1049 1555 1080 armasse
1567 1050 1737 1081 AEbutium.
1761 1051 1839 1083 Ci'im
1850 1053 1880 1083 id
1888 1056 1995 1093 partim
2011 1057 2071 1084 mi-

1112 1095 1264 1121 rarentur,
1284 1091 1391 1128 partim
1412 1100 1476 1119 non
1490 1092 1660 1122 crederent:
1681 1104 1747 1124 ecce
1759 1095 1819 1134 ipse
1829 1095 1969 1125 AEbutius
1980 1098 2012 1125 in
2021 1106 2068 1126 ca-

1113 1127 1233 1158 stellum
1243 1133 1337 1160 venit.
1362 1131 1518 1162 denuntiat
1528 1136 1653 1165 Caecinae
1662 1135 1689 1165 se
1699 1145 1827 1166 armatos
1838 1137 1944 1167 habere
1956 1148 1960 1165 :
1971 1138 2068 1167 abitu-

1112 1180 1180 1200 rum
1191 1181 1262 1200 eum
1274 1181 1337 1201 non
1347 1172 1404 1202 effe
1413 1193 1421 1207 ‚
1446 1173 1465 1203 fi
1476 1174 1641 1206 accessisset.
1674 1179 1797 1207 Caecinae
1806 1178 1916 1218 placuit
1928 1198 1937 1212 ‚
1951 1179 1983 1208 ὃς
1992 1181 2068 1208 amb·

1111 1213 1153 1241 cis
1162 1232 1169 1245 ,
1184 1213 1283 1252 quoad
1293 1214 1528 1255 videreturfizlvo
1538 1219 1628 1258 capite
1639 1217 1701 1248 fieri
1711 1218 1792 1258 posse
1804 1240 1812 1252 ‚
1823 1222 1958 1260 experiri.
1983 1223 2068 1252 Tum

1111 1253 1147 1283 de
1159 1253 1278 1284 castello
1288 1255 1471 1287 descendunt
1484 1269 1489 1287 ;
1502 1260 1536 1288 in
1545 1258 1676 1289 fundum
1689 1260 1931 1300 proficiscuntur:
1949 1262 2068 1292 videtui·

1112 1296 1423 1327 temerecommiffum.
1447 1299 1565 1334 verum,
1578 1303 1736 1340 utopinor,
1754 1304 1810 1333 hoc
1819 1302 1878 1333 fuit
1888 1304 1988 1334 causae.
2003 1312 2064 1334 tam

1110 1337 1222 1367 temere
1233 1337 1325 1368 istum
1336 1349 1365 1369 re
1374 1340 1617 1376 commissurum,
1630 1342 1645 1363 ⁶
1653 1344 1741 1384 quam
1752 1345 1850 1374 verbis
1860 1345 2063 1379 nuntiabatur,

1111 1389 1204 1408 nemo
1222 1382 1345 1420 putavit.
1391 1385 1487 1423 Atque
1506 1382 1559 1413 iste
1569 1384 1604 1414 ad
1617 1388 1737 1416 omneis
1747 1387 1888 1416 introitus
1899 1407 1907 1420 ,
1925 1386 1982 1427 qua
1991 1387 2065 1417 aditi
2085 1391 2103 1423 8

1109 1430 1223 1465 poterat
1242 1432 1305 1452 non
1316 1422 1411 1453 modo
1421 1427 1453 1454 in
1468 1435 1537 1455 eum
1557 1425 1689 1456 fundum
1700 1447 1708 1461 ‚
1733 1427 1771 1457 de
1789 1437 1850 1468 quo
1868 1426 2067 1458 controversia

1109 1464 1214 1496 luerat,
1226 1463 1274 1494 sed
1285 1465 1376 1494 etiam
1388 1467 1419 1495 in
1430 1467 1518 1496 illum
1527 1470 1715 1507 proximum,
1726 1468 1763 1499 de
1773 1479 1833 1510 quo
1842 1470 1919 1499 nihil
1930 1470 2066 1511 ambige·

1109 1504 1202 1538 batur,
1213 1514 1337 1534 armatos
1346 1507 1488 1538 homines
1498 1512 1634 1549 opponit.
1668 1510 1877 1551 Icaqueprimb
1888 1510 1960 1542 cum
1971 1513 2003 1541 in
2013 1522 2069 1542 an-

1107 1547 1226 1586 tiquum
1235 1546 1367 1578 fundum
1376 1549 1491 1590 ingredi
1501 1551 1603 1584 vellet,
1615 1550 1697 1592 quod
1711 1556 1745 1583 ea
1754 1553 1893 1593 proxime
1902 1553 2002 1584 accedi
2012 1564 2067 1593 po-

1107 1596 1178 1618 terat
1190 1598 1195 1617 ε
1215 1588 1385 1630 frequentes
1402 1594 1507 1621 armati
1525 1592 1712 1624 obstiterunt.
1752 1597 1823 1636 Qo
1842 1595 1909 1625 loco
1929 1595 2067 1635 depulsus

1108 1632 1236 1664 Caecina,
1246 1639 1357 1665 tamen,
1368 1632 1425 1672 qua
1432 1635 1541 1672 potuit,
1554 1634 1588 1664 ad
1599 1645 1669 1664 eum
1679 1634 1808 1666 fundum
1821 1641 1835 1664 7
1844 1635 2066 1676 profecit1s3ex

1107 1682 1169 1713 quo
1181 1682 1219 1701 ex
1229 1682 1382 1703 conventu
1392 1677 1456 1704 vim
1467 1673 1530 1705 fieri
1541 1676 1704 1716 oportebat.
1729 1678 1793 1718 ejus
1802 1687 1902 1709 autem
1912 1677 2001 1709 fund:
2013 1689 2068 1708 ex·-

1109 1723 1235 1744 tremam
1246 1723 1360 1754 partem
1376 1715 1433 1745 olea
1447 1716 1561 1747 differo
1572 1717 1677 1748 ordine
1689 1718 1847 1750 definiunt.
1882 1720 1928 1750 Ad
1938 1730 1983 1750 eas
1992 1719 2065 1750 cum

1107 1755 1301 1790 accederetur,
1315 1756 1367 1787 iste
1376 1768 1447 1788 cum
1459 1759 1604 1789 omnibus
1614 1762 1709 1800 copiis
1719 1761 1824 1801 praesto
1835 1760 1893 1792 fuit
1903 1782 1913 1795 ,
1931 1762 2065 1792 servum-

1106 1807 1163 1838 que
1174 1797 1273 1831 suum‚
1286 1800 1415 1829 nomine
1426 1802 1626 1835 Antiochum,
1639 1802 1674 1832 ad
1683 1803 1712 1832 se
1723 1805 1850 1836 vocavit,
1865 1803 1896 1833 &
1905 1804 1979 1834 clara
1989 1814 2065 1833 voce

1107 1841 1284 1878 imperavit,
1304 1848 1336 1870 ut
1355 1851 1425 1871 eum
1441 1862 1448 1875 ,
1469 1844 1520 1883 qui
1531 1843 1621 1872 illum
1632 1844 1766 1874 olearum
1777 1845 1916 1874 ordinem
1926 1844 2071 1880 intrass'et,

1106 1879 1247 1910 occiderer.
1280 1884 1386 1913 Homo
1397 1903 1405 1916 ,
1425 1894 1492 1913 mea
1503 1884 1646 1914 sententia
1656 1904 1664 1918 ‚
1686 1884 1930 1925 prudentissimus
1940 1889 2066 1921 Caecina‚

1109 1931 1210 1967 tame-n
1219 1924 1252 1953 in
1262 1923 1314 1954 hac
1324 1934 1354 1953 re
1364 1925 1432 1964 plus
1442 1926 1519 1954 mihi
1530 1928 1626 1956 animi
1638 1946 1647 1959 ‚
1659 1936 1747 1966 quam
1759 1926 1875 1957 consilii
1885 1928 2004 1959 videtur
2013 1929 2067 1959 ha-

1108 1962 1210 1993 buisse.
1233 1974 1303 1994 nam
1315 1963 1387 1995 cum
1398 1966 1430 1996 &
1440 1976 1621 1996 armatorum
1631 1968 1862 1998 multitudinem
1873 1970 2006 2003 videret,
2031 1971 2066 2000 δε

1107 2015 1172 2034 eam
1181 2015 1288 2036 vocem
1299 2007 1427 2040 AEbutii‚
1440 2018 1530 2048 quam
1540 2012 1798 2043 commemoravi,
1811 2009 1950 2041 audiss‘et:
1964 2021 2066 2042 tamen

1107 2044 1221 2076 acceffit
1239 2050 1360 2088 propius
1371 2068 1379 2081 ,
1408 2049 1440 2078 δε
1456 2051 1518 2089 jam
1539 2050 1708 2090 ingrediens
1727 2053 1804 2082 intra
1814 2051 1905 2082 finem
1919 2054 1982 2090 ejus
1991 2054 2062 2087 loci,

1105 2097 1197 2128 quem
1211 2089 1285 2119 oleae
1295 2090 1496 2121 terminabant
1507 2111 1515 2124 ‚
1537 2094 1685 2131 impeturn
1698 2095 1801 2123 armati
1811 2095 1954 2124 Antiochi
1967 2115 1975 2127 ,
1986 2103 2064 2124 cete-

1106 2139 1268 2171 rorumque
1279 2132 1351 2164 tela,
1373 2134 1601 2172 atqueincursus
1613 2133 1731 2175 refugit.
1764 2136 1880 2165 Eodem
1891 2145 2026 2176 tempore
2037 2137 2065 2166 se

1107 2173 1140 2200 in
1150 2170 1251 2212 fugam
1264 2172 1424 2203 conferunt
1434 2175 1491 2204 una
1501 2177 1610 2208 amici,
1622 2176 1814 2217 advocatique
1824 2178 1887 2215 ejus
1897 2198 1905 2212 ‚
1918 2186 1994 2207 meru
2003 2186 2066 2217 per—

1107 2214 1219 2247 territi,
1246 2215 1504 2255 quemadmodum
1530 2217 1656 2247 illorum
1684 2218 1789 2248 testem
1811 2214 1908 2249 dicere
1927 2219 2062 2250 audistis.

1108 2257 1164 2284 His
1174 2255 1260 2285 rebus
1269 2258 1309 2285 ita
1319 2255 1408 2297 gestis
1418 2277 1425 2290 ,
1449 2260 1478 2287 Ρ.
1491 2259 1650 2288 Dolabella
1663 2269 1770 2299 praetor
1779 2261 1935 2291 interdixit
1949 2281 1957 2295 ‚
1978 2272 2010 2291 ut
2022 2261 2065 2291 est

1105 2297 1290 2327 consuetudo
1303 2318 1311 2330 ,
1339 2300 1391 2327 Dr.
1412 2309 1447 2328 vr
1464 2319 1472 2332 ‚
1497 2309 1689 2331 i-ioMiNissus
1717 2311 1871 2332 ARMAT1s
1889 2322 1897 2336 ‚
1922 2301 1982 2333 sine
2001 2303 2062 2334 ulla
2109 2310 2111 2313 “

1105 2341 1293 2377 exceptione,
1306 2349 1432 2373 tantum,
1443 2350 1485 2373 ut,
1501 2342 1581 2371 unde
1593 2341 1752 2378 deiecisset,
1767 2343 1940 2374 restitueret.
1963 2344 2064 2375 Resti-

1105 2379 1189 2409 tuisse
1210 2381 1238 2410 se
1258 2381 1344 2410 dixit.
1369 2378 1383 2400 ὃ
1392 2381 1509 2421 sponsio
1531 2382 1606 2413 faeta
1623 2383 1675 2414 est.
1699 2386 1752 2415 hac
1763 2385 1799 2415 de
1810 2385 1967 2425 sponsione
1977 2386 2063 2416 vobis

1100 2421 1299 2461 judicandum
1310 2422 1360 2453 est.
1407 2425 1544 2454 Maxime
1553 2424 1611 2454 fuit
1622 2427 1786 2466 optandum
1795 2430 1930 2461 Caecinae,
1941 2437 2062 2468 recupe—
2078 2442 2100 2473 9

1104 2472 1222 2497 ratores,
1239 2474 1269 2494 ut
1279 2464 1484 2495 controversia:
1494 2467 1570 2495 nihil
1584 2467 1701 2498 haberet
1713 2479 1718 2497 :
1739 2469 1869 2499 secundo
1879 2470 1948 2499 loco
1959 2489 1967 2502 ,
1981 2479 2013 2499 ut
2021 2479 2062 2500 ne

1103 2515 1174 2534 cuin
1187 2515 1245 2535 tarn
1258 2507 1400 2546 improbo
1410 2508 1536 2537 homine
1549 2519 1553 2536 z
1578 2512 1664 2538 tertio
1677 2530 1685 2542 ‚
1707 2519 1739 2540 ut
1752 2520 1823 2540 cum
1840 2519 1898 2540 tam
1910 2510 2000 2541 stulto
2009 2512 2060 2541 ha-

1104 2546 1195 2576 beret.
1215 2551 1328 2578 etenim
1342 2558 1404 2577 non
1420 2551 1521 2577 minus
1532 2549 1812 2585 nosstussrz'iz'aillius
1824 2552 2061 2593 sublevanqmm

1103 2588 1183 2618 laedit
1193 2589 1365 2630 improbitas.
1390 2591 1547 2629 improbus
1558 2590 1626 2625 fuit,
1638 2591 1719 2632 quod
1730 2593 1872 2622 homines
1882 2595 1979 2634 coegit
1989 2615 1998 2627 ,
2016 2604 2063 2624 ar-

1103 2632 1212 2660 mavit:
1227 2631 1348 2664 coaffls,
1361 2632 1537 2671 armatisque
1549 2636 1611 2662 vim
1624 2633 1705 2663 tecit.
1729 2633 1799 2664 laefit
1811 2637 1842 2664 in
1853 2645 1890 2664 eo
1901 2637 2062 2666 Caecinam.

1079 2700 1081 2709 .
1102 2671 1267 2703 sublevavit
1281 2674 1406 2703 ibidem.
1432 2675 1545 2703 namin
1555 2684 1601 2704 eas
1611 2675 1686 2714 ipsas
1695 2685 1751 2709 res,
1763 2686 1834 2717 quas
1842 2676 2062 2718 improbissime

1970 2718 2056 2754 fecit,

138 2805 162 2823 ι.
179 2802 208 2823 Se
216 2798 260 2832 ipsa
269 2799 410 2832 inferebat]
432 2800 473 2826 Ita
482 2800 509 2825 δε
521 2799 578 2826 mss.
590 2800 669 2826 nostri
683 2811 688 2826 ;
702 2799 877 2836 secundusque
888 2800 973 2827 statim
985 2799 1054 2835 post-

99 2841 129 2859 ea
146 2835 282 2860 Introdabat
303 2853 311 2865 ,
339 2843 386 2869 pro
403 2836 550 2862 intrudebat.
589 2836 750 2863 Gulielmius
771 2837 884 2864 malebat
901 2856 908 2868 ,
927 2838 1055 2869 ingerebat.

100 2869 132 2895 Ρ.
142 2869 277 2896 Manutius
288 2871 413 2903 inscrebat.

133 2913 161 2931 2.
180 2908 311 2932 Jmilrerum
321 2908 494 2942 eiffintatoris]
508 2908 668 2937 Gulielmius
680 2907 836 2939 inclinabit,
848 2908 873 2934 in
887 2908 1040 2942 affeHaloi-bs.

135 2949 162 2975 3.
180 2944 209 2966 In
222 2943 345 2975 puffeffionc
352 2944 460 2968 boneium
470 2953 520 2969 cum
532 2945 608 2979 effl‘r]
632 2944 721 2970 Editio
731 2944 791 2970 aurii
806 2953 966 2970 ccccxmx.
981 2944 1056 2970 habet

92 2978 227 3010 pqffcffwms
237 2988 242 3002 :
253 2976 321 3003 unde
332 2978 439 3013 putabat
450 2980 612 3006 Gulielmius
622 2979 690 3011 fieri,
707 2984 735 3005 112
742 2982 878 3014 s⁰ls⁶ffi⁰⁷¹⁸5
888 2982 996 3005 honorum
1007 2980 1058 3005 εῐυπ

95 3013 154 3046 iffit.
173 3013 273 3040 &·vero
283 3013 350 3040 illud
357 3016 490 3048 poffqffi'oncs
499 3023 575 3042 extat
585 3017 648 3043 item
660 3017 686 3042 in
700 3017 755 3042 Pal.
766 3025 805 3052 pr.
817 3025 845 3042 :ic
855 3015 904 3041 sec.

133 3056 160 3081 4.
180 3050 245 3081 Qid
252 3050 287 3074 ais
298 3054 307 3076 ἓ
317 3052 386 3082 Istius
395 3053 528 3084 dlefundm
537 3053 645 3087 m‘?&c.]
659 3052 766 3078 Paullus
779 3052 962 3083 Maiiutius,&
976 3051 1056 3077 Isam-

98 3083 174 3110 b'imis
186 3103 194 3115 ,
211 3087 414 3119 Tuusillcfemdm
422 3090 466 3119 eff,
476 3089 527 3119 &aa
547 3098 600 3116 non
611 3092 625 3116 ‘e
635 3088 709 3115 libris
721 3096 808 3116 tamen
822 3108 830 3120 ‚
842 3088 883 3114 scd
896 3097 928 3114 ex
940 3087 1055 3113 hariola-

100 3120 174 3146 tione
187 3120 361 3147 Hotomanni.

134 3164 161 3190 5.
180 3157 212 3181 De
222 3159 345 3183 amicorum
353 3157 472 3191 finientia
481 3161 613 3194 constituere
629 3170 672 3195 quo
691 3161 725 3187 die
742 3163 768 3187 in
788 3160 860 3196 rem]
885 3158 1030 3187 Lambinus
1043 3177 1051 3191 ‚

1103 2801 1161 2826 diem
1174 2802 1305 2832 constituere
1317 2820 1324 2831 ‚
1336 2811 1378 2834 quo
1388 2801 1440 2832 die‚·
1457 2799 1497 2826 sed
1511 2799 1609 2826 nullius
1621 2800 1679 2826 libri
1693 2800 1755 2827 fide.

1139 2837 1165 2861 6.
1186 2838 1263 2868 {Qam
1280 2838 1359 2861 verbis
1379 2837 1563 2870 minitabatur]
1587 2837 1628 2862 sic
1639 2837 1799 2872 Turiiig'icus
1811 2836 1877 2863 liber
1888 2836 1997 2864 suffridi
2009 2838 2060 2863 Pe«
2071 2867 2074 2869 Α

1104 2872 1152 2898 ῖιέἰ
1169 2892 1174 2901 ,
1195 2875 1221 2898 δε
1233 2872 1331 2908 placuit
1343 2872 1490 2898 (iuliclxiiio
1502 2892 1509 2903 ‚
1530 2882 1614 2908 neque
1627 2873 1690 2898 milii
1701 2872 1831 2909 displicet.
1852 2883 1910 2899 iiam
1931 2874 1992 2900 licet
2005 2874 2062 2900 l'al.

1101 2918 1140 2944 pr.
1154 2909 1181 2933 Sc
1194 2908 1292 2934 vetuste
1304 2908 1353 2933 cusi
1365 2908 1430 2933 stent
1442 2917 1489 2943 pro
1503 2908 1749 2944 1·ecepta1effioue;
1771 2910 1806 2936 est
1818 2909 1942 2936 tamenin
1955 2909 2004 2936 sec.
2015 2917 2062 2942 aut

1102 2946 1261 2969 minitariatur
1275 2963 1282 2974 ‚
1295 2951 1338 2969 aut
1350 2951 1420 2969 certe
1432 2946 1606 2971 inimicabatur.

1137 2988 1166 3014 7.
1186 2982 1306 3013 'Prcgtiffm
1319 2999 1326 3009 ,
1339 2990 1366 3004 rx
1380 2990 1417 3013 ,uo
1428 2989 1456 3005 ex
1466 2981 1604 3015 conventia]
1625 2981 1681 3007 Pal.
1694 2980 1742 3008 sec.
1753 2984 1778 3007 in
1789 2991 1840 3016 quo.
1861 2982 1938 3008 liodie
1951 2981 2002 3008 cusi
2014 2982 2059 3007 lia-

1103 3015 1165 3041 bciit
1179 3018 1313 3049 3prqs251'm
1322 3019 1356 3041 ti‘?
1367 3035 1373 3045 ,
1387 3025 1414 3040 ex
1424 3025 1466 3049 quo
1476 3017 1526 3046 (jc.
1545 3016 1587 3042 sed
1600 3017 1737 3044 verbulum
1748 3018 1815 3044 illud
1827 3019 1944 3045 manmit
1955 3018 1987 3044 ab
1998 3019 2057 3043 Ho-

1104 3053 1203 3078 toziiaiii
1215 3052 1342 3077 arbitratu
1356 3061 1362 3080 3
1376 3052 1400 3077 iu
1414 3051 1488 3077 nullo
1498 3052 1532 3078 est
1544 3053 1617 3080 edito
1627 3053 1766 3090 scriptove.
1956 3060 1959 3062 “

1139 3088 1164 3113 8.
1186 3089 1346 3120 isjtoxsi'oshffa
1355 3089 1398 3112 cfr.
1418 3089 1462 3112 bac
1471 3088 1616 3122 desponsione
1625 3091 1702 3121 vohis,
1712 3091 1779 3123 ῥα]
1801 3090 1869 3117 Pali.
1881 3090 1959 3116 nostri
1974 3109 1980 3121 ,
1992 3091 2056 3115 item

1102 3130 1154 3149 tres
1167 3123 1231 3148 edit.
1244 3122 1436 3159 antiquissime,
1446 3133 1496 3150 nou
1509 3125 1654 3159 :ignoscunt
1665 3126 1891 3160 illu-,sponsosjzffa
1902 3128 1946 3151 eff.
1966 3127 2010 3150 har
2021 3126 2058 3149 de.

1101 3161 1254 3187 examinent
1266 3159 1412 3187 otiosiores.
1424 3169 1483 3188 nam
1495 3170 1546 3189 noii
1558 3161 1590 3189 de
1602 3161 1686 3191 nihilo
1697 3162 1757 3190 libri
1770 3170 1810 3191 tot
1821 3162 1978 3197 conspirant.
2025 3196 2028 3200 ,
2057 3194 2064 3204 ,

1956 3197 2061 3231 i.‘1(3·¹'21‘s
