2337 3400
143 119 236 169 688
562 115 630 164 M.
714 113 1077 161 Τυιιιι

146 201 256 232 fortem
270 201 367 229 virum
380 205 466 237 atque
478 197 640 235 sapientem
653 214 661 229 ‚
681 195 772 234 quam
791 199 800 215 ¹
812 203 845 225 ut
854 195 1013 235 exploratae
1024 195 1107 235 spem

148 243 249 273 saluus
261 240 448 271 ostenderem
461 259 469 272 ‚
490 237 544 267 nisi
563 247 653 278 quam
669 237 706 266 ab
724 237 785 278 ipsa
799 247 859 277 rep.
882 236 953 267 cum
965 238 1015 267 hic
1024 236 1110 266 ardor

150 282 308 314 restint‘tus
320 279 388 310 essct
398 300 406 313 ‚
420 280 527 319 sperari
536 289 672 319 oportere
681 279 845 309 censerem.
867 279 1034 309 Recordare
1047 287 1110 308 tuas

149 326 260 355 litteras
270 343 278 356 ‚
294 323 403 363 quibus
414 322 445 352 δε
455 331 597 362 magnum
610 322 747 351 animum
759 322 838 350 mihi
849 321 965 361 semper
974 319 1110 350 ostendi-

150 366 186 396 sti
199 386 206 398 ‚
229 365 261 395 &
272 366 307 394 ad
317 365 437 394 omneis
445 364 526 394 casus
535 362 675 393 ferendos
692 362 878 393 constantem
890 382 899 396 ,
919 372 952 393 ac
963 371 1107 402 paratum:

149 406 231 447 quod
242 417 298 448 ego
310 415 371 435 non
383 405 509 435 mirabar
519 425 528 438 ‚
538 404 610 434 cum
623 404 776 435 recordare
785 424 794 437 ‚
806 413 834 434 te
846 405 879 435 &
888 406 904 434 a
913 406 1018 444 primis
1030 413 1107 434 tem-

149 448 276 489 poribus
286 457 378 478 aetatis
389 450 420 477 in
430 456 490 487 rep.
501 445 559 476 ess‘e
569 446 715 476 versatum
727 466 736 479 ‚
757 446 790 476 &
802 456 868 476 tuos
880 446 1065 486 magistratus
1075 448 1108 476 in

148 490 211 530 ipsa
222 490 397 520 discrimina
411 487 547 518 incidifl'e
562 489 661 518 salutis
674 508 683 521 ,
702 487 949 529 fortunarumque
966 497 1109 518 commu·

150 534 258 562 nium:
279 532 354 562 &in
367 533 424 561 hoc
434 532 530 570 ipsum
542 530 658 560 bellum
670 528 730 559 ess'e
739 529 902 571 ingressum
914 551 922 564 ,
934 540 998 560 non
1010 529 1110 559 solum

150 576 195 604 uti
207 573 305 603 metor
315 594 324 606 ,
340 573 441 603 beatus
452 593 461 607 ,
478 572 626 603 sedetiam
639 581 670 601 ut
681 570 700 601 sl
713 582 752 602 ita
760 571 910 602 accidiss‘et
921 593 929 606 ,
944 571 1043 602 visitis
1054 590 1062 605 ‚
1078 579 1110 600 ut

150 617 266 655 sapiens
284 614 366 646 effes.
392 614 512 645 Deinde
521 634 530 648 ‚
550 624 620 644 cum
636 613 771 644 studium
792 623 878 644 tuum
897 614 1055 644 consumas
1077 614 1108 642 in

152 667 290 687 virorum
308 657 434 687 fortium
453 655 539 686 fadis
557 658 716 686 memoriae
729 656 891 697 prodendis
901 675 909 688 ‚
928 653 1110 685 considerare

152 699 243 729 debes
254 721 262 732 ‚
275 699 352 728 nihil
363 699 418 728 tibi
430 696 487 728 effe
496 697 753 728 committendum
765 718 772 731 ,
784 698 981 737 quamobrem
993 706 1110 730 eorum,

153 751 232 782 quos
243 740 342 770 laudas
353 761 362 774 ‚
375 744 389 760 ²
400 749 428 771 te
439 750 503 770 non
512 738 705 769 simillimum
716 740 854 779 praebeas.
878 739 933 769 Sed
945 740 1007 769 haec
1016 740 1112 769 oratio

155 781 407 832 magisess'etapta
417 782 452 812 ad
465 782 516 812 illa
525 791 660 822 tempora
670 801 678 815 ‚
696 791 760 823 quae
775 782 839 820 jam
859 779 996 822 effugisti.
1021 782 1113 811 Nunc

152 834 228 855 vero
242 833 360 855 tantum
374 834 402 855 te
415 833 481 863 para
493 823 529 853 ad
541 824 603 853 haec
613 823 770 853 nobiscum
782 821 903 852 ferenda
915 834 920 851 ;
939 822 1049 862 quibus
1059 831 1113 863 ego

152 865 275 907 siquam
288 866 472 897 medicinam
487 867 657 895 invenirem
669 884 678 898 ‚
697 864 752 894 tibi
773 873 892 905 quoque
911 864 1036 895 eandem
1057 873 1113 893 tra-

154 908 267 938 derem.
290 908 346 939 Sed
359 907 401 939 est
410 917 506 939 unum
515 906 698 947 perfugium,
710 904 864 939 dodirina,
877 916 910 936 ac
919 907 1034 944 litterae,
1044 907 1115 946 qui-

154 951 212 980 bus
229 951 347 990 semper
363 948 403 980 usi
419 950 540 980 sumus:
558 958 623 989 quae
635 947 771 978 secundis
780 948 869 978 rebus
879 948 1114 978 delectationem

155 992 254 1022 modo
263 993 370 1022 habere
382 991 572 1021 videbantur:
592 999 674 1019 nunc
692 989 764 1020 vero
780 991 872 1019 etiam
889 990 1022 1020 salutem.
1046 989 1112 1022 Sed,

155 1043 189 1064 ut
199 1034 234 1064 ad
245 1035 369 1064 initium
380 1042 518 1065 revertar,
530 1042 600 1062 cave
611 1031 729 1062 dubites
739 1052 749 1066 ‚
763 1034 840 1072 quin
850 1034 954 1063 omnia
963 1031 999 1063 de
1010 1032 1111 1065 salute,

157 1085 190 1106 ac
200 1076 297 1106 reditu
308 1085 360 1105 tuo
368 1074 499 1115 perfecta
510 1071 575 1103 sint.

404 1117 594 1146 CICERO
631 1117 868 1147 LIGARIO.

235 1162 253 1190 S
263 1169 282 1188 τ
294 1169 305 1189 1
330 1158 380 1188 tali
390 1166 443 1188 tuo
453 1167 586 1198 tempore
597 1167 647 1187 me
657 1167 708 1188 aut
715 1158 891 1188 consolandi
904 1177 913 1191 ‚
931 1167 980 1188 aut
991 1156 1117 1198 juvandi

236 1210 281 1231 tut
302 1200 386 1231 causa
407 1199 531 1230 scribere
553 1200 587 1229 ad
613 1209 641 1230 te
662 1200 776 1241 aliquid
793 1210 847 1240 pro
868 1200 967 1230 nostra
984 1201 1117 1229 amicitia

158 1243 313 1282 oportebat
327 1253 332 1271 z
349 1251 451 1273 tamen
473 1245 485 1269 3
499 1241 634 1272 adhucid
645 1252 711 1272 non
718 1241 847 1272 feceram
860 1253 865 1270 :
887 1244 958 1283 quia
968 1251 1066 1282 neque
1076 1241 1120 1270 le-

157 1287 225 1314 nire
242 1284 365 1315 videbar
383 1285 519 1315 oratione
530 1304 538 1317 ,
560 1293 658 1324 neque
668 1285 764 1314 levare
773 1282 855 1324 poss'e
868 1284 1008 1314 dolorem
1019 1292 1116 1313 tuum.

158 1325 263 1357 Postea
279 1327 354 1357 vero
366 1346 374 1359 ,
391 1325 483 1367 quam
495 1335 635 1367 magnam
646 1326 729 1366 spem
742 1326 847 1356 habere
861 1328 938 1365 coepi
951 1345 959 1358 2
979 1324 1044 1355 fore
1056 1344 1065 1358 ,
1087 1333 1120 1354 ut

158 1377 188 1399 te
200 1368 282 1398 brevi
293 1377 428 1408 tempore
438 1367 626 1398 incolumem
638 1368 816 1398 haberemus
826 1377 831 1396 t
841 1367 935 1398 facere
946 1377 1010 1397 non
1019 1370 1118 1407 potui,

156 1412 234 1450 quin
244 1410 341 1440 tibi&
353 1411 528 1440 sententiam
541 1429 550 1444 ,
571 1410 800 1441 &voluntatem
813 1409 991 1440 declararem
1006 1418 1119 1439 meam.

158 1453 297 1482 Primum
307 1452 399 1493 igitur
409 1452 533 1482 scribam
545 1472 553 1485 ‚
575 1451 656 1492 quod
666 1451 804 1493 intelligo
814 1470 823 1485 ,
836 1452 868 1481 δε
877 1451 1022 1491 perspicio
1032 1471 1040 1484 ,
1054 1460 1119 1481 non

158 1493 225 1524 fore
235 1495 268 1523 in
278 1503 306 1523 te
317 1494 459 1524 Caesarem
471 1493 636 1524 duriorem.
659 1503 732 1523 nam
743 1494 776 1524 δε
785 1503 830 1523 res
842 1503 912 1523 eum
922 1493 1072 1533 quotidie,
1085 1492 1117 1522 δε

159 1534 225 1565 dies
235 1555 243 1569 ‚
259 1535 292 1565 &
301 1537 410 1575 opinio
421 1536 601 1568 bominum,
616 1536 648 1565 δε
658 1555 669 1569 ,
681 1536 801 1565 utmihi
814 1534 950 1567 videtur,
969 1537 1059 1565 etiam
1070 1535 1119 1565 sua

159 1585 262 1607 natura
269 1579 427 1607 mitiorem
445 1576 514 1607 facit
525 1587 531 1606 :
551 1577 643 1618 idque
651 1586 722 1607 cum
732 1577 769 1606 de
779 1578 903 1618 reliquis
912 1577 1009 1607 sentio
1020 1597 1029 1611 ,
1050 1586 1116 1606 turn

158 1619 197 1650 de
207 1628 234 1649 te
244 1621 335 1649 etiam
348 1618 439 1649 audio
449 1628 488 1648 ex
497 1617 735 1649 familiariffimis
746 1620 810 1659 ejus
822 1630 827 1647 :
846 1619 956 1660 quibus
966 1629 1021 1660 ego
1032 1628 1069 1649 ex
1080 1628 1117 1648 eo

159 1670 294 1700 tempore
303 1680 311 1694 ‚
329 1670 390 1701 quo
400 1660 535 1700 primum
547 1670 585 1690 ex
595 1660 693 1691 Africa
707 1663 831 1690 nuntius
841 1663 925 1690 venit
934 1680 942 1694 ,
955 1660 1119 1701 supplicare

159 1703 220 1733 una
231 1701 450 1732 cumfratribus
460 1704 519 1732 tuis
528 1712 591 1732 non
600 1701 710 1733 destiti.
733 1712 863 1743 quorum
873 1703 997 1743 quidem
1012 1703 1045 1732 &
1059 1705 1120 1732 vir-

160 1753 208 1774 tus
220 1764 228 1777 ,
245 1745 277 1774 &
286 1746 378 1784 pictas
388 1764 396 1777 ‚
412 1743 445 1774 &
455 1746 581 1774 amorin
592 1753 620 1774 te
629 1743 784 1786 singularis
796 1765 805 1778 ,
819 1745 851 1774 &
861 1743 989 1778 affidua,
1009 1745 1041 1774 δε
1052 1754 1119 1784 per·

158 1795 249 1827 petua
265 1796 334 1816 cura
353 1785 452 1815 salutis
462 1786 527 1816 ‘tuae
545 1794 662 1816 tanturn
679 1784 818 1826 proficit,
839 1795 871 1816 ut
881 1787 958 1816 nihil
968 1785 1002 1816 fic
1011 1806 1019 1820 ,
1036 1785 1118 1827 quod

159 1838 226 1858 non
236 1829 335 1868 ipsum
347 1828 490 1857 Caesarem
498 1827 684 1858 tributurum
695 1827 879 1858 existimem.
902 1828 958 1858 Sed
976 1826 996 1857 fi
1008 1827 1120 1858 tardius

160 1868 214 1902 fit,
233 1869 324 1910 quam
346 1870 506 1899 volumus:
527 1871 647 1910 magnis
666 1870 914 1909 occupationibus
930 1871 993 1910 ejus
1004 1889 1012 1903 ‚
1032 1870 1048 1899 a
1057 1879 1120 1910 quo

161 1921 267 1942 omnia
276 1920 418 1951 petuntur
426 1931 434 1944 ‚
454 1910 550 1941 aditus
560 1914 596 1941 ad
605 1920 677 1941 eum
686 1911 873 1941 difficiliores
882 1910 1020 1941 fuerunt:
1041 1912 1074 1941 &
1085 1910 1121 1940 fi-

161 1953 228 1983 mul
240 1953 386 1983 Africanae
394 1953 486 1983 causae
496 1954 613 1987 iratior,
628 1953 743 1983 diutius
753 1954 830 1984 velle
841 1953 960 1984 videtur
970 1963 1022 1983 eos
1032 1953 1121 1983 habe-

160 2005 192 2025 re
209 1995 356 2025 sollicitos
369 1996 385 2025 a
397 1995 507 2035 quibus
521 1995 549 2025 se
562 2004 644 2035 putat
654 1995 894 2025 diuturnioribus
904 1994 961 2025 effe
972 1995 1122 2026 molestiis

160 2036 379 2067 conflictatum.
399 2036 449 2067 sed
460 2037 518 2066 hoc
528 2037 625 2076 ipsum
635 2037 836 2077 intelligimus
847 2048 916 2067 eum
928 2037 1062 2078 quotidie
1074 2047 1123 2068 re-

162 2077 278 2108 miffius
289 2099 297 2113 ‚
316 2079 350 2108 &
364 2078 506 2118 placatius
517 2077 603 2109 ferre.
627 2081 723 2120 Qare
738 2081 817 2109 mihi
828 2080 915 2109 crede
928 2099 937 2114 ‚
958 2080 990 2110 ὃς
1000 2089 1122 2109 memo-

161 2122 212 2150 riae
222 2120 329 2150 manda
339 2140 349 2153 ‚
372 2130 422 2150 me
434 2121 488 2150 tibi
499 2120 530 2150 id
541 2119 700 2150 affirmasse
711 2141 720 2154 ,
741 2129 769 2151 te
780 2124 811 2150 in
822 2121 885 2152 istis
897 2121 1044 2152 molestiis
1054 2121 1122 2152 diu-

162 2162 225 2192 tius
244 2172 309 2191 non
325 2161 473 2192 futurum.
496 2164 602 2204 Qum
615 2163 687 2203 quid
701 2163 841 2193 sentirem
853 2183 861 2197 ‚
883 2164 1030 2204 exposui:
1050 2163 1123 2205 quid

165 2204 279 2233 vellem
292 2212 339 2234 tua
347 2204 430 2234 cansa
442 2224 451 2238 ,
462 2214 494 2234 re
502 2204 605 2244 potius
615 2204 771 2235 declarabo
781 2225 790 2238 ‚
805 2206 895 2245 quam
908 2208 1058 2236 oratione:
1078 2206 1121 2240 &‚

164 2243 186 2275 fi
196 2254 310 2275 tanturn
321 2244 436 2284 poss'em
452 2266 460 2278 ‚
475 2248 667 2286 quantumin
678 2256 711 2276 ea
721 2256 781 2287 rep.
794 2247 830 2277 de
840 2257 897 2288 qua
908 2249 945 2277 ita
955 2248 1020 2277 sum
1033 2249 1124 2277 meri·
1136 2248 1139 2249 ⁷

163 2296 211 2317 tus
222 2306 230 2320 ‚
245 2296 278 2316 ut
287 2296 319 2316 tu
329 2286 482 2317 existimas
492 2307 500 2319 ,
515 2286 596 2326 posse
608 2288 771 2318 debebam:
790 2299 828 2318 ne
838 2298 869 2318 tu
881 2289 1006 2329 quidem
1018 2291 1051 2319 in
1061 2288 1124 2319 istis

165 2328 377 2359 'incommodis
399 2327 482 2358 css'es.
507 2328 611 2358 eadem
630 2331 714 2358 enim
732 2330 815 2359 causa
835 2340 906 2369 opes
925 2340 1007 2360 meas
1022 2329 1123 2370 fregit,

164 2381 229 2412 qux
243 2380 323 2400 tuam
333 2370 456 2401 salutem
469 2372 500 2399 in
512 2369 673 2400 discrimen
684 2369 818 2400 adduxit.
836 2371 891 2400 Sed
904 2380 1005 2401 tamen
1015 2391 1024 2404 ‚
1035 2371 1125 2411 quid-

164 2412 237 2453 quid
252 2415 352 2453 imago
362 2415 469 2441 veteris
479 2420 554 2442 meae
565 2410 718 2452 dignitatis
729 2431 738 2445 ‚
756 2411 903 2453 quidquid
915 2413 1048 2453 reliquiae
1056 2422 1124 2454 gra-

168 2464 217 2484 tiae
235 2454 396 2484 valebunt:
418 2452 552 2484 studium
565 2474 572 2486 ,
592 2453 751 2484 consilium
765 2474 774 2487 ,
794 2464 899 2494 opera,
918 2457 1027 2495 gratia,
1049 2454 1122 2484 tides

169 2506 247 2529 mea,
259 2497 345 2526 nullo
355 2496 422 2526 loco
431 2497 524 2526 deerit
534 2498 592 2525 tuis
602 2498 726 2535 optimis
734 2494 885 2526 fratribus.
904 2499 954 2526 Tu
964 2494 1009 2526 fac
1017 2496 1123 2526 habeas

166 2537 277 2568 fortem
295 2540 432 2568 animum
445 2557 453 2571 ‚
472 2547 564 2578 quem
583 2538 700 2576 semper
713 2536 859 2567 habuisti:
878 2539 1013 2578 primum
1024 2537 1065 2567 ob
1078 2547 1125 2567 eas
1144 2531 1145 2542 ¹
1168 2547 1215 2568 res
1226 2547 1324 2567 tecum
1335 2536 1404 2570 esse,
1417 2536 1506 2578 quam
1519 2546 1568 2566 me
1579 2547 1584 2565 2
1595 2534 1818 2570 neceffitudine‚
1830 2546 1999 2566 neminem.
2013 2539 2130 2577 Qam—

167 2589 219 2609 cau
226 2580 266 2610 sas
277 2600 284 2613 ,
304 2589 374 2620 quas
388 2577 483 2619 scripfi
495 2590 500 2607 2
522 2580 631 2609 deinde
644 2599 652 2613 ‚
674 2579 757 2619 quod
770 2589 803 2609 ea
815 2579 852 2609 de
865 2589 925 2620 rep.
940 2579 1057 2620 semper
1069 2589 1125 2609 vo-

166 2620 247 2651 luisti
259 2641 268 2656 ‚
286 2631 372 2665 :itque
382 2619 511 2656 seniisti‚
533 2630 643 2653 utnon
662 2620 758 2654 modo
774 2630 846 2652 cum
864 2620 993 2653 secunda
1010 2622 1121 2666 sperare

212 2777 235 2794 1.
256 2772 414 2810 (strenze-as:
425 2775 490 2806 spem
501 2773 592 2807 sabath
609 2774 769 2809 ostenderem]
792 2773 964 2801 Praetulihoc
973 2784 1006 2800 ex
1018 2775 1076 2801 Pal.
1087 2783 1128 2810 pr.

169 2806 429 2843 tert3btevtechiano
441 2819 446 2835 :
471 2818 516 2834 nec
527 2809 605 2845 longe
616 2810 730 2836 abeunte
740 2811 905 2837 Gruter-iano
919 2829 927 2842 ,
938 2812 1033 2843 explora
1042 2818 1075 2843 te,
1087 2820 1129 2837 re-

171 2840 353 2881 pfaeientante.
374 2844 588 2877 1‘et-k.exp.'0rar0
598 2865 606 2877 ‚
627 2845 696 2872 unde
709 2845 779 2872 forte
797 2845 939 2882 legendum
952 2845 1130 2883 suspicabatur·

171 2875 302 2902 (tulielm.
313 2880 437 2910 explararo.
457 2880 546 2916 paullo
556 2882 611 2917 post
621 2882 707 2908 statim
718 2881 803 2918 scripsi
813 2891 847 2909 ex
866 2881 984 2908 editione
995 2883 1124 2919 principe,

171 2911 323 2938 Grut.1'al.
335 2921 398 2940 tert.
409 2916 544 2942 ster-sech.
563 2917 647 2944 l'eck.
665 2919 712 2951 nisi
727 2928 799 2951 quam
816 2920 848 2944 αὖ
865 2919 916 2952 ipsa
927 2926 976 2951 rep.
995 2922 1058 2945 cnm
1069 2919 1126 2945 vul-

171 2954 252 2982 getur
265 2967 272 2979 ,
292 2950 346 2989 'nist
359 2958 429 2990 tamt,
452 2961 543 2985 quam,
570 2954 622 2983 &aa
650 2953 795 2981 Lambinus
814 2953 953 2990 pertendat
974 2973 983 2986 ,
1009 2956 1055 2989 m'fi
1070 2956 1130 2989 ejus,

170 2992 244 3025 quarn
256 3003 263 3014 ,
281 2993 330 3015 &⁴⁶-
353 2985 473 3021 Deniqne
492 2997 525 3014 ex
537 2989 660 3016 omnibus
679 2989 738 3017 mss.
757 2992 896 3024 restinflm:
914 2999 963 3028 pro
972 3000 1026 3026 quo
1045 2991 1131 3018 exstat

173 3020 313 3051 eastmflm.
656 3021 658 3025 ⁸

179 3060 183 3063 ·
207 3063 235 3080 2.
256 3057 337 3081 Tenon
349 3056 491 3089 fimillimum
505 3061 634 3094 „vi-Aean]
655 3061 793 3088 unanimo
811 3061 934 3088 consensu
956 3061 1022 3089 hanc
1035 3062 1132 3089 1εᾶἰο-

170 3093 500 3133 ncnrpraeikanti’ali.pr.
521 3098 676 3123 ται-τέλεια.
697 3099 782 3124 Vatic.
802 3097 886 3124 editio
905 3098 1026 3134 princeps
1045 3108 1076 3125 ac
1085 3099 1132 3125 vi-

169 3125 261 3153 ‹Storu¹
282 3128 426 3154 Lambinus
439 3147 448 3159 ,
465 3137 554 3156 tamen
571 3140 602 3156 ne
621 3131 684 3157 niliil
697 3134 752 3168 post
763 3133 913 3160 vre'rorium
926 3135 986 3161 nori
1006 3133 1133 3162 addidisse

166 3170 277 3200 putetur
291 3183 299 3198 ‚
311 3164 377 3202 legit
390 3184 398 3199 ,
416 3171 438 3191 tc
446 3174 492 3193 non
509 3175 581 3201 quam
595 3168 736 3202 fimillzmunu
750 3171 866 3203 χναύειν.
886 3179 964 3207 quam
984 3178 1073 3199 tamen
1093 3171 1134 3199 vi-

1158 115 1708 165 cicazonis

1156 194 1281 229 debeas,
1302 194 1350 225 sed
1369 197 1458 226 etiam
1471 216 1480 229 ,
1503 196 1523 226 si
1541 200 1648 228 omnia
1663 196 1782 229 adversa
1794 196 1906 232 essent,
1927 204 2029 230 tamen
2041 199 2118 231 con-⁴

1156 238 1277 268 scientia
1288 238 1321 268 δε
1330 235 1478 282 fastorum
1491 257 1499 272 ‚
1515 238 1547 268 &
1556 238 1751 270 consiliorum
1763 249 1885 271 tuorum
1896 261 1904 274 ‚
1919 250 2116 282 quaecumque

1154 279 1336 312 acciderent,
1348 277 1513 309 foreissimo
1522 299 1531 313 ,
1544 280 1577 310 δε
1587 283 1724 312 maximo
1734 285 1839 312 animo
1848 281 1923 313 ferre
1934 283 2066 314 deberes.

1400 338 1596 369 CICERO
1632 341 1868 371 LIGARIO.

1160 384 1290 463 ME
1310 385 1382 416 scito
1402 394 1531 415 omnem
1550 395 1654 415 meum
1666 387 1799 417 laborem
1812 408 1821 421 .
1844 398 1971 419 ornnem
1981 398 2114 429 operam,

1270 436 1371 457 curam
1385 447 1394 460 ,
1409 425 1540 456 studium
1551 428 1584 456 in
1595 436 1643 458 tua
1652 427 1742 458 salute
1751 429 1939 460 consumere.
1962 441 2032 461 nam
2043 430 2116 461 cum

1153 478 1181 499 te
1191 469 1306 509 semper
1318 468 1454 498 maxime
1462 468 1569 502 dilexi,
1581 477 1646 499 tum
1655 468 1780 500 fratrum
1789 479 1922 505 tuorum,
1934 482 2010 513 quos
2019 474 2116 513 aeque,

1155 520 1241 551 atque
1259 519 1286 540 te
1297 530 1307 544 ,
1329 511 1449 540 summa
1461 509 1666 541 benivolentia
1675 511 1738 541 sum
1746 513 1924 553 complexus
1935 534 1943 547 ,
1964 513 2119 556 fingularis

1155 561 1246 592 pie-tas
1257 572 1266 586 ‚
1285 562 1426 593 amorque
1443 551 1587 582 fraternus
1597 572 1606 586 ,
1627 553 1749 583 nullum
1762 563 1811 583 me
1824 553 2036 594 patiturofficii
2047 566 2115 598 erga

1155 605 1181 624 te
1194 614 1202 627 ‚
1223 593 1372 635 studiique
1392 603 1503 623 munus
1522 603 1570 624 aut
1590 603 1708 635 tempus
1726 597 1958 634 praetermittere.
1980 597 2036 628 Sed
2050 608 2117 639 quae

1157 636 1263 666 faciam
1276 656 1284 669 .
1305 635 1488 676 fecerimque
1508 645 1563 676 pro
1573 644 1620 670 te,
1640 646 1678 666 ex
1697 637 1821 666 illorum
1837 645 1864 666 te
1880 638 2004 672 litteris,
2024 642 2118 679 quam

1156 688 1195 708 ex
1206 679 1283 707 meis
1293 697 1301 711 ,
1322 677 1402 707 malo
1413 677 1602 718 cognoscere.
1626 677 1708 720 Qid
1719 687 1817 707 autem
1830 677 1944 719 sperem
1954 698 1962 712 ,
1985 689 2033 710 aut
2042 690 2118 710 con-

1160 718 1249 749 fidam
1261 739 1269 753 ‚
1287 720 1320 750 δε
1331 720 1521 759 exploratum
1532 719 1654 749 habeam
1666 720 1702 749 de
1713 720 1802 749 salute
1813 728 1861 750 tua
1871 719 1901 749 id
1913 719 1968 750 tibi
1979 720 1995 751 a
2004 732 2054 751 me
2065 722 2120 751 de-

1158 762 1262 791 clarari
1280 761 1364 791 volo.
1387 762 1489 791 4Nam
1504 759 1600 802 siquis
1614 760 1655 791 est
1669 762 1834 791 timidusin
1844 764 1979 802 magnis,
2001 765 2120 803 pericu-

1158 801 1282 844 lofisque
1291 803 1379 833 rebus
1389 823 1397 838 ,
1408 803 1581 844 semperque
1591 805 1684 844 magis
1692 802 1828 833 adversos
1837 814 1937 833 rerum
1945 807 2044 835 exitus
2053 815 2120 835 me-

1159 854 1264 879 tuens,
1284 845 1376 886 quam
1389 845 1505 885 sperans
1515 844 1658 875 secundos
1672 865 1681 878 ‚
1702 847 1728 874 is
1736 855 1790 887 ego
1799 845 1864 875 sum
1878 856 1883 874 :
1903 846 1954 880 ὃς,
1973 845 1993 875 si
2005 847 2062 877 hoc
2071 849 2125 877 vi-

1160 889 1237 917 tium
1256 886 1318 922 est,
1337 897 1374 917 eo
1392 897 1440 916 me
1459 897 1523 917 non
1540 896 1636 917 carere
1652 885 1808 917 confiteor.
1832 889 1897 927 Ego
1914 887 1995 918 idem
2017 898 2118 919 tamen

1158 928 1230 959 cum
1244 929 1280 959 ad
1291 939 1320 959 v.
1332 929 1398 959 Kal.
1418 929 1615 959 intercalareis
1632 931 1745 968 priores
1756 949 1765 962 ,
1787 939 1888 970 rogatu
1904 928 2030 960 fratrum
2048 940 2120 961 tuo-

1158 979 1226 1000 rum
1238 969 1384 1001 veniffem
1396 970 1485 1001 mane
1497 971 1534 1001 ad
1543 970 1686 1001 Caesarem
1699 981 1704 999 :
1722 980 1808 1011 atque
1829 980 1955 1001 omnem
1974 972 2118 1006 adeundi,

1161 1012 1194 1042 &
1207 1012 1413 1043 conveniendi
1431 1012 1511 1042 illius
1528 1012 1738 1053 indignitatem
1753 1014 1786 1042 δι’,
1799 1011 1969 1043 molestiam
1979 1014 2120 1053 pertulis-

1162 1057 1225 1084 sem
1237 1064 1243 1083 :
1262 1064 1333 1084 cum
1345 1053 1446 1083 fratres
1458 1073 1466 1087 ‚
1488 1054 1520 1084 δε
1531 1058 1693 1094 propinqui
1709 1063 1751 1083 tui
1762 1056 1893 1094 jacerent
1906 1055 1941 1084 ad
1955 1055 2044 1095 pedes
2054 1075 2062 1089 ‚
2084 1056 2119 1086 δε

1161 1105 1216 1136 ego
1229 1094 1321 1125 essem
1337 1095 1454 1124 locutus
1466 1115 1474 1127 .
1495 1105 1559 1135 quae
1570 1095 1653 1125 causa
1666 1115 1674 1128 ,
1693 1099 1706 1122 5
1715 1106 1779 1135 quae
1792 1105 1878 1126 tuum
1889 1105 2006 1136 tempus
2014 1097 2121 1137 postu-

1162 1138 1255 1167 labat:
1268 1147 1333 1166 non
1344 1135 1443 1166 solnm
1455 1146 1494 1165 ex
1504 1138 1640 1166 oratione
1655 1137 1773 1166 Caesaris
1783 1156 1791 1170 ‚
1803 1147 1868 1177 quae
1878 1137 1946 1167 sane
1957 1139 2071 1172 mollis,
2084 1139 2118 1170 δε

1161 1179 1291 1209 liberalis
1300 1177 1374 1208 fuit:
1388 1177 1437 1207 sed
1447 1179 1537 1207 etiam
1549 1187 1586 1207 ex
1603 1178 1699 1207 oculis
1719 1179 1751 1207 &
1763 1186 1847 1208 vultu
1858 1190 1867 1212 3
1883 1188 1923 1208 ex
1934 1181 2037 1209 multis
2046 1190 2121 1220 prae-

1161 1221 1238 1251 terea
1255 1219 1345 1262 fignis
1357 1230 1362 1248 :
1381 1229 1448 1260 quae
1457 1218 1574 1250 facilius
1584 1219 1748 1259 perspicere
1758 1221 1842 1259 potui
1853 1239 1862 1253 ‚
1883 1220 1974 1260 quarn
1984 1221 2118 1253 scribere:

1164 1264 1239 1294 hanc
1253 1264 1285 1292 in
1299 1263 1478 1302 opinionem
1489 1260 1621 1295 discesti,
1640 1271 1672 1291 ut
1691 1262 1770 1291 mihi
1787 1271 1836 1291 tua
1853 1261 1927 1299 salus
1947 1262 2038 1293 dubia
2054 1274 2120 1294 non

1161 1303 1242 1335 efl'et.
1267 1303 1475 1375 Qamobrem
1487 1302 1534 1333 fac
1546 1304 1650 1333 animo
1663 1313 1775 1343 magno
1785 1323 1794 1337 ,
1813 1302 1943 1344 fortique
1953 1303 2005 1334 sis:
2027 1304 2059 1335 &
2069 1324 2078 1339 ‚
2099 1303 2123 1336 sx

1161 1346 1273 1377 turbidi
1298 1356 1359 1376 ima
1367 1346 1514 1385 sapienter
1521 1344 1635 1375 ferebas
1646 1364 1655 1378 ,
1668 1346 1873 1384 tranquilliora
1883 1345 1949 1375 laete
1957 1345 2042 1377 feras.
2058 1349 2122 1388 Ego

1160 1397 1262 1419 tamen
1280 1398 1338 1419 tuis
1355 1387 1443 1417 rebus
1456 1385 1494 1417 fic
1504 1386 1591 1418 adero
1602 1406 1611 1420 ,
1632 1394 1665 1416 ut
1676 1384 1868 1416 difficillimis
1877 1406 1886 1421 ‚
1907 1397 2005 1428 neque
2017 1390 2122 1419 Caesari

1162 1430 1260 1461 solum
1272 1450 1280 1464 ,
1300 1429 1350 1460 sed
1362 1431 1452 1459 etiam
1463 1430 1568 1459 amicis
1580 1429 1643 1468 ejus
1653 1447 1662 1461 ‚
1682 1428 1828 1458 omnibus
1840 1449 1849 1462 ‚
1869 1438 1946 1469 quos
1956 1431 2034 1459 mihi
2043 1432 2122 1460 ami-

1160 1470 1292 1502 ciffimos
1302 1470 1359 1501 effe
1368 1472 1520 1511 cognovi,
1529 1479 1585 1512 pro
1595 1479 1623 1501 te
1632 1489 1640 1504 ,
1653 1468 1725 1501 sicut
1733 1469 1829 1501 adhuc
1837 1469 1896 1502 feci
1906 1490 1915 1505 ‚
1926 1470 2121 1504 libentiffime

1159 1513 1342 1555 supplicabO.
1387 1513 1471 1543 Vale.

1385 1575 1578 1606 CICERO
1608 1575 1838 1608 BASILIQ
1869 1576 1898 1605 S.

1257 1627 1272 1654 1
1282 1635 1300 1655 B
1311 1634 1323 1654 1
1342 1624 1487 1666 gratulor:
1508 1625 1587 1654 mihi
1597 1623 1711 1665 gaudeo
1726 1634 1731 1653 :
1751 1633 1779 1654 te
1788 1634 1875 1654 amo:
1894 1633 1942 1654 tua
1952 1631 2045 1654 tueor.
2066 1621 2084 1653 a
2094 1631 2122 1653 te

1257 1676 1367 1702 arnan,
1388 1666 1423 1697 δε
1439 1666 1512 1707 quid
1532 1675 1596 1708 agas
1609 1686 1617 1700 ,
1639 1665 1771 1707 quidque
1789 1676 1889 1708 agatur
1901 1686 1911 1700 ,
1930 1668 2039 1697 certior
2057 1663 2124 1696 fieri

1164 1710 1246 1739 volo.

1296 1759 1628 1789 BITHYNICUS
1659 1759 1934 1792 CICERONI,
1961 1759 1991 1788 S.

1224 1807 1239 1834 1
1258 1805 1337 1834 mihi
1349 1813 1449 1834 tecum
1462 1804 1569 1835 non&
1580 1805 1684 1834 multae
1696 1824 1704 1838 ‚
1723 1803 1757 1834 δε
1772 1802 1858 1843 justae
1875 1804 1967 1834 causae
1984 1804 2125 1834 amicitiae

1224 1848 1365 1886 privatim
1377 1844 1470 1875 essent
1480 1866 1488 1879 ‚
1509 1856 1672 1886 repeterem
1694 1847 1781 1876 initia
1797 1846 1938 1876 amicitiae
1948 1855 1986 1876 ex
1995 1847 2127 1886 parenti·

1164 1888 1221 1918 bus
1238 1887 1346 1918 nostris
1357 1907 1366 1921 ‚
1388 1888 1470 1928 quod
1489 1887 1662 1917 facrendum
1677 1889 1714 1917 iis
1727 1886 1890 1921 existimo,
1909 1889 1961 1928 qui
1971 1896 2125 1928 paternam

1165 1931 1330 1961 amicitiam
1342 1930 1435 1959 nuliis
1445 1928 1496 1970 ipsi
1507 1928 1616 1960 officiis
1626 1929 1772 1969 prosecuti
1787 1929 1861 1960 sunt.
1885 1931 1985 1970 Itaque
1994 1938 2125 1960 conten-

1164 1981 1211 2002 tus
1223 1982 1274 2002 ero
1285 1971 1382 2002 nostra
1393 1971 1524 2011 ipsorum
1535 1974 1683 2001 amicitia:
1701 1972 1787 2009 cujus
1797 1970 1905 2002 fiducia
1914 1981 1984 2012 peto
1994 1973 2009 2001 a
2019 1980 2047 2001 te
2059 1991 2068 2004 ,
2091 1978 2126 2002 ut

1164 2014 1317 2044 absentem
1330 2024 1378 2043 me
1390 2034 1398 2047 ,
1413 2014 1655 2054 quibuscumque
1666 2014 1698 2043 in
1708 2014 1796 2043 rebus
1805 2023 1880 2053 opus
1891 2013 1997 2047 fuerit,
2014 2022 2125 2046 tueare,

1165 2054 1186 2085 si
1206 2056 1327 2086 nullum
1346 2055 1485 2087 officium
1503 2065 1589 2087 tuum
1601 2055 1678 2097 apud
1690 2065 1739 2086 me
1751 2057 2013 2087 intermoriturum
2022 2053 2125 2085 existi-

1166 2108 1242 2128 mas.
1287 2099 1371 2129 Vale.

1319 2160 1574 2190 MCICERO
1603 2159 1922 2192 BITHYNICO‚
1945 2159 1973 2187 S.

1175 2205 1324 2282 CUM
1356 2215 1519 2235 ceterarum
1546 2214 1647 2235 rerum
1669 2205 1752 2235 causa
1773 2206 1863 2244 cupio
1884 2202 1942 2233 ess'e
1966 2201 2127 2243 aliquando

1258 2257 1352 2287 remp.
1363 2246 1556 2277 constitutam
1569 2258 1574 2275 :
1590 2256 1656 2277 tum
1667 2247 1760 2276 velim
1771 2248 1848 2276 mihi
1858 2244 1958 2275 credas
1968 2264 1977 2278 ‚
1987 2245 2126 2275 accedere

1167 2289 1198 2319 id
1219 2291 1310 2319 etiam
1324 2308 1333 2322 ,
1354 2299 1416 2330 quo
1436 2291 1530 2328 magis
1546 2297 1685 2327 expetam
1698 2286 1877 2326 promifl'um
1892 2295 1978 2315 tuum
1989 2305 1998 2319 ‚
2020 2287 2125 2326 quoin

1164 2331 1272 2360 litteris
1282 2340 1381 2360 uteris.
1403 2330 1513 2360 Scribis
1522 2331 1606 2358 enirn
1617 2348 1625 2361 ,
1643 2327 1662 2357 si
1674 2330 1714 2358 ita
1724 2327 1772 2360 sit,
1792 2337 1819 2358 te
1830 2337 1950 2357 mecum
1960 2326 2018 2357 effe
2028 2326 2128 2357 viciu-

1165 2381 1245 2401 rum.
1270 2369 1439 2400 Gratiffima
1448 2371 1526 2399 mihi
1539 2378 1587 2400 tua
1596 2370 1736 2400 voluntas
1749 2369 1808 2399 est2
1825 2368 1954 2409 facisque
1964 2369 2042 2399 nihil
2052 2370 2127 2399 alie-

1167 2422 1244 2442 num
1264 2409 1477 2442 neceffitudme
1497 2410 1596 2441 nostra
1612 2431 1621 2444 ,
1636 2411 1816 2451 judiciisque
1834 2420 1923 2450 patris
1941 2414 1985 2440 tui
2004 2411 2041 2441 de
2061 2420 2124 2446 me,

1166 2454 1281 2484 summi
1298 2455 1367 2483 viri.
1392 2456 1471 2483 Nam
1488 2451 1525 2482 fic
1538 2453 1663 2483 habeto:
1683 2453 1904 2483 beneficiorum
1919 2453 2128 2494 magnitudine

1168 2505 1238 2529 eos,
1258 2497 1310 2535 qui
1323 2496 1512 2534 temporibus
1523 2496 1697 2528 valuerunt,
1717 2496 1911 2527 autvaleant‚
1931 2493 2128 2534 conjunfflo-

1169 2579 1274 2609 obrem
1291 2587 1368 2620 grata
1384 2580 1461 2609 mibi
1476 2577 1518 2609 est
1531 2598 1539 2611 ,
1560 2578 1592 2608 &
1603 2580 1750 2607 memoria
1762 2587 1809 2609 tua
1819 2577 1928 2609 nostrae
1935 2576 2131 2620 conjunckio-

1170 2623 1219 2652 nis
1231 2640 1241 2654 ‚
1255 2620 1287 2651 &
1297 2622 1324 2661 ej
1330 2630 1363 2652 us
1373 2622 1464 2651 etiam
1475 2619 1616 2661 augendae
1624 2620 1774 2652 voluntas.
2062 2661 2120 2693 ΟΕ

2005 2663 2030 2692 C
2037 2663 2053 2691 Ι
2119 2675 2133 2682 -

1171 2775 1222 2803 deo
1240 2775 1341 2802 exstare
1351 2776 1378 2803 in
1398 2785 1426 2803 v.
1437 2784 1465 2802 e.
1485 2781 1515 2801 ut
1525 2774 1568 2801 hic
1581 2774 1605 2801 ei
1615 2774 1760 2811 ignoscam.
1776 2775 1857 2809 vulgo
1872 2792 1880 2806 ,
1889 2783 1933 2801 mn
1943 2775 2130 2807 tefimilt’mprae-

1171 2815 1236 2838 beas.
1258 2822 1260 2824 ·

1210 2857 1235 2884 3.
1256 2846 1573 2880 {Adhucidmnftceramss
1599 2846 1641 2872 Sic
1652 2844 1850 2876 Mediecodex,
1861 2844 1887 2870 ὃ(
1899 2854 1933 2871 ex
1944 2854 1975 2872 co
1985 2844 2135 2879 metonae,

1174 2893 1258 2921 neque
1276 2884 1356 2910 variat
1367 2883 1450 2910 Vatic.
1461 2890 1489 2908 at
1501 2882 1567 2908 1'211.
1580 2891 1621 2918 pr.
1633 2889 1697 2907 tert.
1708 2882 1902 2913 Grunsecerim.
1915 2881 2062 2916 vulguseci.

1207 2921 1337 2955 4.‘1(,amfi
1343 2920 1394 2954 quir
1404 2920 1439 2944 ef?
1445 2917 1568 2951 timidus]
1583 2920 1621 2944 lta
1631 2916 1744 2943 fidenter
1755 2916 1837 2942 scribo
1848 2925 1879 2942 ex
1894 2916 1936 2943 Pal
1944 2919 2132 2945 .tert.Gruter.

1171 2957 1304 2982 Stewcch.
1323 2954 1394 2991 quod
1404 2961 1441 2980 ita
1452 2953 1620 2979 meminerim
1631 2952 1705 2988 loqui
1717 2953 1804 2978 Plaut.
1816 2952 1979 2979 Mostellaria
1992 2952 2025 2979 de
2036 2953 2082 2981 hac
2092 2963 2132 2982 re:

1175 2995 1217 3027 qui
1227 2993 1288 3017 homo
1297 2991 1396 3016 tImIAur
1404 2993 1449 3015 erit
1457 2992 1483 3014 in
1494 2991 1563 3015 rebm-
1572 2989 1659 3019 dubiis,
1670 2992 1742 3014 nauci
1751 2998 1796 3014 non
1805 2991 1860 3014 erit.
1880 2989 1901 3014 V
1906 2988 1970 3025 ulgo
1983 2990 2118 3024 quIJquam.

1212 3037 1237 3061 5.
1256 3028 1311 3059 Q:
1328 3033 1394 3052 tuum
1402 3032 1492 3057 tempus
1506 3026 1663 3059 postulabanj
1688 3026 1722 3051 O.
1736 3024 1794 3050 inss'.
1811 3023 1905 3050 melius
1918 3044 1926 3056 ,
1946 3034 2027 3060 quam
2039 3025 2134 3062 vulgo,

1174 3073 1224 3097 (χιιι
1232 3070 1322 3096 tempus
1330 3069 1380 3090 tum
1386 3062 1529 3094 postulabat.
1548 3060 1638 3097 paullo
1651 3060 1706 3096 post
1720 3080 1727 3092 ,
1747 3062 1776 3090 (ἶ)
1784 3062 1858 3085 vultu
1869 3069 1877 3091 3
1898 3070 1927 3086 ex
1937 3061 2014 3086 multis
2021 3067 2136 3093 praeterea

1167 3099 1241 3132 signis
1249 3097 1345 3124 liabent
1365 3105 1423 3123 cum
1435 3106 1461 3122 o.
1482 3096 1538 3123 mss'.
1558 3096 1689 3123 editiones
1701 3096 1815 3123 Vietoni
1834 3106 1863 3122 ac
1873 3096 1968 3132 prima.
1988 3096 2136 3122 Lambinus

1177 3142 1265 3160 tamen
1275 3133 1356 3159 homo
1375 3131 1549 3159 furaciffimus
1568 3134 1595 3158 S:
1616 3132 1767 3162 vanissinius
1785 3132 1905 3161 oninium
1918 3151 1926 3166 ,
1945 3133 1973 3160 &
1988 3132 2137 3163 ὐκΙιιιργεκ

1177 3169 1266 3196 multis.
1288 3168 1369 3205 vulgo
1381 3169 1410 3202 ὠ
1421 3170 1491 3197 vultu
1500 3169 1529 3202 (3⁹
1537 3169 1690 3203 mttltirpraet.
2066 3204 2091 3227 S·
2122 3201 2142 3228 d

2024 3211 2049 3230 ι.
2082 3210 2122 3227 itm

2138 353 2184 386 ¹4

2141 1586 2186 1619 15

2145 1757 2188 1807 ιε

2148 2167 2187 2200 ¹7
