2360 3400
104 278 113 298 .
700 111 1588 308 ‘Fsskssffi'

167 357 266 459 O
399 354 498 446 R
643 359 731 443 A
879 353 966 442 T
1102 359 1146 445 1
1287 357 1378 444 o
1518 356 1620 444 N
1755 359 1831 447 u
1962 358 2116 458 Μ,-

526 495 609 552 Μ.
688 493 1072 552 TULLII
1147 496 1773 566 CICERONIS,

675 608 922 676 Qarum
944 603 1196 681 deinceps
1222 606 1605 681 subsequuntur

428 711 1859 805 FRAGMENTA.

161 866 222 896 Pro
233 860 407 893 M.Tu11io.
1163 865 1199 894 In
1209 863 1354 894 Clodium
1365 884 1374 899 ,
1387 863 1421 896 &
1431 867 1608 897 Curionem.

164 908 204 937 L.
215 908 344 935 Vareno.
1164 907 1213 935 De
1226 916 1291 946 rege
1301 906 1473 938 Ptolemaeo.

163 949 197 979 P.
213 947 322 986 Oppio.
1166 949 1223 977 Pro
1236 949 1282 977 M.
1294 948 1425 979 AEmilio
1435 952 1554 981 Scauro.

163 989 211 1019 M.
225 986 396 1019 Fundanio.
1166 991 1223 1018 Pro
1235 989 1423 1020 A.‹Gabinio.

163 1032 197 1061 C.
211 1029 368 1060 Cornelio.
391 1032 416 1060 1.
1165 1032 1307 1062 Praeterea
1318 1030 1360 1061 fra
1383 1041 1484 1064 menta
1493 1034 1674 1067 orationum.

164 1074 198 1103 C.
212 1071 364 1102 Cornelio.
388 1075 402 1102 Ι
412 1073 439 1102 1.
1161 1074 1220 1102 Pro
1230 1074 1260 1102 P.
1270 1074 1356 1114 Qin
1390 1074 1433 1104 io.

161 1116 200 1144 In
210 1114 436 1153 competitores.
1162 1115 1218 1143 Pro
1228 1116 1272 1143 Μ.
1284 1117 1424 1146 Fonteio.

159 1158 219 1187 Pro
230 1155 388 1193 QGallio.
1161 1157 1210 1184 De
1219 1156 1283 1196 lege
1294 1158 1423 1196 Agraria.

159 1199 210 1227 De
220 1197 453 1236 proscriptorum
464 1197 576 1229 liberis.
1160 1199 1197 1226 In
1210 1199 1245 1227 L.
1257 1199 1411 1228 Pisonem.

159 1240 275 1269 Contra
285 1240 322 1276 Q.
338 1240 455 1270 Metelli
470 1242 664 1272 concionem,
1159 1240 1300 1271 Praeterea
1311 1249 1351 1271 ex
1364 1243 1592 1276 commentariis
1598 1242 1761 1277 causarum.

160 1281 212 1312 De
226 1281 383 1312 consulatu
396 1281 459 1312 suo.

195 1399 251 1455 A
266 1398 328 1453 U
343 1399 394 1453 C
407 1398 463 1452 T
478 1398 534 1452 O
548 1398 604 1452 R
618 1398 664 1451 E
678 1397 711 1451 S
727 1434 744 1461 ‚
762 1417 823 1452 ex
835 1397 1018 1473 quibus
1038 1401 1202 1455 omnia
1213 1401 1530 1475 Fragmenta
1544 1401 1790 1457 librorum
1809 1403 1858 1458 C
1854 1402 2082 1468 iceromis,

284 1474 595 1527 ‘Poematum
605 1508 621 1534 ‚
635 1477 919 1526 orationum
932 1510 947 1534 ‚
961 1472 1066 1531 &a
1108 1471 1141 1527 ὰ
1151 1476 1278 1529 Rob.
1293 1476 1567 1548 Stephano,
1585 1477 1764 1532 Carolo
1777 1477 1817 1533 S
1816 1480 1995 1550 igoniO,

615 1545 834 1601 Andrea
853 1547 1126 1611 Patricio,
1157 1547 1263 1608 &a
1306 1550 1658 1620 collefflafimt.

156 1662 276 1705 Aquila.
1162 1662 1304 1696 Isidorus.

156 1706 317 1737 Asconius.
1162 1705 1344 1737 Laaantius.

154 1749 198 1778 D.
210 1745 408 1788 Augustinus»
1163 1748 1348 1778 Macrobius.

153 1790 301 1818 Boethus.
1162 1789 1367 1819 Marcellinus.

153 1828 297 1861 Carifius.
596 1847 604 1856 -
1158 1830 1283 1860 Nonius
1293 1830 1467 1863 Marcellus·

152 1872 220 1911 Ipse
229 1874 349 1902 Cicero.
1161 1871 1288 1902 Plinius.

154 1913 341 1944 Columella.
1160 1913 1333 1945 Priscianus.

152 1954 336 1986 Diomedes.
1160 1955 1379 1995 Qintilianus.

150 1998 304 2028 Donatus.
1159 1998 1282 2027 Seneca.

151 2037 267 2071 Festus.
1158 2040 1288 2069 Servius.

151 2080 396 2112 Fortunatianus.
1158 2082 1332 2111 Suetonius.

154 2122 284 2153 Gellius.
1158 2121 1305 2151 Valerius.

152 2167 197 2196 D.
206 2165 430 2205 Hieronymus.
1130 2152 1134 2190 ἰ
1157 2163 1316 2203 Ulpianus.

375 2271 494 2327 EX
547 2269 1050 2328 ORATIONE
1092 2289 1229 2327 PRO
1279 2273 1361 2328 M.
1405 2274 1765 2331 TULLIO
1841 2277 1883 2331 I.

490 2376 584 2408 'Deest'
594 2377 774 2419 principium.
1153 2376 1278 2412 faceret,
1289 2389 1360 2410 cum
1371 2380 1529 2420 Populeno
1541 2401 1548 2414 ‚
1562 2382 1591 2411 in
1602 2380 1750 2411 familiam
1764 2381 1980 2412 Ancharianam
1993 2382 2116 2414 incidis-

192 2419 430 2460 PmscrANus.]
455 2421 526 2450 Hoc
543 2420 689 2458 judicium
711 2418 748 2449 sic
765 2417 950 2459 exspectatur
963 2437 972 2454 ,
995 2427 1029 2450 ut
1046 2428 1112 2450 non
1156 2420 1350 2451 sedixerunt:
1367 2421 1475 2452 deinde
1486 2423 1675 2462 Populenum
1686 2424 1816 2453 occisum
1829 2422 1905 2453 effe:
1926 2424 2010 2454 illico
2021 2427 2114 2455 Vare—

152 2473 222 2496 unae
234 2465 275 2493 rei
288 2462 374 2492 statui
387 2482 395 2495 ‚
408 2461 457 2492 sed
467 2461 613 2492 omnibus
623 2460 765 2491 constitui
776 2470 903 2500 putetur.
1154 2471 1231 2491 num
1243 2462 1383 2493 vinclum
1395 2483 1404 2498 ,
1414 2463 1599 2495 adservatum
1610 2484 1620 2499 ,
1639 2464 1714 2495 dum
1727 2466 1776 2495 hic
1785 2464 1972 2500 ostenderet,
1991 2466 2064 2507 quid
2074 2466 2113 2498 de

196 2508 323 2546 er.
338 2502 407 2532 libro
415 2512 444 2540 4.
456 2504 546 2544 capite
554 2503 601 2544 2.]
626 2503 767 2533 Fundum
786 2502 872 2533 habet
888 2504 920 2532 in
933 2512 1001 2544 agro
1012 2504 1111 2543 Tigu·
1154 2512 1190 2533 co
1203 2502 1266 2534 fieri
1276 2505 1378 2535 vellet.

153 2548 223 2578 rino
234 2548 278 2575 M.
290 2545 413 2575 Tullius
423 2554 589 2584 paternum.
1197 2548 1324 2585 Qum-r.
1339 2545 1388 2575 lib.
1399 2556 1428 2587 7.
1443 2548 1551 2590 cap.1.]
1575 2551 1612 2579 In
1625 2549 1723 2590 legem
1738 2548 1775 2578 de
1788 2548 1896 2579 ficariis
1907 2548 2060 2580 commifit
2071 2538 2115 2580 ῙῘΪ

196 2591 324 2626 Qumr.
339 2584 408 2614 libro
422 2595 450 2623 5.
465 2597 487 2615 c.
503 2586 535 2615 de
546 2586 742 2627 refutatione]
767 2588 842 2628 Qis
855 2587 914 2617 hoc
928 2585 1028 2617 statuit
1041 2597 1112 2617 um·
1154 2589 1299 2618 Varenus.
1323 2590 1402 2619 Nam
1415 2592 1447 2619 C.
1457 2592 1611 2620 Varenum
1623 2590 1790 2621 occidendo
1800 2611 1808 2623 ‚
1821 2591 1853 2621 &
1865 2593 1990 2621 Cnaeum
2000 2591 2113 2622 vulne—

152 2639 244 2672 quam
257 2648 265 2662 ,
284 2637 333 2658 aut
345 2629 394 2657 cui
406 2627 532 2658 concedi
547 2627 608 2657 fine
622 2628 742 2658 summo
753 2630 896 2658 omnium
909 2630 1043 2668 periculo
1057 2639 1112 2669 po·
1153 2629 1247 2659 mndo
1258 2650 1266 2663 ,
1279 2630 1311 2660 &
1321 2631 1464 2661 Salarium
1476 2632 1728 2662 item‘occidendo
1740 2652 1749 2666 ,
1761 2632 1849 2662 cadit.

153 2670 209 2703 test
220 2691 228 2704 ,
241 2679 273 2700 ut
282 2679 352 2700 eum
361 2670 426 2708 jure
437 2671 567 2709 potuerit
576 2670 710 2700 occidere
720 2689 729 2704 ,
740 2671 826 2711 aquo
838 2669 974 2701 metuiffe
985 2671 1012 2701 se
1021 2671 1111 2705 dicat,
1195 2673 1321 2709 Quiur.
1336 2671 1385 2700 lib.
1397 2683 1424 2711 7.
1439 2682 1487 2714 cap
1504 2673 1546 2714 1.]
1570 2676 1654 2704 Turn
1666 2676 1697 2704 C.
1710 2677 1844 2704 Varenus
1856 2676 1892 2708 is,
1904 2676 1956 2715 qui
1967 2674 1982 2705 Ξι
1992 2674 2110 2707 familia

153 2723 194 2746 ne
206 2712 266 2752 ipse
277 2710 422 2751 posterius
431 2711 635 2742 occideretur?
1152 2715 1337 2744 Anchariana
1347 2714 1461 2745 occisus
1471 2714 1513 2745 est
1525 2725 1530 2744 :
1555 2714 1638 2753 (Hoc
1646 2735 1654 2749 ‚
1671 2717 1771 2756 quaeso
1782 2735 1790 2750 ‚
1802 2717 1919 2756 judices
1930 2737 1938 2750 ‚
1949 2717 2111 2758 diligenter

196 2753 340 2794 Qumr]
363 2755 392 2783 Si
421 2754 488 2793 quis
513 2751 613 2783 furem
640 2753 785 2784 occiderit
799 2774 808 2788 ,
832 2754 940 2793 injuria
957 2755 1108 2785 occiderit.
1151 2754 1318 2794 attendite.)

153 2795 375 2839 quamobrem?
397 2797 465 2835 quia
486 2795 531 2830 jus
549 2794 746 2825 constitutum
762 2796 888 2826 nullum
906 2795 957 2826 est.
981 2795 1065 2836 quisi
1080 2797 1108 2827 se
1194 2799 1281 2826 Pars.
1295 2797 1343 2827 lib.
1359 2805 1384 2838 3.
1406 2797 1441 2830 ἐφ’
1454 2800 1580 2836 Qumr.
1592 2797 1641 2827 lib.
1655 2799 1680 2828 8.
1693 2807 1751 2841 cap.
1765 2800 1808 2841 3]
1832 2801 1866 2830 L.
1880 2800 1931 2830 ille
1941 2800 2107 2841 Septimius

154 2838 218 2869 telo
227 2836 415 2869 defenderit?
436 2836 514 2867 haud
525 2838 643 2877 injuria.
666 2837 740 2879 quid
750 2839 809 2868 ita?
831 2839 898 2879 quia
908 2837 1106 2869 constitutum
1150 2838 1272 2869 diceret.
1295 2843 1407 2869 etenim
1421 2839 1463 2869 est
1472 2839 1507 2869 ad
1519 2842 1552 2870 L.
1565 2839 1652 2870 Craffi
1663 2841 1865 2882 eloquentiam
1876 2844 1972 2884 gravis
1984 2862 1992 2876 ,
2011 2843 2043 2873 &
2053 2850 2108 2873 ve·

153 2879 211 2911 est.
1151 2881 1277 2910 hemens
1290 2901 1298 2914 ‚
1312 2881 1343 2911 &
1355 2881 1508 2911 volubilis.
1528 2884 1652 2912 Erucius
1665 2884 1713 2912 hic
1723 2883 1839 2917 noster,
1852 2883 2103 2915 Antoniasterest.

529 2923 620 2951 Cetera
634 2921 740 2962 desunt.
1191 2924 1302 2952 Piusc.
1324 2922 1376 2952 [ib.
1393 2922 1456 2963 12.]
1481 2926 1521 2953 Ea
1534 2923 1626 2954 caedes
1641 2923 1659 2953 sl
1673 2923 1858 2964 potiffimum
1870 2928 1994 2956 crimini
2005 2926 2103 2961 datur,

511 2965 567 2993 Pro
577 2965 610 2993 L.
622 2966 749 2993 Vareno.
1149 2963 1234 2993 detur
1244 2967 1270 2994 ei
1282 2984 1289 2998 ,
1301 2967 1366 2995 cuia
1377 2963 1512 2994 interfuit
1523 2985 1531 2998 ,
1545 2975 1607 2994 non
1620 2967 1665 2999 ei,
1677 2968 1742 2997 cuia
1752 2967 1830 2996 nihil
1840 2966 1986 2998 interfuit.

490 3004 770 3046 Deeffprincipium.
1190 3008 1317 3044 QuiNr.
1331 3005 1378 3035 lib.
1392 3016 1419 3042 5.
1436 3014 1493 3047 cap.
1511 3016 1545 3035 10
1559 3007 1574 3047 ]
1599 3009 1690 3047 Optio
1702 3007 1790 3038 vobis
1799 3009 1884 3039 datur
1894 3028 1902 3042 ‚
1915 3008 2016 3039 utrum
2028 3009 2105 3039 veli—

193 3048 303 3090 Pius.]
327 3050 359 3078 C.
372 3047 538 3077 Ancharius
549 3046 647 3077 Rufus
658 3047 674 3077 ὲ
688 3047 857 3087 municipio
866 3047 1029 3089 Fulginate.
1149 3049 1185 3077 tis
1196 3067 1204 3081 ‚
1222 3048 1288 3077 casu
1300 3048 1354 3078 illo
1365 3051 1469 3078 itinere
1481 3049 1632 3079 Varenum
1643 3047 1700 3080 effe
1710 3051 1797 3082 usum
1810 3071 1819 3086 2
1838 3060 1877 3082 an
1887 3051 1976 3086 huius
1986 3051 2104 3092 persua-

193 3090 324 3130 ansc]
350 3093 383 3120 In
399 3087 570 3128 praefectura
583 3089 744 3130 Fulginate.
1149 3089 1180 3120 su
1191 3109 1200 3123 ‚
1213 3089 1246 3119 &
1256 3089 1393 3120 ιἠἀυᾶὶυ.
1925 3086 1932 3092 '

194 3130 427 3172 Q1N1·lib·5·
441 3137 500 3172 cap·
515 3129 577 3171 13·]
597 3131 678 3163 cum
687 3133 743 3162 iter
751 3140 803 3172 per
812 3140 896 3173 agros
905 3150 916 3167 2
928 3131 960 3164 &
971 3132 1037 3164 loca
1045 3130 1106 3164 sola
1190 3132 1320 3173 Pana]
1343 3131 1447 3164 Deum
1458 3130 1559 3163 fidem.

1471 3175 1670 3210 Ccccccce
1993 3173 2106 3218 Depone
