2360 3400
551 112 688 146 DE'

166 186 214 220 eis
227 207 236 222 ‚
250 184 351 218 Stoico
363 181 460 213 facere
471 178 558 212 licuit
568 200 577 214 ,
599 180 629 211 id
640 201 651 214 ,
663 189 720 210 nos
729 188 762 210 ut
772 181 805 210 in
818 180 940 220 reliquis
950 178 1039 209 rebus
1050 178 1142 209 facia-

170 240 240 261 mus
250 248 262 262 ,
274 228 289 257 a
300 226 406 257 Stoicis
417 233 481 254 non
492 223 695 254 concedetur?
709 222 873 263 praesertim
885 220 957 252 cum
969 221 999 251 id
1012 241 1021 254 ‚
1033 221 1069 251 de
1081 231 1142 261 quo

167 271 305 304 Panaetio
325 276 388 297 non
402 267 497 307 liquet
508 285 517 300 ,
536 266 660 307 reliquis
673 265 808 304 ejusdem
819 263 984 304 disciplinae
996 263 1066 293 solis
1078 264 1144 292 luce

168 312 304 344 videatur
325 309 446 339 clarius.
469 307 526 338 Sed
539 309 600 338 haec
609 307 734 349 quidem
746 308 810 337 laus
821 307 990 336 Academiae
1003 303 1142 345 praestan-

168 352 274 386 tiffimi
294 351 471 393 philosophi
488 350 608 390 judicio
619 369 627 383 ‚
649 349 872 379 &testimonio
886 347 1078 386 comprobata
1088 345 1140 384 est.

166 396 294 427 Etenim
307 393 460 424 nobismet
471 391 538 432 ipsis
548 391 762 433 quaerennbus,
774 390 848 431 quid
860 388 893 419 sit
903 389 940 419 de
949 389 1141 418 divinatione

164 435 367 479 judicandum
381 455 389 468 ‚
409 433 491 477 quod
509 435 526 465 a
544 433 694 465 Carneade
718 433 813 463 multa
832 431 915 462 acute
932 450 941 464 ‚
961 431 994 460 &
1014 429 1139 469 copiose

167 488 274 510 contra
283 480 401 509 Stoicos
412 477 555 517 disputata
567 475 623 506 fint
636 486 642 506 z
660 474 895 514 verentibusque
907 493 915 506 ,
938 483 969 502 ne
981 471 1080 502 temere
1093 471 1139 500 vel

160 521 243 562 falfic
256 521 310 555 rei,
330 520 377 550 vel
389 519 521 559 nonsatis
531 520 662 559 cognite,
683 516 867 555 affintiamur
878 535 886 549 ‚
905 514 1078 545 faciendum
1092 516 1139 543 vi-

170 563 259 594 detur
267 583 276 596 ‚
290 573 321 594 ut
331 563 493 603 diligenter
504 563 596 591 etiam
607 581 616 595 ‚
627 569 715 601 atque
726 561 814 589 ctiam
825 566 1000 599 argumenta
1008 566 1079 587 cum
1091 566 1137 586 ar·

168 608 326 646 gumentis
343 613 557 644 comparemus
576 622 586 637 ‚
614 612 648 632 ut
665 601 796 632 fecimus
815 603 848 631 in
870 602 907 629 iis
926 600 1020 630 tribus
1039 599 1135 631 libris,

170 651 184 668 ¹
197 657 276 689 quos
293 647 329 677 de
348 656 450 678 natura
463 646 594 676 deorum
608 643 787 684 scripsimus.
813 645 893 673 Nam
905 641 978 672 cum
990 640 1138 687 omnibus

170 691 206 720 in
226 690 314 720 rebus
330 697 533 720 rumam-riis
558 697 596 717 ιΝ
616 695 844 716 ΑεεεΝτιεΝοο
854 705 863 719 ,
883 693 1026 724 errorque
1044 691 1137 722 turpis

168 731 225 765 est,
236 741 303 762 tum
316 733 347 761 in
355 742 394 762 eo
404 732 473 761 loco
483 728 621 759 maxime
631 749 642 762 ,
654 730 686 758 in
695 727 962 769 quojudicandum
974 725 1027 758 est,
1039 733 1137 765 quan-

169 782 236 804 tum
251 774 408 814 auspiciis,
427 772 574 812 rebusque
584 771 717 803 divinis,
738 770 940 810 religionique
957 766 1136 797 tribuamus.

168 815 213 847 est
223 818 305 846 enim
317 815 489 855 periculum
501 833 510 846 ,
530 823 568 842 ne
585 821 655 845 aut,
676 810 821 853 negleesshs
835 813 873 840 iis
886 829 894 844 ,
915 810 1004 849 impia
1013 807 1116 845 fraude
1127 818 1138 834 .-

168 867 220 889 aut
229 878 238 891 ‚
251 858 392 896 susceptis
403 876 412 890 ‚
423 855 498 884 anili
504 852 698 894 superstitione
708 853 889 892 obligemur.
913 851 1032 893 Qibus
1043 850 1080 880 de
1092 859 1136 879 re-

168 900 226 931 bus
243 899 277 929 &
288 897 360 928 alias
371 897 447 936 saepe
458 915 466 929 ,
488 895 521 925 δε
533 895 634 934 paullo
644 896 810 924 accuratius
821 903 917 933 nuper
928 913 939 926 ‚
959 891 1031 922 cum
1043 890 1135 922 essem

128 944 154 977 5
169 951 240 972 cum
252 942 310 980 Qi.
322 938 409 969 fratre
422 959 431 971 ‚
447 939 480 967 in
491 936 664 967 Tusculano
675 935 857 975 disputatum
868 934 920 965 est.
966 937 1047 964 Nam
1062 933 1133 964 cum

166 980 343 1014 ambulandi
354 980 439 1011 causa
448 981 481 1009 in
491 981 626 1019 Lyceum
638 977 824 1008 veniffemus
836 987 842 1007 :
855 977 897 1017 (id
909 978 993 1006 enim
1003 977 1136 1016 superio-

165 1026 192 1056 ri
202 1021 367 1064 Gymnafio
377 1031 495 1052 nomen
505 1020 560 1061 est)
576 1022 707 1061 perlegi,
727 1020 780 1050 ille
797 1021 915 1061 inquit,
936 1029 1022 1049 tuum
1034 1019 1136 1059 paullo

165 1067 236 1098 ante
254 1067 378 1096 tertium
397 1063 435 1094 de
448 1071 553 1094 natura
566 1063 695 1093 deorum
710 1072 716 1091 :
736 1064 770 1092 in
781 1072 842 1102 quo
855 1061 1016 1101 disputatio
1028 1063 1134 1094 Cottae,

163 1116 350 1150 quamquam
370 1104 563 1146 labefacihvit
575 1104 747 1145 seutentiam
764 1113 863 1134 meam
884 1123 894 1136 ‚
917 1113 982 1133 non
996 1102 1136 1133 funditus

165 1160 268 1182 tamen
282 1149 409 1180 sustulit.
433 1148 560 1187 Optime
574 1145 648 1177 vero
660 1167 669 1180 ,
689 1149 825 1187 inquam.
849 1148 963 1176 etenim
977 1146 1037 1185 ipse
1047 1146 1136 1175 Cotta

164 1191 206 1223 fic
217 1191 356 1233 disputat,
366 1199 399 1221 ut
407 1191 582 1221 Stoicorum
594 1191 688 1231 magis
697 1197 871 1230 argumenta
880 1187 1026 1222 confutet,
1041 1187 1133 1228 quam

163 1235 332 1265 hominum
347 1232 443 1263 deleat
452 1233 646 1274 religionem.
670 1234 755 1262 Tum
767 1232 899 1270 Qintus
910 1249 918 1264 ‚
937 1230 1048 1260 dicitur
1065 1231 1135 1270 qui—

165 1276 238 1307 dem
258 1275 336 1306 istuc
355 1276 476 1316 inquit,
493 1275 509 1305 a
526 1276 632 1308 Cotta,
656 1274 689 1304 ὃς
703 1272 775 1303 vero
794 1273 916 1313 saepius:
937 1271 1026 1303 credo
1040 1292 1048 1305 ‚
1069 1275 1133 1301 ²ne

163 1318 347 1350 communia
361 1318 427 1356 jura
445 1318 573 1359 migrare
584 1317 736 1347 videatur:
757 1314 805 1345 sed
823 1314 923 1345 studio
941 1323 1044 1345 contra
1053 1316 1133 1344 Stoi-

162 1371 215 1391 cos
223 1357 382 1391 differendi
391 1358 465 1389 deos
476 1360 555 1389 mihi
566 1358 687 1389 videtur
696 1357 833 1387 funditus
847 1357 963 1387 tollere.
982 1357 1056 1396 Ejus
1066 1366 1133 1386 ora-

163 1403 245 1434 tioni
266 1411 331 1432 non
351 1400 419 1431 sane
439 1399 574 1430 defidero
587 1400 661 1440 quid
673 1398 887 1439 respondeam:
909 1399 974 1429 satis
984 1408 1069 1428 enim
1080 1398 1132 1428 de—

162 1444 246 1475 sensa
256 1443 362 1484 religio
383 1440 426 1472 est
438 1442 472 1471 in
485 1440 618 1472 secundo
627 1441 708 1471 libro
717 1442 733 1470 a
744 1441 865 1470 Lucilio
879 1451 884 1469 :
903 1442 989 1479 cujus
1000 1439 1132 1480 disputa-

162 1488 210 1517 tio
228 1485 284 1516 tibr'
303 1481 356 1524 ipfi
367 1503 377 1517 ‚
396 1484 472 1513 utin
482 1492 622 1514 extremo
634 1483 723 1513 tertio
733 1481 835 1512 scribis
845 1501 854 1515 ‚
873 1482 909 1512 ad
920 1490 1078 1512 veritatem
1090 1481 1132 1512 est

160 1527 225 1559 visa
234 1523 416 1567 propensior.
439 1525 497 1556 Sed
507 1545 516 1559 ‚
528 1524 611 1565 quod
621 1520 851 1564 praetermiffum
864 1523 907 1553 est
917 1525 950 1552 in
960 1523 1022 1552 illis
1034 1523 1130 1557 libris,

158 1568 251 1600 credo
261 1570 331 1609 quia
340 1566 538 1598 commodius
547 1567 702 1597 arbitratus
709 1574 740 1595 es
751 1565 907 1605 separatim
918 1565 948 1595 id
959 1566 1052 1606 quaeri
1063 1563 1129 1594 :de-

159 1620 219 1653 que
229 1620 266 1641 eo
276 1608 375 1640 differi
385 1629 394 1644 ‚
406 1609 437 1639 id
448 1608 492 1640 est
501 1629 510 1643 ,
521 1609 554 1639 de
563 1607 742 1638 divinatione
751 1627 760 1641 ,
772 1617 837 1648 quae
849 1606 892 1638 est
902 1616 1004 1637 earum
1015 1616 1129 1640 rerum,

158 1663 227 1694 quae
235 1652 366 1683 fortuitae
375 1659 520 1692 putantur
529 1671 538 1686 ‚
553 1649 711 1690 praedfflio
724 1670 733 1684 ,
747 1659 833 1690 atque
843 1648 1001 1690 praesensio
1013 1670 1022 1684 ‚
1038 1649 1071 1679 id
1084 1668 1093 1683 ‚
1109 1649 1129 1680 si

156 1695 272 1736 placet,
284 1693 453 1727 videamus,
466 1693 557 1735 quum
565 1691 754 1726 habeatvim,
766 1692 801 1724 ἐν
809 1691 948 1733 quulefit.
969 1694 1034 1732 Ego
1043 1693 1128 1722 enim

158 1736 199 1768 fic
210 1735 374 1767 existimo:
389 1734 409 1765 fi
420 1734 478 1766 ifint
487 1746 520 1766 ea
528 1744 637 1776 genera
645 1733 805 1764 divinandi
814 1743 883 1763 vera
893 1753 901 1767 ,
914 1733 950 1763 de
961 1734 1071 1774 quibus
1082 1744 1128 1764 ac-

159 1780 300 1820 cepimus
311 1798 319 1812 ‚
334 1788 461 1819 quaeque
471 1778 604 1808 colimus
614 1796 623 1810 ‚
644 1774 703 1806 esse
713 1775 786 1805 deos
798 1785 804 1803 :
824 1773 1013 1816 viciffimque
1024 1795 1032 1809 ‚
1054 1775 1073 1805 fi
1085 1776 1128 1807 dii

119 1818 145 1856 6
160 1820 217 1852 fint
226 1841 236 1854 ,
247 1819 307 1851 effe
316 1821 368 1861 qui
379 1820 534 1851 divinent.
579 1821 689 1849 Arcem
700 1825 732 1848 tu
742 1816 868 1858 quidem
878 1819 1049 1847 Stoicorum
1060 1836 1069 1851 ,
1081 1820 1128 1848 in-

113 1860 117 1864 ’
154 1872 250 1905 quam
261 1882 270 1896 ‚
317 1864 400 1892 uinte
409 1883 420 1897 ,
435 1861 575 1893 defendis
588 1881 597 1895 ‚
618 1858 638 1890 fi
647 1860 773 1901 quidem
784 1857 836 1889 ista
847 1857 884 1889 sic
894 1860 1128 1899 reciprocantur3

155 1913 194 1936 ut
205 1905 238 1935 &
250 1923 259 1939 ‚
275 1903 304 1946 fi
331 1904 457 1934 ivinatio
465 1903 499 1935 fit
513 1923 523 1938 2
537 1903 580 1934 dii
589 1901 646 1932 fint
656 1923 666 1937 ‚
678 1902 711 1933 δε
721 1921 730 1935 ,
745 1900 766 1931 fi
776 1901 819 1931 dii
830 1899 886 1931 fint
896 1922 903 1935 ,
919 1899 954 1932 fit
962 1901 1123 1932 divinatio.

155 1949 299 1986 Quorum
314 1956 459 1977 neutrum
472 1955 535 1977 tam
548 1944 636 1975 facile
648 1964 656 1978 ,
677 1944 768 1985 quam
781 1953 811 1974 tu
825 1943 974 1974 arbitraris
987 1964 996 1977 ‚
1017 1953 1128 1974 conce-

155 1989 247 2020 ditur.
282 1990 365 2019 Nam
385 1989 419 2019 δε
432 1997 538 2019 natura
555 1985 712 2029 fignificari
731 1985 829 2017 futura
843 1984 903 2016 fine
920 1986 977 2016 deo
996 1984 1126 2027 pofl‘unt:

155 2031 192 2062 &
202 2051 212 2066 ,
224 2040 257 2062 ut
268 2029 325 2061 sint
334 2030 398 2065 dii,
418 2029 518 2071 potest
529 2027 593 2059 fieri
605 2049 614 2063 ‚
634 2038 667 2059 ut
677 2029 761 2059 nulla
770 2028 806 2059 ab
817 2030 856 2058 iis
866 2028 1015 2060 divinatio
1024 2031 1127 2070 generi

155 2075 296 2104 humano
310 2073 420 2103 tributa
438 2071 481 2103 sit.
507 2071 688 2112 Atqueille,
709 2072 789 2102 Mihi
800 2069 872 2101 vero
884 2091 893 2105 ‚
914 2072 1034 2111 inquit,
1056 2071 1124 2101 satis

154 2115 200 2146 est
209 2116 377 2156 argumenti
387 2134 397 2149 ,
419 2114 456 2149 <b-
472 2113 522 2153 effi
538 2112 599 2143 deos
609 2133 617 2148 ,
638 2113 673 2147 ὺ-
683 2123 724 2143 eos
737 2112 872 2154 confidere
890 2111 967 2142 rebus
987 2113 1124 2147 humanm

154 2157 242 2197 quod
261 2155 318 2187 effe
336 2156 432 2191 clara,
455 2155 652 2196 &perspicua
669 2156 868 2186 divinationis
886 2164 994 2196 genera
1006 2155 1123 2196 judico.

153 2199 204 2230 De
218 2199 328 2241 quibus
341 2199 415 2241 quid
429 2198 492 2240 ipse
504 2199 629 2229 sentiam
643 2218 653 2232 ‚
674 2197 694 2228 fi
706 2198 818 2238 placet,
838 2206 990 2238 exponam
1002 2217 1011 2232 ‚
1033 2199 1070 2228 ita
1081 2206 1123 2228 ta-

153 2251 229 2273 men
240 2261 249 2275 ‚
258 2241 289 2284 fi
296 2251 386 2272 vacas
395 2243 493 2272 animo
502 2260 511 2276 ‚
527 2250 625 2282 neque
635 2240 727 2270 habes
735 2239 849 2281 aliquid
863 2260 871 2274 ‚
891 2239 973 2281 quod
984 2241 1056 2270 huic
1064 2240 1124 2271 ser-

153 2285 244 2314 moni
255 2284 501 2325 praevertendum
519 2292 616 2323 putes.
640 2286 704 2324 Ego
721 2281 814 2316 vero,
833 2283 958 2323 inquam
970 2303 979 2316 ‚
1003 2292 1123 2313 miino—

152 2335 292 2357 sopmnz
302 2346 311 2361 ‚
334 2329 449 2368 Quinte
458 2344 468 2358 ,
491 2334 623 2355 summm
644 2333 744 2355 VAco.
774 2325 833 2355 hoc
851 2334 952 2356 autem
973 2334 1120 2365 tempore,

152 2367 226 2399 cum
245 2368 281 2399 fit
297 2369 376 2399 nihil
395 2366 477 2398 aliud
488 2386 497 2400 ‚
516 2366 600 2408 quod
610 2366 739 2397 libenter
747 2376 831 2407 agere
839 2365 946 2407 poffim
957 2387 966 2401 ,
994 2370 1008 2395 3
1020 2367 1120 2398 multo

151 2412 251 2452 magis
260 2420 335 2441 aveo
344 2409 448 2441 audire
458 2429 467 2443 ,
477 2408 515 2440 de
524 2409 714 2440 divinatione
723 2409 796 2450 quid
808 2409 923 2440 sentias.
949 2410 1057 2443 Nihil,
1070 2411 1119 2440 in-

151 2455 220 2494 quit
231 2473 242 2487 ,
250 2452 393 2493 equidem
406 2452 480 2481 novi
491 2470 501 2485 ,
513 2461 569 2481 nec
578 2450 660 2492 quod
669 2460 775 2492 praeter
784 2460 898 2482 ceteros
908 2452 970 2493 ipse
981 2452 998 2483 s
995 2454 1118 2483 entiam.

151 2505 231 2526 nam
237 2493 310 2525 cum
320 2491 554 2534 antiquiffimam
565 2494 746 2524 sententiam
759 2513 769 2528 ‚
789 2502 856 2524 tum
866 2496 1010 2525 omnium
1021 2504 1120 2536 popu-

149 2536 254 2567 lorum
266 2557 276 2571 ‚
296 2537 330 2566 &
341 2537 480 2578 gentium
496 2535 645 2566 consensu
661 2536 888 2576 comprobatam
902 2537 1021 2578 sequor.
1044 2540 1120 2567 Duo

150 2579 222 2610 sunt
230 2581 315 2609 enim
325 2577 485 2608 divinandi
495 2587 602 2619 genera
614 2588 620 2607 z
631 2587 765 2618 quorum
775 2578 902 2609 alterum
912 2579 984 2608 artis
994 2577 1037 2609 est
1046 2599 1055 2613 ‚
1075 2580 1118 2609 al-

153 2627 253 2653 terum
266 2629 388 2652 naturae.
411 2622 486 2659 Quae
497 2618 540 2651 est
547 2628 647 2651 autem
658 2629 731 2661 gens
738 2639 748 2655 ‚
758 2629 808 2651 aut
816 2630 882 2662 qua:
893 2622 1017 2656 civitas,
1027 2626 1118 2663 4quae

730 98 1427 151 D1v1NAT10Nn

1516 105 1559 153 L
1592 121 1609 152 1
1647 121 1688 153 Β.
1766 109 1796 154 Ῑ.
2037 122 2156 170 1151

1193 193 1314 232 nonaut
1323 185 1397 214 extis
1405 185 1559 226 pecudum
1575 197 1581 218 :
1599 197 1650 219 aut
1658 187 1795 224 monstra,
1817 196 1866 220 aut
1876 188 2159 233 fulgurainterpre*

1193 234 1321 256 tantium
1333 246 1342 260 ,
1363 237 1413 258 aut
1430 239 1578 270 augurum
1591 250 1600 265 ,
1621 240 1671 261 aut
1688 231 1910 273 astrologorum
1922 251 1931 266 ,
1954 243 2005 264 aut
2019 234 2156 273 sortium

1169 266 1170 274 ¹
1192 268 1237 305 (ea
1254 271 1336 298 enirn
1353 268 1415 300 fere
1435 274 1505 301 artis
1518 272 1659 313 sunt)aut
1671 274 1883 308 somniorum,
1904 284 1953 305 aut
1963 278 2155 307 vaticinatio-

1167 325 1168 330 =
1189 319 1264 339 num
1276 329 1285 344 ‚
1306 310 1379 348 (haec
1389 314 1472 342 enim
1484 314 1544 344 duo
1557 315 1700 346 naturalia
1709 317 1861 356 putantur)
1874 316 2070 357 praedistione
2082 328 2153 349 mo-

1187 355 1302 381 veatur?
1312 363 1437 393 quarum
1449 356 1574 396 quidem
1586 367 1686 387 rerum
1696 366 1795 387 eventa
1806 361 1900 400 magis
1908 359 2043 394 arbitror,
2057 361 2151 401 quam

1187 394 1285 432 causas
1294 398 1393 441 *quaeri
1405 406 1552 437 oportere.
1576 398 1627 429 Est
1646 402 1730 429 enim
1749 403 1794 430 vis
1808 421 1816 434 ‚
1837 401 1869 431 δε
1880 410 1982 432 natura
1996 403 2148 443 quaedam,

1185 444 1251 482 quae
1268 445 1339 483 curn
1349 437 1512 469 observatis
1523 440 1616 481 longo
1627 450 1763 482 tempore
1774 441 2044 483 significationibus
2054 464 2063 478 ,
2079 454 2148 476 tum

1184 477 1286 517 aliquo
1307 476 1452 526 instinGtu
1472 500 1480 514 ,
1513 481 1677 523 inflatuque
1700 484 1808 514 divino
1830 484 1929 515 futura
1954 489 2146 524 praenuntiat.

1184 520 1283 566 Qare
1298 529 1420 551 omittat
1439 532 1541 562 urgere
1553 525 1715 556 Carneades
1728 536 1734 555 :
1751 526 1833 567 quod
1846 525 1973 557 faciebat
1993 530 2082 560 etiam
2093 531 2146 559 Pa-

1183 570 1290 590 naetius
1303 581 1312 594 ‚
1323 565 1477 602 requirens
1488 585 1496 597 ‚
1511 566 1709 605 Jnmreaua
1718 570 1871 599 cornicem
1882 569 1898 598 a
1909 569 1984 599 laeva
1993 589 2002 602 ‚
2015 580 2148 602 corvum

1183 601 1199 632 a
1209 602 1330 633 dextera
1339 614 1442 635 canere
1453 605 1581 642 juffiffet.
1605 609 1764 640 Observata
1774 610 1842 640 sunt
1852 612 1913 641 haec
1932 619 2070 651 tempore
2082 614 2127 642 im
2135 631 2150 637 -

1183 645 1289 674 menso
1300 665 1308 678 ,
1336 645 1368 675 &
1386 648 1418 676 in
1439 646 1654 688 significatione
1662 661 1788 682 eventus
1800 652 2006 683 animadversa
2017 673 2025 686 ‚
2047 653 2080 684 δε
2091 664 2149 684 no-

1182 694 1247 716 tata.
1272 689 1392 735 NriirL
1408 698 1463 719 EST
1478 699 1578 721 autem
1591 711 1599 725 ‚
1621 693 1702 733 quod
1721 704 1784 724 non
1805 695 2012 736 longinquitas
2027 703 2150 735 tempo-

1181 738 1250 758 rum
1262 748 1270 762 ,
1290 732 1460 769 excipiente
1480 735 1628 763 memoria
1646 753 1654 766 ‚
1681 735 1902 778 prodendisque
1921 739 2149 771 monumentis,

1182 769 1299 800 efficere
1311 791 1318 804 ‚
1339 780 1426 812 atque
1437 771 1545 814 assequi
1555 774 1651 814 poffit.
1675 778 1781 807 Mirari
1801 779 1870 809 licet
1879 799 1887 812 ‚
1909 788 1975 819 quae
1986 777 2148 810 fint‘anim„

1179 812 1297 852 adversa
1314 811 1332 842 ἐι
1350 813 1464 843 medicis
1475 816 1631 846 herbarum
1642 827 1749 858 genera
1761 839 1769 852 ,
1790 830 1856 860 quae
1867 821 2001 851 radicum
2012 820 2048 851 a'd
2062 831 2148 851 mor-

1182 855 1229 902 fus
1240 854 1402 886 bestiarum
1413 876 1421 890 ‚
1435 856 1469 886 ad
1481 858 1642 888 oculorum
1654 860 1779 890 morbos
1789 881 1797 895 ‚
1809 863 1843 892 ad
1856 863 1988 893 vulnera.
2012 872 2148 904 quorum

1182 906 1246 926 vim
1259 917 1268 931 ‚
1288 907 1377 939 atque
1395 907 1530 929 naturam
1542 902 1616 930 ratio
1632 911 1801 943 numquam
1814 905 1993 944 explicavit:
2011 905 2149 935 utilitate

1182 939 1215 969 δε
1225 949 1269 969 ars
1279 939 1321 969 est
1333 961 1341 974 ,
1354 940 1539 971 &inventor
1548 943 1698 982 probatus.
1723 947 1784 985 Age
1796 964 1804 978 ‚
1820 956 1862 979 ea,
1873 956 1951 986 quae,
1962 957 2146 988 quamquam

1181 990 1219 1010 ex
1229 982 1289 1012 aiio
1298 992 1406 1023 genere
1417 983 1486 1013 sunt
1496 1003 1505 1018 ‚
1520 993 1624 1019 tamen
1634 985 1818 1017 divinationi
1829 987 1895 1019 sunt
1905 987 2049 1020 fimiliora
2063 1009 2072 1024 ,
2092 991 2144 1020 vi-

1180 1023 1315 1054 deamus.

1263 1069 1372 1107 -Atque
1381 1067 1470 1097 etiam
1480 1075 1576 1098 ventos
1581 1068 1765 1110 premonstrat
1773 1071 1842 1113 slepe
1844 1071 1963 1110 futuros

1263 1109 1410 1146 Inflatum
1420 1121 1497 1139 mare
1506 1109 1570 1140 cum
1576 1111 1671 1151 subito
1682 1133 1689 1146 ‚
1698 1114 1866 1155 penitusque
1875 1114 2006 1155 tumcfiit·
2017 1134 2027 1149 ‚

1264 1151 1400 1193 Saxaque
1409 1163 1479 1181 cana
1491 1173 1499 1186 ,
1508 1153 1579 1192 salis
1589 1155 1669 1183 niveo
1676 1155 1812 1194 spumata
1821 1156 1930 1196 liquore
1939 1177 1948 1191 ,

1264 1193 1416 1238 Tristfisas
1426 1203 1534 1224 certant
1545 1198 1676 1238 Neptuno
1687 1197 1793 1226 reddere
1802 1208 1879 1227 voces
1887 1209 1898 1226 .-

1262 1238 1338 1264 =Aut
1347 1257 1355 1270 ,
1366 1236 1570 1276 densusstridor
1580 1237 1644 1267 cum
1654 1239 1720 1279 celso
1729 1240 1742 1268 ὲ
1752 1240 1856 1268 vertice
1865 1241 1971 1270 montis

1276 1280 1363 1306 Ortus
1372 1298 1382 1312 ,
1397 1282 1410 1306 5
1418 1279 1581 1320 adaugeftit
1584 1281 1761 1322 scopulorum
1763 1283 1832 1323 slepe
1839 1282 1972 1324 repulsus.

1178 1321 1275 1359 Atque
1304 1320 1351 1349 his
1372 1331 1472 1351 rerum
1494 1321 1743 1361 praesensionibus
1761 1333 1816 1364 pro
1839 1324 1952 1355 nostica
1971 1332 2021 1355 tua
2040 1323 2146 1356 referta

1178 1360 1254 1390 sunt.
1286 1363 1363 1403 Qis
1373 1364 1463 1404 igitur
1474 1364 1580 1394 elicere
1590 1365 1688 1395 causas
1701 1367 1814 1406 praesen
1828 1376 1936 1396 ionum
1948 1366 2046 1407 potest
2060 1370 2071 1396 ?
2093 1367 2146 1398 etfi

1179 1400 1196 1421 ⁶
1205 1402 1294 1433 video
1305 1405 1455 1435 Boethum
1466 1408 1603 1437 Stoicum
1615 1406 1674 1437 effe
1692 1417 1847 1438 conatum.
1871 1411 1923 1450 qui
1934 1408 2080 1439 haetenus
2088 1409 2145 1439 ali-

1176 1444 1248 1484 quid
1268 1447 1330 1486 egit
1339 1466 1348 1479 ‚
1369 1455 1403 1477 ut
1420 1457 1523 1478 earum
1543 1450 1692 1479 rationem
1710 1460 1809 1480 rerum
1832 1449 2012 1491 explicaret,
2032 1460 2099 1492 quae
2109 1453 2142 1481 in

1176 1488 1252 1515 mari
1269 1487 1380 1517 caelove
1394 1486 1510 1520 fierent.
1533 1490 1588 1522 Illa
1598 1490 1673 1522 verb
1683 1501 1735 1522 cur
1743 1493 1885 1523 eveniant
1894 1511 1904 1527 ‚
1922 1494 1990 1534 quis
2000 1493 2146 1534 probabi-

1175 1528 1243 1557 liter
1254 1528 1366 1559 dixerit
1377 1535 1388 1557 ἓ

1258 1574 1274 1598 7
1285 1572 1306 1598 C
1304 1580 1360 1599 ana
1365 1570 1451 1610 fulix
1471 1572 1571 1602 iridem
1581 1573 1701 1614 fugiens
1712 1573 1726 1603 ὲ
1763 1575 1857 1615 urgite
1866 1574 1969 1616 ponti,

1258 1613 1391 1641 Nuntiat
1397 1612 1552 1643 horribileis
1562 1616 1687 1645 clamans
1698 1584 1798 1652 inffare
1807 1617 1937 1658 procedas
1947 1636 1957 1651 ‚

1259 1653 1348 1683 Haud
1356 1654 1475 1684 modicos
1485 1657 1601 1686 tremulo
1607 1657 1730 1697 fundens
1740 1658 1753 1688 ἑ
1760 1666 1883 1699 gutture
1899 1666 2009 1689 cantui.

1259 1696 1281 1726 S
1283 1703 1333 1735 αρε
1342 1697 1430 1726 etiam
1436 1697 1563 1739 pertriste
1572 1700 1650 1728 canit
1662 1700 1695 1729 de
1703 1699 1810 1741 pestere
1819 1710 1927 1730 carmen
1938 1721 1949 1735 ,

1257 1739 1299 1767 Et
1308 1740 1463 1768 matutinis
1470 1741 1602 1770 acredula
1615 1740 1732 1771 vocibus
1744 1741 1831 1778 instat
1840 1762 1849 1776 ,

1259 1778 1377 1809 Vocibus
1389 1779 1475 1816 instat
1483 1801 1491 1814 ‚
1504 1782 1539 1814 ὼ
1548 1782 1668 1822 affiduas
1674 1784 1752 1822 jacit
1760 1794 1804 1814 ore
1810 1784 1938 1825 querelas
1946 1804 1958 1819 ,

1259 1821 1330 1848 cum
1339 1820 1469 1862 primum
1473 1823 1580 1863 gelidos
1591 1834 1661 1853 rores
1669 1831 1778 1854 aurora·
1785 1827 1919 1855 remittit.

1257 1862 1404 1903 Fuscaque
1416 1874 1630 1907 nonnumquam
1639 1867 1751 1906 cursans
1759 1875 1809 1908 per
1816 1867 1916 1896 littora
1927 1866 2026 1897 cornix

1260 1897 1276 1921 8
1285 1905 1427 1946 Demersit
1435 1914 1520 1946 caput
1529 1927 1538 1940 ‚
1553 1908 1587 1940 (γ
1593 1906 1724 1946 fluctum
1734 1910 1841 1939 cervice
1850 1910 1963 1951 recepit.

1171 1943 1321 1975 Videmus
1340 1947 1404 1977 haec
1422 1946 1502 1988 ligna
1519 1959 1688 1991 numquam
1705 1949 1768 1981 fere
1791 1953 1989 1983 ementientia
2001 1962 2008 1982 :
2028 1960 2085 1984 nec
2098 1961 2141 1984 tas

1172 1996 1246 2017 men
1257 2006 1266 2021 ‚
1276 1997 1328 2017 cur
1338 1991 1378 2019 ita
1389 1987 1439 2019 fiat
1450 2009 1459 2023 ,
1471 1990 1625 2022 videmus.

1255 2031 1306 2078 Vos
1316 2040 1428 2072 quoque
1430 2031 1515 2073 signa
1527 2033 1628 2063 videtis
1637 2054 1645 2068 2
1657 2034 1748 2077 aquai
1755 2035 1844 2064 dulcis
1853 2035 1972 2065 alumna
1979 2055 1991 2071 ‚

1255 2074 1277 2101 C
1277 2083 1326 2100 um
1335 2073 1453 2102 clamore
1457 2076 1571 2116 paratis
1579 2076 1687 2106 inaneis
1691 2077 1811 2117 fundere
1819 2088 1897 2107 voces
1907 2098 1917 2113 ,

1253 2113 1447 2157 ..Absurdoque
1453 2117 1521 2156 sono
1526 2117 1646 2157 semeis,
1662 2118 1803 2160 &stagna
1812 2120 1904 2149 cieris.
2026 2144 2029 2147 ,

1168 2156 1246 2196 Qis
1257 2155 1301 2186 est
1311 2177 1320 2191 ,
1340 2160 1395 2197 qui
1404 2160 1588 2190 ranunculos
1598 2160 1657 2192 hoc
1669 2161 1773 2192 videre
1787 2161 1924 2202 suspicari
1936 2160 2043 2202 poffit?
2059 2165 2076 2190 9
2085 2163 2136 2194 sed

1168 2197 1247 2228 inest
1266 2200 1299 2229 in
1319 2200 1393 2229 rivis
1403 2200 1436 2230 &
1446 2202 1622 2232 ranunculis
1638 2203 1774 2244 quaedam
1786 2213 1888 2234 natura
1902 2202 2070 2245 significans
2081 2207 2138 2235 ali—

1167 2240 1240 2281 quid
1252 2260 1261 2275 ,
1280 2250 1333 2281 per
1351 2241 1380 2272 se
1399 2242 1462 2282 ipsa
1479 2244 1546 2274 satis
1558 2254 1637 2276 certa
1648 2265 1657 2280 ,
1678 2247 1849 2287 cognitioni
1858 2255 1958 2276 autem
1968 2240 2136 2278 hominu‘rn

1167 2283 1334 2314 obscurior.

1250 2326 1470 2368 MoHipedesque
1481 2326 1563 2358 boves
1569 2327 1724 2368 spec‘iantes
1734 2329 1844 2359 lumina
1853 2330 1922 2364 celi,

1249 2369 1379 2398 Naribus
1388 2370 1560 2409 humtferum
1569 2371 1673 2401 duxere
1684 2382 1718 2401 ex
1725 2372 1787 2401 aere
1792 2372 1918 2412 ficccum.

1165 2412 1239 2442 Non
1249 2420 1351 2451 quaero
1362 2430 1371 2445 ,
1383 2421 1435 2441 cur
1445 2431 1454 2446 ‚
1466 2415 1612 2453 quoniam
1626 2434 1634 2448 ,
1647 2413 1721 2455 quid
1733 2416 1834 2444 evenit
1844 2434 1851 2447 ‚
1865 2414 2017 2456 intelligo.

1246 2453 1322 2492 Jam
1332 2451 1396 2482 vero
1403 2454 1511 2496 semper
1520 2455 1619 2484 viridis
1630 2477 1641 2489 ‚
1647 2457 1806 2497 [Emperque
1813 2464 1946 2496 gravata

1247 2496 1395 2535 Lentifius
1406 2497 1513 2538 triplici
1520 2497 1609 2536 solita
1613 2499 1790 2538 grandescere
1794 2499 1866 2537 fatu
1875 2518 1886 2532 ,

1247 2539 1300 2567 Ter
1302 2537 1398 2578 fruges
1402 2538 1525 2577 fundens
1535 2558 1543 2572 ,
1555 2540 1614 2568 tria
1624 2548 1748 2582 tempora
1758 2538 1892 2575 monstrat
1902 2540 2012 2570 arandi.

1164 2581 1231 2610 Nec
1241 2580 1300 2610 hoc
1310 2580 1434 2620 quidem
1446 2590 1546 2621 quaero
1556 2601 1567 2614 ‚
1585 2591 1637 2611 cur
1647 2583 1709 2612 haec
1717 2582 1804 2612 arbor
1814 2592 1874 2614 una
1882 2592 1924 2613 ter
1934 2581 2040 2614 floreat
2050 2601 2061 2617 ‚
2077 2591 2129 2614 aut

1159 2631 1212 2653 cur
1221 2621 1324 2653 arandi
1334 2624 1537 2654 maturitatem
1548 2623 1582 2654 ad
1593 2621 1651 2666 fige
1657 2633 1710 2655 um
1720 2622 1804 2654 floris
1812 2625 2036 2656 accommodet.
2056 2628 2126 2657 Hoc

2054 2668 2124 2699 sum

192 2743 217 2760 ι.
237 2734 300 2766 Qos
311 2733 338 2757 de
354 2738 448 2758 natura
462 2735 561 2758 Deorum
573 2732 736 2774 [erdpsimms]
757 2734 785 2759 S.
795 2733 913 2774 Yikioris
924 2733 1007 2761 codex
1015 2735 1124 2769 praefin'-

145 2770 236 2803 pfimm
247 2788 255 2801 ,
265 2767 336 2804 quod
348 2767 520 2796 confirmabat
531 2769 693 2796 Gulielmius
713 2769 763 2795 illo
773 2770 882 2805 Virgilii
893 2780 899 2796 z
920 2770 999 2804 Qum
1010 2772 1059 2805 fibi
1075 2781 1124 2807 φα

149 2806 212 2833 loiri
215 2806 355 2839 praefirtpfit
359 2808 451 2838 pagina
459 2814 549 2831 nomen.
583 2805 698 2832 malebat
708 2812 794 2832 tamen
809 2825 817 2838 ‚
823 2807 1008 2840 perscripfimus.

189 2850 218 2869 2.
241 2845 277 2868 Ne
286 2844 414 2868 communia
426 2843 489 2876 jura
499 2844 600 2875 migrare
617 2842 759 2876 videntum]
779 2844 899 2868 communi
899 2845 958 2878 jure
969 2863 977 2875 ,
988 2843 1072 2879 vulgo
1083 2843 1123 2871 le·
1139 2866 1140 2869 ,

150 2876 236 2912 gitur,
246 2876 290 2904 sed
300 2884 397 2914 praeter
408 2877 475 2904 Pall.
488 2885 542 2904 tres
553 2878 581 2904 δε
597 2877 645 2904 ms.
657 2880 684 2904 S.
694 2877 813 2904 Viftoris
825 2887 833 2910 ;
854 2878 881 2905 in
892 2879 988 2915 quibus
999 2881 1118 2908 nostrum

149 2912 220 2940 clare
231 2914 334 2941 visitur.
355 2913 441 2950 ficque
451 2914 603 2948 conjecerat
613 2913 755 2941 Turnebus
767 2914 815 2940 lib.
828 2923 854 2940 v,
866 2923 923 2951 cap.
934 2924 982 2942 20.

188 2957 202 2985 3
210 2969 216 2975 .
235 2952 313 2977 Multo
322 2951 395 2984 magio
404 2959 463 2977 aveo
473 2951 585 2986 audire]
608 2950 676 2978 Pall.
687 2958 740 2979 tres
751 2951 778 2978 δε
791 2952 818 2978 S.
829 2950 947 2978 Vifiioris
962 2953 1033 2979 habeo
1041 2964 1052 2986 ,-
1071 2961 1118 2980 ve-

149 2986 202 3013 teri
213 2986 315 3012 ratione
325 2985 469 3014 scribendi.
481 2997 483 3000 ·

184 3029 213 3056 4.
232 3023 287 3056 Qae
295 3032 340 3048 non
350 3029 393 3048 aut
402 3023 461 3049 extis
465 3025 591 3058 pecudum,
601 3025 669 3059 dra]
690 3023 733 3051 Sic
743 3023 801 3051 mfl‘.
812 3024 965 3062 namJofias
977 3025 1114 3053 Mercerus

147 3059 260 3092 conjicit
270 3057 348 3084 valde
360 3058 552 3093 verisimiliter,
562 3069 606 3088 aut
614 3064 763 3096 extispicum,
773 3061 823 3092 ὠτ,

1198 2735 1226 2761 6.
1247 2736 1314 2762 Video
1331 2736 1469 2770 Boethum]
1490 2735 1559 2762 Pall.
1577 2736 1660 2763 videbo
1677 2737 1777 2762 corbum.
1797 2737 1825 2763 S.
1836 2734 1912 2762 Vici.
1929 2736 2012 2762 videbo
2030 2744 2053 2762 eo
2063 2745 2126 2763 cum.

1161 2771 1226 2798 editi
1240 2774 1254 2799 a
1266 2773 1399 2798 Vitf’torio.
1418 2773 1476 2798 vide
1484 2773 1605 2798 Boethum.

1196 2816 1222 2843 7.
1244 2811 1315 2834 Cana
1325 2808 1419 2843 fulix]
1441 2808 1587 2835 Lambinus
1598 2808 1683 2835 edidit
1693 2812 1768 2835 Πᾶνα
1778 2828 1787 2841 ,
1797 2807 1899 2835 secutus
1912 2807 1990 2835 codd.
2000 2808 2060 2835 mss‘.
2070 2807 2125 2845 ipse

1159 2844 1308 2879 utinquit3
1331 2852 1360 2871 ut
1379 2854 1430 2880 ego
1440 2852 1505 2880 puto
1517 2864 1525 2877 ‚
1539 2845 1720 2876 coniecturam
1732 2845 1893 2872 camerarii.
1913 2847 1985 2871 certe.
2003 2845 2073 2872 Pan.
2094 2845 2125 2871 Sc

1159 2881 1186 2906 S.
1199 2880 1316 2908 ViEtoris
1330 2900 1339 2914 ‚
1358 2881 1386 2908 &
1398 2882 1499 2908 Wouv.
1509 2880 1588 2908 codd.
1598 2884 1668 2908 Cana
1678 2881 1826 2919 praeferunt
1837 2901 1846 2915 ,
1865 2881 1987 2918 quamvis
1996 2881 2123 2909 nonnulli

1158 2926 1235 2943 corru
1257 2920 1296 2945 te.

1194 2953 1220 2980 8.
1240 2927 1352 2988 pDemerfit
1362 2960 1435 2987 caput
1443 2954 1579 2989 &sl-(Ham
1587 2957 1677 2981 cervice
1690 2954 1802 2988 recepit]
1821 2953 1900 2980 Nihil
1913 2953 2017 2981 variant
2027 2952 2120 2981 nostri.

1156 2989 1319 3017 Gulielmius
1331 2998 1418 3017 tamen
1430 2990 1558 3024 malebat,
1569 2992 1690 3024 Demerliit
1699 2998 1771 3024 caput
1779 2991 1885 3026 &fl¹⁴“7·
1897 2999 1944 3016 cer.
1956 2997 2070 3023 receptat.

1191 3034 1220 3061 9.
1239 3027 1285 3052 sed
1300 3029 1363 3053 lnefl
1378 3029 1404 3052 in
1422 3028 1521 3058 reris&
1539 3027 1705 3062 ranuncula]
1726 3028 1768 3054 Ita
1782 3026 1837 3054 mss.
1859 3026 1975 3053 Vi&0rii
1995 3027 2023 3052 δε
2042 3031 2121 3062 putat

1156 3066 1218 3089 vere
1229 3063 1392 3090 Gulielmius
1405 3082 1413 3095 ,
1433 3073 1518 3100 neque
1529 3063 1593 3100 quid
1606 3062 1761 3091 mutandum
1772 3071 1802 3091 ut
1814 3062 1919 3090 volebat
1940 3062 2010 3089 idern
2022 3062 2121 3088 vieto-

185 3103 212 3128 5.
231 3095 581 3136 Adaugefirhfiopulorumsqe
588 3098 722 3132 repulfiu]
744 3097 860 3133 Vulgata
869 3099 970 3133 repulsu.
991 3097 1033 3125 sed
1043 3099 1112 3126 alte-
1130 3109 1132 3113 ’
1154 3099 1220 3125 rius.
1232 3099 1300 3126 Pali.
1311 3099 1434 3136 proxime
1444 3099 1574 3128 accedunt
1583 3100 1615 3126 ad
1627 3100 1694 3127 hauc
1704 3098 1871 3136 scripturam.
1895 3100 1997 3136 primus
2008 3098 2079 3124 enim
2089 3097 2121 3123 ὅτ

146 3136 206 3156 rum
219 3130 297 3158 restat
315 3140 341 3157 in
354 3130 422 3157 Pali.
441 3131 470 3157 &
481 3132 622 3164 Pithoeauo
633 3153 643 3170 ,
660 3134 728 3164 item
738 3135 766 3165 S.
776 3134 916 3179 Yistoiisfi
937 3134 1053 3174 denique
1062 3145 1112 3166 ex·
1128 3148 1129 3175 i
1150 3134 1201 3162 sec.
1212 3135 1342 3165 habebant
1359 3138 1385 3166 in
1394 3137 1466 3167 renis.
1486 3145 1547 3168 nam
1557 3137 1653 3168 tertius
1665 3156 1674 3172 ‚
1685 3136 1800 3174 fidenate
1807 3136 1968 3170 macch-ran.
1979 3141 2018 3169 ut,
2029 3132 2122 3170 paffim

147 3166 238 3202 preffit
247 3167 333 3198 editio
342 3165 471 3207 Vistorii.

1126 3179 1129 3185 ¹
1152 3171 1205 3209 pub
1211 3171 1318 3203 Iicatur.

2041 3205 2127 3240 LQ·

2154 1968 2178 2000 9
