2360 3400
477 126 551 162 :oa
598 116 886 162 Ftniaus
933 115 1165 165 Borion.
1214 131 1291 164 ΕΤ
1342 116 1502 166 MAt..
1551 117 1807 168 L113.1V'.

2001 109 2059 175 ie>
2066 135 2087 186 3
2105 141 2124 172 t

172 200 288 243 quini-2
296 201 355 230 li'oc
362 201 460 230 autem
471 197 606 238 q'uaedam
618 207 681 228 non
689 197 909 239 meliusquiim
919 206 1130 239 vetereszquae-
1150 203 1154 239 l
1171 199 1370 238 quamobrem
1385 199 1422 231 ab
1432 200 1642 232 inventoribus
1652 214 1670 236 ,·
1683 210 1822 243 tanquam
1831 199 1846 232 a
1855 201 2042 242 parentibus,
2065 205 2131 237 di(-

174 247 244 275 tiam
258 244 389 273 omnino
402 238 517 285 i·eli6l:a.
535 238 666 280 cumque
679 240 736 269 dua
741 240 800 282 sint
808 248 891 273 artes,
902 239 1006 282 qusbus
1013 239 1131 280 persenit&
1150 258 1152 267 ι
1171 241 1301 272 sentiret.
1326 244 1395 272 Hoc
1409 244 1499 290 igitur
1509 243 1590 277 loco,
1601 253 1784 285 quamquam
1797 244 1811 275 a
1823 253 1862 277 te,
1875 246 1958 278 Cato,
1968 245 2129 287 diligenter

170 286 254 317 ratiti,
266 284 300 316 ὼ
309 283 398 313 oratio
408 288 586 322 compleatur,
601 291 658 311 una
669 281 949 316 inveniendi,altera
958 280 1128 311 differendi:

171 327 249 357 hanc
257 324 453 365 posteriorem
465 324 497 353 ὃς
507 324 611 357 Stoici,
625 323 657 354 &
668 326 852 364 Peripatetici
865 335 873 358 ς
884 325 1017 365 priorem
1027 332 1127 353 autem

170 368 216 398 illi
227 368 342 407 egregie
352 364 552 396 tradiderunt:
568 367 599 394 hi
611 368 743 396 omnino
760 376 800 395 nc
816 367 974 406 attigerunt
988 365 1123 405 quidem.
1147 402 1148 405 Ἰ

172 418 243 439 nam
255 408 271 438 e
282 407 390 448 quibus
399 407 570 448 locis‚quafi
578 408 719 447 tlaesizuris,
730 416 901 448 argumenta
911 406 1125 446 depromeren-

167 459 225 483 tur,
234 448 323 480 vestri
334 459 372 479 ne
382 449 517 488 suspicati
526 449 649 490 quidem
657 450 740 483 sunt,
752 450 915 490 superiores
922 457 1023 479 antem
1032 447 1126 486 amfi-

165 493 217 525 cio,
228 492 263 524 &-
274 492 323 520 via
334 491 516 520 tradiderunt.
529 501 594 532 quae
605 491 730 532 quidem
742 501 787 521 res
798 490 945 525 eflkitme
954 488 1070 520 necefi‘e
1079 489 1122 523 sit,

165 534 273 564 iisdem
291 533 328 563 de
346 534 434 563 rebus
454 534 569 572 semper
590 533 668 573 quafi
682 532 796 562 distata
805 533 957 563 decantare
969 552 979 566 ,
1001 542 1097 572 neque
1107 532 1123 563 a

165 576 425 605 commentariolis
437 575 496 605 suis
505 575 665 605 discedere.
678 585 748 606 nam
758 577 812 616 qui
822 576 893 605 sciet
902 594 911 608 ,
929 574 980 604 ubi
990 574 1122 614 quidque

166 616 296 657 positum
311 616 343 647 sit
357 637 365 650 ,
384 627 500 658 quaque
512 616 548 646 εὸ
558 619 676 651 veniat,
698 619 722 648 is
734 637 742 651 ,
760 619 851 647 ctiam
862 615 881 646 fi
891 616 965 657 quid
975 617 1119 646 obrutum

166 661 240 692 erit,
262 661 371 699 poterit
388 668 489 688 eruere
500 678 508 692 ‚
534 659 708 700 semperque
727 658 784 689 ess'e
804 661 837 689 in
851 658 1029 698 disputando
1040 658 1118 688 suus.

166 701 258 741 Qod
278 699 328 730 etfi
347 702 476 741 ingeniis
485 703 600 741 magnis
611 701 725 740 praediti
735 701 858 742 quidam
872 699 1119 740 dicendicopiam

166 741 229 772 sine
247 744 364 772 ratione
381 742 604 783 consequuntur
618 754 623 772 :
639 752 701 773 Ans
720 752 841 773 TAMEN
853 763 863 776 ,
885 752 941 772 ras-r
959 751 1027 771 nux
1039 750 1121 771 can-

167 794 251 815 :rron
263 804 270 817 ‚
293 793 389 824 Qem
410 793 562 814 NATURA.
585 785 666 814 aliud
692 784 735 815 est
753 787 836 815 enim
857 784 1013 824 po'e'tarum
1035 793 1120 813 more

163 826 254 856 verba
262 825 387 856 fundere
397 845 406 859 ‚
416 825 496 855 aliud
506 835 539 855 ea
549 845 558 858 ,
570 835 634 865 quae
649 826 738 860 dicas,
750 828 868 856 ratione
880 846 890 859 ,
902 825 1000 855 &arte
1011 824 1119 855 distin-

131 881 151 912 5
165 878 263 911 gnere.
286 867 403 898 Similia
417 866 475 896 dici
486 865 607 906 possunt
617 867 654 896 de
664 868 863 907 explicatione
875 876 985 897 naturae
997 877 1002 895 τ
1015 876 1075 907 qua
1086 867 1118 896 hi

164 919 302 942 utuntur,
314 909 346 938 ὃς
355 907 458 938 vestri:
471 917 570 948 neque
579 907 651 937 vero
661 909 702 938 ob
712 909 786 940 duas
798 907 892 939 modo
903 908 1000 938 causas
1015 928 1023 942 ‚
1033 908 1115 949 quod
1136 937 1138 941 ,

164 954 295 991 Epicuro
306 950 439 981 videtur,
460 957 492 978 ut
501 949 628 988 pellatur
638 951 764 984 mortis,
789 950 986 990 &religionis
1008 959 1117 980 metus:

163 993 224 1024 sed·
234 994 322 1022 etiam
333 989 493 1027 modestiam
502 991 646 1032 quandam
655 992 774 1033 cognitio
784 1002 875 1021 reram
885 990 1026 1027 caer'estium
1035 992 1117 1032 affert

161 1035 208 1068 iis,
230 1035 282 1074 qni
303 1033 425 1062 videant
444 1051 453 1066 ,
480 1042 587 1073 quanta
607 1032 640 1064 sit
652 1036 742 1064 etiam
754 1034 831 1074 apud
843 1034 914 1064 deos
934 1034 1114 1068 moderatio,

160 1083 289 1116 quantus
299 1074 390 1105 ordo:
405 1075 437 1104 &
448 1074 688 1116 magnitudinem
700 1077 807 1109 animi,
819 1076 946 1106 deorum
957 1085 1045 1115 opera
1056 1096 1064 1110 ‚
1080 1076 1113 1107 &

159 1116 236 1148 facia
245 1116 437 1147 cernentibus
449 1116 608 1155 :justitiam
620 1119 709 1148 etiam
723 1137 730 1151 ,
744 1117 816 1148 cum
831 1120 986 1159 cognitum
997 1118 1114 1152 habeas,

156 1158 242 1200 quod
260 1157 294 1189 fit
313 1157 577 1192 summirec'toris,
592 1159 629 1189 f&
640 1159 759 1189 domini
771 1169 886 1189 numen
898 1179 907 1193 ,
925 1158 1116 1200 quodconsi-

158 1201 236 1231 lium
248 1220 257 1234 ,
275 1210 342 1241 quae
363 1201 514 1231 voluntas.
535 1202 621 1240 cujus
634 1201 670 1231 ad
682 1210 818 1231 naturam
828 1211 893 1242 apta
901 1204 977 1231 ratio
989 1221 997 1235 ‚
1021 1211 1113 1231 VERA

158 1251 249 1272 aLLA
260 1253 300 1272 ET
310 1251 429 1272 suMMA
440 1251 503 1272 LEX
515 1242 530 1272 a
540 1243 728 1283 philosophis
737 1243 854 1274 dicitur.
877 1242 958 1272 Inest
966 1246 998 1273 in
1009 1243 1113 1274 eadem

157 1285 363 1324 explicatione
384 1292 495 1314 naturae
507 1304 515 1318 ‚
539 1284 714 1315 insatiabilis
723 1285 858 1326 quaedam
869 1284 886 1315 ὲ
897 1285 1115 1325 cognoscendis

157 1326 246 1357 rebus
257 1326 404 1367 voluptas.-
415 1328 446 1355 in
454 1336 510 1366 qua
522 1325 740 1360 una,confe6tis
749 1327 837 1357 rebus
848 1326 1014 1357 necessariis
1025 1329 1112 1357 vacui

157 1369 288 1408 negotiis
298 1387 306 1402 ,
319 1366 443 1398 honeste
455 1387 463 1401 ,
475 1378 506 1399 ac
516 1368 679 1398 liberaliter
690 1367 845 1408 pofl'umus
855 1370 966 1399 vivere.
990 1372 1067 1409 Ergo
1079 1371 1111 1399 in

157 1410 212 1440 hac
229 1410 344 1439 ratione
363 1417 423 1439 tota
444 1409 480 1439 de
501 1411 645 1439 maximis
661 1409 722 1440 fere
743 1410 1012 1441 rebusStoiciillos
1022 1411 1113 1441 secuti

152 1451 229 1482 -sunt
239 1470 248 1484 ,
272 1459 304 1480 ut
315 1450 347 1480 &
357 1450 430 1479 deos
439 1448 496 1480 ess'e
505 1470 515 1484 ‚
541 1450 574 1480 &
586 1455 713 1491 quatuor
721 1460 760 1481 ex
771 1452 859 1481 rebus
866 1454 972 1482 omnia
979 1452 1112 1482 constare

154 1493 299 1524 dicerent.
323 1490 401 1521 Cum
417 1500 514 1521 autem
535 1501 714 1532 quaereretnr
728 1501 774 1522 res
786 1491 1110 1526 admodumdifficilis‚

155 1543 231 1565 num
251 1532 356 1574 quinta
372 1533 499 1574 quadam
522 1541 629 1562 natura
646 1534 798 1564 videretur
808 1533 866 1564 ess'e
876 1554 888 1567 ‚
906 1544 944 1564 ex
955 1544 1012 1575 qua
1022 1537 1108 1568 ratio,

152 1575 190 1606 ,δε
209 1575 304 1606 intelli
328 1577 407 1604 entia
425 1578 570 1609 oriretur,
594 1577 627 1606 in
643 1585 706 1616 quo
725 1578 816 1606 etiam
826 1575 864 1606 de
872 1577 1005 1609 animis,
1023 1577 1111 1615 cujus

151 1618 270 1658 generis
288 1627 303 1646 e
327 1615 381 1647 *ent
397 1635 406 1650 ,
427 1626 606 1658 quaereretur
622 1628 629 1647 :
662 1619 749 1648 Zeno
765 1618 795 1648 id
815 1617 895 1648 dixit
916 1616 974 1647 effe
993 1620 1106 1658 ignem:

147 1659 303 1690 «nonnulla
321 1658 433 1689 deinde
453 1660 539 1689 aliter
549 1679 558 1693 ‚
578 1659 627 1690 sed
640 1669 674 1689 ea
682 1669 772 1700 pauca
785 1672 794 1694 3
816 1659 852 1690 de
864 1661 997 1690 maxima
1006 1668 1107 1690 autem

147 1710 193 1734 re,
209 1700 317 1731 eodem
329 1701 423 1730 modo
431 1721 440 1734 ,
459 1701 560 1730 divina
570 1708 659 1730 mente
668 1721 676 1734 ‚
688 1709 776 1743 arque
784 1701 1034 1731 naturaemumlum
1044 1702 1110 1732 uni-

148 1743 264 1782 versum
275 1761 284 1776 ‚
303 1749 391 1783 arque
399 1743 456 1781 ejus
467 1743 610 1772 maximas
618 1750 717 1784 partem
726 1742 918 1780 administrari
926 1754 938 1771 .·
949 1745 1103 1774 materiam

149 1783 223 1815 vero
232 1789 344 1818 rerum,
358 1784 390 1814 δε
399 1786 530 1824 copiam,
541 1785 617 1824 apud
632 1786 698 1819 hos,
708 1786 836 1815 exilem:
850 1785 928 1825 apud
939 1786 1010 1815 illos
1019 1785 1109 1816 uber-

147 1829 259 1857 rimam
276 1835 468 1865 reperiemus.
500 1826 591 1866 quam
615 1827 711 1857 multa
728 1827 763 1856 ab
782 1829 828 1856 his
845 1825 1012 1867 conquifita
1033 1846 1042 1860 ‚
1072 1828 1107 1858 &

147 1867 275 1898 cometa
292 1869 360 1898 sunt
370 1867 406 1898 de
419 1870 563 1898 omnium
573 1870 776 1898 animantium
787 1878 905 1916 genere,
916 1878 996 1903 ortu,
1006 1878 1106 1899 mem-

146 1910 210 1941 bris
221 1929 229 1943 ,
252 1909 387 1940 aetatibus
400 1912 413 1939 ἓ
431 1909 521 1950 quam
542 1910 637 1940 multa
646 1909 683 1940 de
692 1910 779 1940 rebus
789 1919 826 1939 us
839 1930 848 1944 ,
867 1919 934 1951 quae
944 1912 1107 1951 gignuntur

145 1950 168 1982 ’ὲ
187 1956 285 1981 terra?
303 1952 393 1992 quam
404 1952 508 1982 multae
517 1972 526 1986 ,
551 1961 702 1992 quamque
710 1952 748 1982 de
757 1952 847 1982 rebus
855 1954 946 1983 variis
957 1953 991 1982 ὃς
999 1953 1104 1986 causae,

144 2003 202 2024 cur
220 1993 353 2034 quidque
372 1992 421 2024 fiat
441 2013 450 2027 ,
481 1993 514 2024 δε
533 1993 805 2025 demonstrationes
814 2014 823 2028 ,
844 1994 1106 2035 quemadmodum

146 2044 272 2076 quaeque
284 2034 356 2066 fiant
370 2037 380 2064 Ρ
398 2044 455 2076 qua
468 2037 601 2066 exomni
609 2037 694 2075 copia
704 2057 715 2070 ‚
733 2036 864 2076 plurima
875 2055 884 2069 ‚
907 2035 1108 2067 &certiffima

142 2085 321 2119 argumenta
337 2077 497 2108 sumuntur
516 2078 552 2108 ad
571 2077 715 2118 cujusque
736 2080 777 2108 rei
794 2087 930 2109 naturam
950 2079 1105 2118 explican-

146 2119 227 2149 dam.
251 2129 320 2160 ergo
330 2118 426 2149 adhuc
439 2139 447 2153 ,
456 2128 603 2160 quantum
611 2119 754 2160 equidem
765 2120 923 2161 intelligo,
945 2121 1029 2151 causa
1040 2130 1104 2151 non

143 2161 267 2191 videtur
279 2160 367 2191 tuiss‘e
376 2161 513 2191 mutandi
523 2164 674 2191 nominis.
698 2171 766 2192 non
777 2171 879 2196 εΝιΜ,
891 2161 911 2192 fi
921 2164 1027 2193 omnia
1038 2172 1103 2193 non

143 2203 338 2243 sequebatur,
358 2204 466 2233 iccirco
486 2212 550 2233 non
569 2212 628 2234 erat
638 2212 720 2234 onus
731 2204 828 2234 illinc.
845 2204 995 2245 Equidem
1010 2206 1102 2235 etiarn

146 2248 159 2264 ¹
171 2246 349 2285 Epicurum,
364 2246 395 2274 in
407 2243 534 2284 physicis
543 2244 678 2286 quidem,
689 2248 904 2276 Democritum
914 2256 988 2287 puto
1002 2256 1104 2287 :pauca
1121 2262 1123 2278 s

144 2296 265 2320 mutat,
287 2290 302 2306 ²
323 2288 369 2316 vel
389 2288 472 2326 plura
490 2288 572 2317 sane.
596 2296 623 2317 at
640 2286 711 2318 cum
726 2288 1007 2329 epluritniseadem
1019 2289 1103 2322 dicit,

140 2336 210 2357 turn
226 2329 306 2359 certe
325 2329 361 2359 de
381 2330 536 2358 maximis.
577 2329 661 2370 quod
679 2331 754 2359 irem
772 2328 845 2359 cum
868 2330 959 2361 vestri
977 2329 1102 2364 faciant,

144 2373 160 2396 3
180 2379 243 2400 non
262 2371 327 2400 satis
345 2380 484 2410 magnam
507 2371 642 2401 tribuunt
663 2370 856 2401 inventoribus
869 2373 1011 2413 gratiam.
1045 2372 1102 2403 Sed

108 2416 130 2449 6
146 2411 207 2441 haec
217 2411 370 2442 hactenus.
396 2414 489 2443 Nunc
500 2413 657 2443 videamus
668 2433 676 2447 ,
688 2414 789 2454 quaeso
803 2433 811 2447 ,
825 2414 862 2444 de
873 2415 995 2444 summo
1006 2415 1100 2448 bono,

144 2453 226 2494 quod
261 2456 399 2484 continet
424 2454 627 2496 philosphiam
648 2475 657 2489 ‚
684 2455 791 2497 ecquid
817 2456 940 2487 tandem
958 2457 1101 2491 attulerit,

180 2589 202 2605 1.
223 2583 364 2613 Epicurum,
373 2583 498 2615 inphysicis
513 2584 614 2616 quidem,
625 2585 778 2609 Democritum
784 2584 876 2624 pum]
888 2582 1025 2610 vietorius
1036 2581 1094 2609 edi·
1116 2595 1117 2615 3

137 2615 178 2642 d'it
188 2619 361 2643 Democritum.
384 2618 452 2643 l'all.
463 2618 543 2645 nostri
562 2626 654 2644 vocem
666 2619 739 2645 illam
752 2629 803 2646 non
825 2627 929 2655 rapiunt
947 2620 974 2646 in
985 2627 1095 2646 contro-

138 2651 259 2683 veniam,
270 2652 310 2678 sed
322 2653 443 2679 alteram.
463 2653 559 2680 habent
569 2655 639 2680 enim
650 2663 690 2690 pr.
701 2665 730 2681 ac
739 2655 807 2682 sext.
818 2658 972 2688 Epicurorum
983 2674 990 2686 ‚
1010 2656 1092 2682 ceteri

133 2690 312 2719 Epicureorum.
334 2690 400 2716 mule
411 2699 502 2717 omnes
515 2701 520 2716 :
541 2698 569 2717 ut
580 2690 693 2726 liquebit
712 2691 735 2717 ci
746 2692 789 2717 cui
800 2700 867 2718 curae
877 2690 1004 2727 inspicere
1013 2692 1093 2718 Cice-

134 2724 209 2751 ronis
222 2725 268 2750 lib.
284 2733 305 2750 ι.
319 2726 446 2751 Aca-iem.
457 2726 546 2762 quaest.
558 2736 614 2762 cap.
626 2736 653 2752 2.
664 2727 732 2753 circa
744 2726 871 2756 medium.

175 2769 203 2787 2.
223 2763 265 2788 Vel
274 2763 348 2793 plura
363 2763 433 2795 sane.
454 2769 480 2787 at
499 2763 569 2788 cion&
583 2763 720 2797 flammis.)
742 2762 886 2790 Lambinus
906 2762 979 2790 nobis
1000 2763 1093 2796 finxit,

135 2798 362 2831 «velplnrimasane.
381 2806 407 2823 at
419 2799 488 2824 cumi-
502 2800 613 2832 pluribus
624 2808 632 2830 5
653 2799 763 2826 omnino
782 2806 928 2835 utrumque
940 2807 1033 2827 contra
1043 2801 1092 2827 Pa-

137 2829 246 2859 latinos.

174 2875 200 2903 3·
219 2872 270 2895 Non
273 2870 334 2903 sati:
344 2878 454 2904 magnam
464 2872 572 2896 tribuunt
581 2873 744 2897 inventoribus
749 2872 881 2905 grauem]
905 2871 960 2898 Pal,
971 2881 1010 2907 pr.
1023 2881 1091 2904 nam,

132 2909 166 2965 pt
177 2902 247 2944 torte
257 2905 338 2934 fuerit
346 2907 486 2943 primitus,
497 2908 607 2941 ansulis,
620 2917 728 2941 magnam
737 2907 808 2943 quod
820 2908 976 2935 clementius
987 2907 1090 2935 dietum

149 2947 228 2966 uerat.

169 2982 198 3008 4.
219 2976 290 3008 Idem,
299 2978 503 3014 utfidiceretur]
522 2979 720 3016 Interposuerat
731 2979 874 3006 Lambinus
885 2980 1039 3015 particulam
1052 2987 1090 3011 ut,

132 3020 218 3047 neque
230 3011 357 3040 indicavit
367 3014 399 3042 ab
416 3016 523 3042 'rnoenio
535 3026 566 3042 ne
579 3016 643 3043 effer
654 3036 661 3048 ,
681 3026 712 3043 an
726 3018 740 3042 :i
752 3016 807 3042 mis.
823 3017 872 3042 elle
884 3024 970 3043 antem
990 3020 1003 3042 i:
1016 3016 1089 3043 libris

129 3048 239 3074 vetustis
249 3049 388 3076 confirmat
402 3037 461 3077 Pa?
471 3053 565 3080 noster.
579 3053 609 3079 P.
620 3053 757 3079 Manutius
768 3052 1022 3089 putabatfflgmficarc
1031 3054 1090 3079 idem

128 3089 157 3109 nt
166 3084 295 3116 arceretur,
304 3086 415 3112 omnino
425 3087 544 3115 tollenda
556 3097 601 3114 ceu
613 3088 765 3124 gloss'ariuin
773 3110 778 3115 .

165 3129 191 3153 5.
210 3121 273 3146 Illud
280 3124 339 3147 enim
349 3124 437 3147 '‘ellum
445 3125 497 3154 eff,
516 3125 576 3157 quod
591 3127 735 3160 κατόρθωμα,
745 3127 837 3152 dicebas
850 3145 856 3156 ,
876 3128 1028 3158 contingitque
1041 3125 1087 3157 sa-
1108 3152 1110 3157 ¹

117 3157 206 3191 pienti,
217 3157 287 3193 ἀνι]
305 3159 347 3186 lta
358 3158 510 3187 maluicuiu
521 3159 578 3188 Pal.
596 3169 637 3196 pr.
657 3163 779 3198 quantur
797 3161 926 3191 haetenus
946 3161 1086 3198 publicati,
1108 3171 1109 3184 ι

1150 277 1152 323 ξ
1170 281 1212 312 est
1233 283 1396 323 explicatus
1416 286 1484 314 nnis
1502 285 1551 316 hic
1571 286 1722 316 bonorum
1734 305 1742 320 ,
1761 287 1814 327 qui
1832 288 1970 317 continet
1987 288 2126 327 philoso-

1150 330 1151 339 ¹
1168 324 1270 362 phi-am
1283 343 1292 358 ,
1304 325 1336 356 Sc
1348 327 1416 366 quis
1425 327 1440 357 a
1450 328 1555 357 Stoicis
1566 347 1575 361 ‚
1586 327 1619 357 &
1632 327 1892 368 quemadmodum
1904 328 2067 360 diceretur:
2079 340 2123 362 ta·

1169 374 1240 395 men
1252 376 1307 407 ego
1316 377 1435 408 quoque
1445 378 1609 408 exponam,
1621 378 1654 399 ut
1663 368 1910 410 perspiciamus‚s1
1920 373 2121 410 potuerimus,

1146 418 1147 422 ¹
1167 407 1311 446 quidnam
1333 410 1349 439 a
1371 409 1497 440 Zenone
1518 413 1591 440 novi
1602 409 1634 441 sit
1645 412 1777 442 allatum.
1799 413 1879 442 Cum
1889 414 1974 442 enim
1986 413 2122 453 superio-

1166 457 1211 478 res
1221 468 1230 481 ,
1252 449 1396 490 equibus
1415 451 1583 490 planissime
1594 454 1718 483 Polemo
1730 473 1738 486 ,
1760 462 1935 484 SECuNDVM
1948 464 2120 487 NAruaAM

1165 499 1312 524 vrvene,
1332 492 1486 523 summum
1500 494 1615 524 bonum
1634 493 1691 525 esse
1708 493 1869 529 dixiffent,
1890 497 1936 526 his
1956 497 2055 527 verbis
2065 500 2120 530 tria

1165 529 1321 571 significari
1337 536 1428 564 Stoici
1452 535 1556 565 dicunt
1574 547 1580 565 :
1610 546 1706 567 unum
1724 536 1896 577 ejusmodi,
1914 540 2015 569 vivere
2031 539 2119 570 adhi-

1141 582 1142 585 ’
1164 571 1287 604 bentem
1304 575 1458 606 scientiam
1481 587 1581 607 earum
1600 587 1701 608 rerum
1716 599 1727 612 ‚
1744 588 1810 625 quae
1829 589 1932 611 natura
1950 582 2115 612 evenirent.

1162 615 1243 645 hunc
1261 617 1360 655 ipsum
1372 618 1507 648 Zenonis
1517 620 1599 659 ajunt
1610 619 1702 651 finem
1713 619 1769 650 esse
1784 641 1794 654 ‚
1813 621 2012 652 declarantem
2027 623 2117 657 illud,

1161 656 1242 696 quod
1261 658 1275 687 a
1289 666 1317 687 te
1326 657 1445 689 dffilum
1456 659 1499 689 est
1512 681 1519 693 ,
1542 670 1801 692 CONVENIENTER
1813 673 1965 694 NATURAE
1977 673 2116 695 vtvzass.

1161 698 1290 728 alterum
1311 697 1473 741 fignificare
1483 706 1500 728 4
1514 702 1595 732 idem
1609 723 1618 735 ,
1643 713 1673 734 ut
1683 703 1702 733 si
1713 704 1859 736 diceretur
1870 725 1878 740 ,
1898 704 2000 736 officia
2009 708 2121 738 omnia.⁷

1161 739 1273 774 media,
1284 750 1333 771 aut
1346 742 1483 784 pleraque
1493 744 1658 774 servantem
1670 765 1679 778 ,
1691 748 1802 776 vivere.
1826 749 1886 777 hoc
1897 746 1934 778 fic
1942 746 2115 788 expolitum

1160 780 1301 812 diffimile
1320 783 1362 814 est
1373 784 1525 824 superiori.
1547 789 1559 813 5
1568 786 1644 816 illud
1653 789 1735 817 enim
1749 787 1854 818 rectum
1864 788 1900 826 est
1912 809 1921 823 ‚
1932 789 2014 830 quod
2025 792 2114 825 κατέπρ-

1158 824 1225 855 emme
1233 823 1362 859 dicebas,
1372 828 1584 868 contingitque
1594 828 1716 867 sapienti
1728 829 1781 859 soli
1795 841 1799 858 :
1812 832 1869 861 hoc
1879 841 1978 862 autem
1990 832 2116 862 inchoa-

1158 865 1180 894 ti
1199 866 1352 904 cujusdam
1364 866 1458 899 officii
1468 868 1526 902 est,
1550 879 1613 899 non
1624 869 1747 909 perfeffi
1760 891 1768 905 ‚
1784 872 1865 912 quod
1879 873 1980 903 cadere
1990 874 2021 903 in
2032 883 2115 904 non-

1158 907 1261 937 nullos
1277 907 1461 949 insipientcis
1479 910 1585 951 potest.
1610 913 1729 941 tertium
1739 922 1838 943 autem
1851 933 1859 947 ,
1879 914 2024 944 omnibus
2035 934 2044 948 ‚
2063 923 2116 946 aut

1158 950 1304 980 maximis
1330 951 1421 981 rebus
1440 953 1478 982 iis
1496 972 1506 986 ,
1536 962 1617 994 QJAE
1635 962 1812 984 secuNDnM
1832 964 2000 986 NATuRAM
2024 966 2113 991 smr,

1135 1001 1137 1032 1>
1155 989 1306 1021 fruentem
1319 1012 1327 1026 ,
1354 995 1465 1024 vivere.
1488 995 1547 1024 hoc
1566 1005 1630 1025 non
1640 994 1683 1025 est
1691 994 1861 1036 pofitumin
1876 997 1974 1028 nostra
1983 997 2113 1029 afflone.

1154 1034 1324 1073 completur
1332 1037 1415 1066 enim
1427 1033 1460 1066 δε
1471 1046 1509 1066 ex
1519 1046 1555 1066 eo
1565 1047 1674 1077 genere
1684 1039 1763 1071 vitae,
1775 1038 1858 1079 quod
1868 1041 1978 1069 virtute
1990 1038 2112 1075 fruitur,

1156 1073 1235 1105 &ex
1247 1077 1283 1105 iis
1296 1076 1384 1107 rebus
1394 1097 1403 1111 ‚
1424 1088 1490 1119 quae
1500 1078 1664 1109 secundum
1676 1088 1811 1111 naturam
1823 1081 1892 1111 sunt
1902 1100 1912 1115 ‚
1937 1091 2033 1122 neque
2042 1082 2112 1112 sunt

1155 1117 1187 1146 in
1208 1116 1308 1148 nostra
1328 1119 1480 1158 potestate.
1503 1121 1559 1151 Sed
1578 1122 1636 1151 hoc
1661 1122 1818 1152 summum
1837 1122 1956 1153 bonum
1972 1142 1981 1157 ,
1999 1121 2110 1164 6quod

1154 1160 1238 1189 tertia
1248 1158 1465 1200 significatione
1474 1163 1663 1203 intelligitur,
1675 1173 1767 1203 eaque
1777 1166 1849 1198 vita,
1860 1174 1927 1205 quae
1938 1174 1975 1195 ex
1986 1165 2113 1195 summo>

1154 1199 1237 1230 bono
1255 1201 1393 1242 degitur,
1414 1205 1484 1244 quia
1501 1204 1662 1243 conjuneia
1681 1206 1709 1234 ei
1719 1207 1812 1235 virtus
1821 1205 1884 1239 est,
1902 1208 1933 1236 in
1946 1207 2110 1246 sapientem

1153 1242 1250 1272 solum
1262 1245 1338 1274 cadit
1351 1255 1357 1274 :
1377 1245 1461 1286 isque
1473 1245 1541 1276 finis
1553 1247 1705 1277 bonorum
1718 1266 1727 1281 ‚
1749 1257 1781 1277 ut
1797 1247 1832 1278 ab
1842 1246 1910 1286 ipsis
1921 1250 2029 1279 Stoicis
2039 1249 2111 1279 scri-

1151 1293 1236 1324 ptum
1249 1286 1389 1317 videmus
1403 1307 1412 1321 ‚
1435 1287 1450 1318 a
1459 1290 1641 1321 Xenocrate,
1652 1297 1739 1329 atque
1748 1289 1784 1319 ab
1793 1289 1952 1319 Aristotele
1961 1289 2113 1320 constitu·

1155 1335 1201 1356 tus
1211 1326 1262 1356 est.
1286 1329 1384 1369 itaque
1395 1329 1431 1359 ab
1443 1331 1489 1360 his
1498 1335 1513 1359 7
1524 1329 1701 1360 constitutio
1710 1331 1760 1360 illa
1771 1332 1867 1370 prima
1878 1339 1983 1362 natura
1997 1351 2005 1365 ‚
2027 1330 2113 1373 aquas

1152 1377 1182 1398 tu
1202 1378 1321 1410 quoque
1331 1370 1484 1402 ordiebare
1493 1391 1502 1406 ,
1523 1372 1569 1401 his
1579 1372 1671 1412 prope
1684 1372 1783 1402 verbis
1793 1375 1964 1413 exponitur.
1989 1376 2106 1404 ΟΜΝΗ

1131 1411 1132 1421 ’
1152 1420 1290 1440 NATURA
1304 1421 1389 1442 vum·
1401 1422 1476 1443 ESSE
1487 1422 1748 1444 coNsERVATRrx
1760 1424 1825 1448 sur,
1838 1423 1870 1445 ut
1884 1415 1916 1445 &
1926 1415 2004 1446 salva
2017 1414 2061 1450 sit,
2073 1415 2108 1446 δε

1152 1453 1184 1481 in
1201 1462 1308 1492 genere
1327 1454 1518 1485 conservetur
1528 1455 1590 1485 suo.
1613 1455 1648 1485 ad
1659 1457 1735 1486 hanc
1745 1465 1808 1486 rem
1819 1457 1902 1496 ajunt
1913 1452 2019 1487 ³arteis
2030 1467 2110 1497 quo-

1130 1495 1131 1499 ’
1151 1503 1209 1533 que
1228 1493 1386 1534 exquisitas
1399 1515 1408 1529 ,
1427 1506 1492 1536 qua:
1513 1506 1648 1526 naturam
1668 1497 1841 1535 adjuvarent
1864 1508 1870 1527 ε
1890 1499 1924 1527 in
1945 1498 2056 1538 quibus
2075 1508 2109 1530 ea

1149 1544 1328 1566 numeretur
1338 1538 1369 1566 in
1380 1539 1488 1576 primis
1499 1548 1582 1578 ,quae
1593 1537 1636 1568 est
1645 1538 1769 1568 vivendi
1781 1548 1824 1568 ars
1836 1546 1890 1572 ,ut
1900 1547 2014 1569 tueatur
2023 1540 2109 1580 quod

1129 1599 1131 1605 .
1149 1575 1165 1606 a
1184 1585 1287 1606 natura
1304 1578 1407 1608 datum
1427 1578 1476 1608 sit:
1501 1579 1582 1619 quod
1591 1578 1663 1610 desit
1673 1582 1811 1619 acquirat.
1831 1579 1984 1620 iidemque
1994 1581 2108 1611 divise-

1127 1610 1131 1660 Ξ
1148 1627 1220 1648 runt
1238 1628 1372 1649 naturam
1392 1621 1530 1650 hominis
1548 1622 1580 1650 in
1597 1622 1736 1651 animum
1748 1640 1756 1654 ‚
1778 1621 1811 1651 &
1832 1631 1956 1661 corpus>
1977 1631 2114 1663 cumque

1127 1687 1129 1691 ,
1146 1662 1166 1686 9⁴
1187 1669 1294 1690 eorum
1316 1662 1556 1703 unumquodque
1567 1671 1619 1702 per
1631 1662 1660 1692 se
1669 1662 1872 1702 expetendum
1883 1662 2111 1698 effedixiffent,

1146 1703 1271 1733 virtutes
1288 1713 1408 1744 quoque
1429 1704 1580 1745 utriusque
1603 1714 1710 1734 eorum
1731 1714 1781 1744 per
1805 1705 1834 1734 se
1852 1705 2032 1744 expetendas
2047 1704 2112 1738 effe·

1146 1742 1287 1774 dicebant
1307 1755 1313 1775 :
1331 1745 1404 1775 cum
1425 1748 1565 1776 animum
1576 1746 1702 1787 quadam
1712 1744 1831 1776 infinita
1844 1746 1931 1776 laude
1940 1755 2108 1786 antepone·

1145 1794 1212 1816 rent
1228 1788 1365 1826 corpori,
1387 1788 1512 1818 virtutes
1529 1798 1650 1828 quoque
1668 1790 1763 1818 animi
1776 1787 1864 1818 bonis
1875 1790 2009 1828 corporis
2020 1799 2105 1820 ante-

1144 1827 1307 1868 ponebant.
1331 1828 1380 1858 sed
1399 1828 1472 1859 cum
1489 1829 1663 1871 sapientiam
1673 1830 1883 1859 totiuslmmim‘s
1893 1829 2045 1866 custodem,
2065 1831 2107 1864 &v

1141 1869 1415 1910 procuratricemeffi
1425 1871 1525 1901 vellent
1535 1890 1543 1905 ‚
1562 1881 1628 1911 quae
1636 1870 1707 1901 esset
1718 1881 1828 1901 naturae
1841 1881 1945 1902 comes
1955 1891 1965 1907 ,
1977 1872 2010 1902 &
2018 1873 2063 1913 adj
2069 1883 2105 1903 u-

1144 1913 1205 1941 trix
1219 1921 1223 1939 :
1235 1912 1292 1941 hoc
1302 1911 1451 1951 sapientiae
1461 1922 1572 1943 munus
1587 1912 1646 1942 effe
1656 1912 1795 1943 dicebant
1807 1933 1815 1947 ‚
1835 1922 1868 1944 ut
1878 1923 1948 1944 eum
1955 1923 2106 1948 tueretur,

1141 1954 1196 1994 qui
1213 1952 1361 1984 constaret
1378 1963 1417 1984 ex
1435 1956 1540 1984 animo
1560 1955 1592 1985 δε
1611 1964 1736 1994 corpore
1762 1965 1768 1983 :
1789 1956 1821 1984 in
1840 1964 1967 1996 utroque
1982 1957 2102 1996 juvaret

1142 2004 1214 2025 eum
1225 2014 1236 2029 ‚
1255 2003 1342 2036 atque
1352 1998 1529 2026 contineret.
1555 2005 1641 2037 atque
1651 1998 1690 2027 ita
1703 2006 1733 2027 re
1743 1996 1844 2037 primo
1855 1996 2027 2037 simpliciter
2037 1998 2104 2029 col-

1146 2037 1240 2067 locata
1252 2058 1261 2071 ,
1279 2037 1394 2078 reliqua
1413 2037 1552 2069 subtilius
1569 2038 1777 2079 persequentes
1789 2059 1797 2072 ,
1816 2042 1949 2079 corporis
1970 2040 2049 2070 bona
2057 2039 2102 2071 fas

1141 2079 1230 2109 cilem
1242 2079 1390 2119 quandam
1400 2081 1551 2111 rationem>
1563 2080 1670 2110 habere
1680 2080 2100 2113 censebant.de·animibon1s

1142 2120 1306 2151 accuratius
1321 2122 1538 2162 exquirebant:
1560 2123 1592 2152 in
1611 2122 1775 2163 primisque
1786 2123 1990 2162 reperiebant,
2009 2124 2042 2153 in
2055 2125 2107 2154 his-

1142 2161 1235 2192 iness'e
1245 2161 1477 2203 justitiaefizmina
1487 2174 1497 2191 .·
1517 2165 1667 2204 primique
1681 2174 1719 2194 ex
1730 2166 1874 2194 omnibus
1887 2165 2073 2205 philosophis
2084 2167 2100 2197 a

1142 2213 1245 2235 natura
1255 2205 1402 2235 tributum
1413 2205 1470 2235 ess'e
1479 2206 1666 2239 docuerunt,
1683 2214 1717 2237 ut
1731 2207 1752 2236 ii
1764 2225 1771 2238 ,
1785 2208 1836 2247 qui
1850 2216 2043 2237 PROCREAffrl
2055 2227 2063 2241 ‚
2081 2208 2103 2239 a,

1141 2246 1376 2287 procreatoribus
1392 2257 1560 2278 amarentur
1571 2268 1581 2282 ‚
1598 2248 1670 2278 &id
1682 2268 1690 2281 ,
1709 2248 1791 2289 quod
1807 2257 1978 2289 temporum
1991 2249 2104 2281 ordine

1141 2290 1293 2329 antiquius
1303 2287 1361 2322 est,
1383 2299 1413 2319 ut
1425 2299 1594 2328 coNJuGIA
1609 2292 1743 2321 virorum
1755 2308 1764 2323 ,
1778 2289 1810 2320 &
1825 2300 1958 2321 uxorum
1975 2311 1983 2324 ‚
1996 2300 2103 2323 natura

1141 2330 1302 2371 conjuncta
1321 2329 1379 2362 effe
1397 2331 1546 2362 dicerent:
1567 2342 1624 2372 qua
1642 2342 1683 2362 ex
1695 2331 1783 2372 stirpe
1798 2334 2102 2364 orirenturamicitiz

1121 2373 1123 2380 ’
1142 2375 1369 2414 cognationum.
1392 2382 1478 2414 atque
1498 2373 1591 2404 abhis
1606 2376 1701 2404 initiis
1712 2373 1838 2414 profeffi
1850 2394 1858 2407 ,
1878 2376 2022 2405 omnium
2033 2377 2097 2406 vir-

1142 2423 1241 2445 tutum
1258 2415 1291 2445 δε
1311 2417 1460 2456 originem
1473 2435 1481 2449 ,
1503 2416 1536 2447 &
1554 2414 1786 2457 progreffionem
1798 2416 1938 2456 persecuti
1951 2416 2029 2446 sunt.
2056 2427 2101 2448 ex

1138 2466 1200 2498 quo
1211 2459 1389 2498 magnitudo
1401 2467 1523 2499 quoque
1533 2460 1630 2489 animi
1644 2456 1796 2488 exsistebat
1810 2477 1818 2491 ‚
1840 2467 1896 2499 qua
1904 2456 1990 2489 facile
2002 2457 2103 2498 posset·

2007 2510 2102 2541 repu-

1135 2586 1233 2615 νεέῖιιηι,
1243 2585 1305 2618 qnod
1313 2596 1373 2611 κκτ.
1383 2585 1429 2610 dic.
1439 2577 1610 2617 tontiti-qitsssip.
1622 2580 1692 2618 quod
1703 2580 1825 2608 enclitica
1835 2590 1878 2615 que
1887 2580 2000 2608 exstaret
2011 2580 2038 2607 in
2047 2589 2096 2611 ,ce-

1136 2621 1200 2647 teris
1212 2620 1279 2646 l’all.
1290 2621 1419 2656 quinque.
1937 2652 1943 2657 ἢ
1985 2652 1991 2657 ,

1169 2656 1199 2681 6.
1218 2657 1289 2688 giutid
1296 2659 1540 2690 tertii-:significatione
1557 2654 1718 2688 inicli'igimr]
1741 2651 1878 2679 Hafiienus
1888 2651 2006 2679 obtinuit
2018 2671 2025 2683 ,
2036 2652 2105 2687 qums

1133 2686 1368 2726 certasignfficatione
1380 2711 1388 2724 ,
1407 2692 1477 2719 sensu
1489 2693 1589 2727 inepto,
1608 2692 1720 2718 alterurn
1733 2688 1800 2716 illud
1810 2689 1866 2716 erni
1879 2693 1892 2715 c
1904 2689 1988 2716 Prin.
2009 2698 2048 2724 pr.
2061 2697 2093 2715 ac

1134 2727 1220 2755 sexto.

1168 2772 1195 2798 7.
1215 2765 1349 2796 Constantio
1357 2764 1398 2789 illa
1406 2766 1485 2796 prima
1495 2763 1612 2797 natura]
1634 2761 1728 2788 Lamb.
1742 2760 1845 2788 invexit
1856 2767 1960 2793 natum,
1971 2759 2012 2786 sed
2024 2769 2094 2788 con-

1132 2806 1173 2827 tra
1186 2801 1251 2827 Pali.
1265 2800 1392 2836 quinque,
1405 2804 1418 2826 ‘c
1430 2800 1525 2835 quibus
1537 2799 1661 2825 secundus
1673 2799 1696 2825 ci
1707 2796 1922 2833 adstipulabatur.
1943 2798 2024 2823 ceteri
2035 2797 2094 2824 sta—

1131 2835 1193 2863 bant
1205 2846 1252 2872 pro
1265 2835 1378 2862 lechone
1388 2836 1532 2862 communi.
1552 2835 1668 2870 Scaliger
1679 2833 1979 2865 emend-irat,priamum
1987 2840 2098 2873 nat-itm..

1169 2872 1195 2899 8.
1215 2876 1300 2901 esti-tes
1311 2881 1397 2905 quoquc
1407 2872 1556 2906 requisitas]
1580 2871 1659 2897 Hand
1672 2870 1741 2897 secus
1753 2870 1821 2896 liber
1831 2868 1940 2897 Moreili
1954 2889 1961 2900 ‚
1971 2869 2092 2904 Scalige-

1133 2917 1210 2935 ranus
1224 2918 1231 2939 3
1244 2910 1324 2935 emm
1337 2908 1394 2934 1¹:21.
1405 2917 1446 2944 pr.
1458 2908 1502 2943 qui
1515 2909 1569 2934 heic
1580 2908 1659 2934 etiam
1670 2907 1774 2933 delinit.
1786 2914 1867 2942 quare
1879 2915 1930 2932 non
1941 2905 1988 2936 est,
2001 2913 2029 2932 ut
2040 2906 2097 2931 ali-

1131 2944 1194 2979 quid
1205 2946 1220 2971 a
1233 2954 1274 2971 ine
1283 2944 1405 2981 deinceps
1416 2943 1765 2980 exspatiatur,exquisitum
1774 2941 1847 2978 quod
1859 2941 1898 2967 sit.
1909 2941 1992 2967 ceteri
2005 2951 2091 2981 meni-

1130 2980 1248 3007 branacci
1262 2980 1470 3016 propugnabant.
1485 2984 1556 3015 vulg.
1575 2981 1718 3014 exquisitam
1737 2977 1873 3014 quomodo
1883 2978 1911 3004 &
1922 2978 2072 3004 Viistorins.

1165 3026 1194 3052 9.
1216 3017 1512 3051 Eorumunumquodque]
1526 3017 1632 3042 Paullus
1645 3016 1780 3042 Manutius
1791 3013 1897 3041 invexit
1944 3024 1983 3038 um
1993 3021 2090 3039 utrum*

1129 3062 1183 3086 quc.
1194 3063 1226 3079 ex
1240 3053 1296 3080 mss.
1306 3054 1355 3084 uit,
1366 3052 1506 3089 credoque:
1522 3062 1578 3079 nam
1592 3052 1624 3079 iic
1635 3053 1660 3078 S<
1671 3051 1740 3078 sext.
1751 3050 1838 3078 noster
1849 3051 1875 3076 8(
1889 3050 2062 3076 Mor-cilianus
2074 3051 2096 3076 it.

1130 3089 1264 3124 Sculigero
1274 3088 1431 3124 percursus.'
1440 3090 1521 3116 ceteri
1534 3090 1598 3116 liant
1609 3098 1655 3125 pro
1666 3088 1750 3114 altero
1764 3107 1771 3119 ,
1792 3086 1839 3113 nili
1851 3093 1990 3126 quatenns,
2000 3085 2090 3112 secun--

1130 3124 1190 3156 dus,
1201 3135 1276 3150 corum
1287 3133 1403 3159 utrunque
1412 3126 1598 3160 unumquodque.
1610 3134 1643 3151 ex
1654 3133 1707 3159 quo
1719 3124 1803 3159 liquet
1815 3122 1910 3149 dubios
1923 3122 1998 3150 fulssc
2010 3121 2092 3148 librar-

1130 3162 1184 3190 rios
1195 3161 1260 3198 quid
1269 3161 1452 3198 lequerentur‚
1463 3161 1577 3198 ideoque
1586 3160 1719 3192 adiuiiissh
1732 3168 1890 3196 utrumque.
2044 3194 2074 3219 f-

2011 3201 2034 3219 iv.
2066 3201 2093 3219 n*
