2339 3379
378 131 448 180 M.
476 129 933 179 T.Crcizaoii1s
984 144 1053 178 rii
1094 128 1148 177 C.
1188 128 1515 180 Sarrum.
1560 131 1948 189 Responsm.

194 211 298 255 potius
314 214 405 245 amici
422 213 484 243 mei
502 213 655 245 viverent,
672 209 764 252 quam
778 210 1030 252 egotestamentis
1044 222 1148 244 eorum

197 257 378 296 locupletior
389 254 489 285 ess'em.
513 257 577 295 Ego
594 252 684 294 fugax
695 273 704 286 ,
724 254 824 292 Ci-ipse
833 253 974 284 Sallusti?
993 254 1086 284 furori
1098 256 1150 283 tri-

196 297 273 328 buni
282 298 380 338 plebis
389 295 464 327 ceffi.
482 297 587 325 utilius
598 295 672 324 duxi
684 315 692 328 ,
704 297 841 335 quamvis
851 295 1002 326 fortunam
1015 304 1086 324 unus
1096 304 1150 325 ex-

193 341 285 381 periri
296 359 305 374 ,
327 338 419 383 quarn
434 337 572 368 universo
588 337 702 376 populo
714 339 808 366 Rom.
819 338 918 368 civilis
927 336 985 369 effe
997 335 1150 367 dissensio-

194 383 244 412 nis
253 381 345 412 causa.
368 381 419 421 qui
429 377 621 419 posteaquam
633 379 685 408 ille
695 378 781 408 suum
795 389 908 409 annum
919 382 952 409 in
962 389 1020 419 rep.
1030 378 1151 418 perbac-

191 424 297 454 chatus
315 421 357 452 est
369 442 379 455 .
398 423 562 461 omniaque
576 440 585 454 ‚
605 430 672 461 quae
687 430 914 455 commoverat,
928 430 1019 461 pace,
1041 419 1074 450 &
1085 421 1150 449 otio

189 458 374 495 resederunt:
389 464 446 493 hoc
456 462 562 492 ordine
572 472 729 492 revocante
741 482 750 496 ‚
761 472 847 503 atque
858 463 919 502 ipsa
929 472 989 502 rep.
1002 470 1094 492 manu
1105 471 1150 491 re-

193 506 326 536 trahente
338 514 387 535 me
400 525 409 538 ‚
425 506 543 534 reverti.
567 506 626 544 Qi
638 506 714 534 mihi
726 504 788 534 dies
801 525 808 538 ‚
828 503 848 534 fi
857 515 928 535 cum
940 506 1026 534 omni
1037 505 1150 544 reliqua

189 549 252 577 vita
259 546 428 578 conferatur
438 566 446 580 ‚
459 549 563 576 animo
573 546 698 587 quidem
714 556 785 576 meo
795 547 908 586 superet
920 558 925 576 z
940 545 1012 576 cum
1025 547 1146 576 univer-

188 587 212 618 fi
226 598 279 618 vos
288 608 296 622 ,
314 589 500 629 populusque
509 591 602 619 Rom.
614 587 754 629 frequens
764 588 893 619 adventu
905 598 975 618 meo
986 587 1146 629 gratulatus

189 629 245 660 est.
269 633 343 661 tanti
356 641 407 660 me
420 630 555 672 fugacem
567 650 574 663 ,
597 633 812 661 mercenarium
822 639 981 670 patronum
993 650 1002 662 ,
1025 630 1056 659 hi
1068 627 1147 658 aesti-

149 678 177 711 4
190 681 359 703 maverunt.
384 674 492 713 Neque
503 673 624 702 hercule
633 675 746 702 mirum
756 671 798 702 est
807 691 815 705 ,
830 670 851 701 si
860 681 915 712 ego
934 672 1050 717 semper
1057 668 1146 710 justas

187 716 333 744 omnium
345 716 491 744 amicitias
500 713 678 745 existimavi.
700 716 775 744 Non
785 715 868 743 enim
881 714 932 742 uni
942 715 1083 752 privatim
1093 720 1146 757 an-

184 756 305 787 cillatus
315 756 379 786 sum
390 776 398 790 ‚
414 766 511 797 neque
523 766 572 786 me
584 755 701 786 addixi:
722 754 771 784 sed
782 774 792 787 ‚
803 762 946 794 quantum
954 754 1079 800 quisque
1089 761 1145 799 rei-

185 798 317 838 pubiicae
328 797 440 828 studuit
453 818 462 831 ,
477 799 553 827 mihi
564 796 682 827 tanturn
692 795 752 825 fuit
761 804 810 825 aut
820 797 936 825 amicus
947 815 955 829 ‚
976 803 1026 825 aut
1037 804 1145 842 inimi-

183 849 248 870 cus.
272 842 337 879 Ego
348 840 425 870 nihil
435 841 502 879 plus
513 840 596 869 volui
609 838 722 870 valere,
740 846 828 876 quam
841 846 954 882 pacem.
979 836 1070 866 Multi
1080 845 1143 875 pri-

184 889 326 911 vatorum
337 882 469 912 audacias
482 887 669 910 metuerunt:
693 888 747 917 ego
762 878 840 913 nihil
854 879 940 907 timus
953 899 962 912 ,
982 876 1038 908 nisi
1054 878 1144 919 leges.

185 923 280 953 Multi
288 933 369 954 arma
378 924 427 954 sua
436 923 534 952 timeri
544 921 773 961 volueruntzego
782 929 951 961 numquam
962 921 1047 950 volui
1055 919 1145 960 quid—

184 974 276 1005 quam
289 963 369 1005 poffe
380 984 389 998 ,
410 963 463 994 nili
483 973 536 1003 pro
551 963 648 992 vobis.
673 964 764 992 Multi
774 971 812 991 ex
824 963 912 992 vobis
922 964 1052 1002 potentia
1062 962 1142 995 freti,

184 1007 218 1036 in
230 1016 285 1036 vos
294 1007 354 1036 suis
363 1005 476 1035 viribus
485 1004 564 1035 abusi
576 1005 653 1035 sunt.
669 1006 770 1044 Itaque
777 1013 841 1034 non
853 1003 895 1034 est
905 1006 1032 1038 mirum,
1044 1002 1064 1034 fi
1073 1003 1144 1033 nul—

184 1047 246 1078 lius
257 1049 389 1078 amicitia
403 1047 471 1077 usus
485 1047 548 1077 sum
559 1067 569 1081 ‚
588 1049 641 1087 qui
653 1056 717 1076 non
726 1045 870 1086 perpetuo
881 1046 1052 1086 reipublicae
1064 1047 1143 1077 ami-

186 1099 241 1119 cus
250 1089 317 1119 fuit.
333 1091 441 1130 Neque
451 1091 532 1119 enim
545 1098 594 1118 me
605 1086 766 1128 poenitet,fi
776 1090 947 1128 autpetenti
958 1090 1081 1118 Vatinio
1091 1097 1142 1117 reo

185 1132 387 1171 patrocinium
397 1130 550 1171 pollicitus
561 1131 638 1164 sum,
649 1140 696 1161 aut
704 1132 798 1160 Sextii
810 1130 1003 1160 insolentiam
1014 1127 1140 1170 repreffi,

182 1180 235 1202 aut
242 1172 346 1202 Bibuli
358 1175 535 1212 patientiam
553 1173 690 1212 culpavi,
710 1181 759 1201 aut
767 1171 928 1202 virtutibus
936 1172 1058 1202 Caesaris
1068 1171 1139 1202 favi.

181 1214 253 1244 ¹·hae
264 1214 365 1245 laudes
375 1216 486 1256 egregii
495 1215 581 1248 civis,
597 1215 629 1244 &
641 1216 735 1244 unicae
745 1213 823 1244 sunt.
847 1215 920 1255 Qae
932 1212 994 1244 situ
1007 1215 1097 1247 mihi,
1110 1222 1143 1244 ut

179 1256 256 1287 vitia
266 1275 283 1294 ,K
297 1256 405 1291 objicis
415 1276 424 1291 ,
446 1258 595 1287 temeritas
608 1265 658 1286 tua
670 1255 902 1296 reprehendetur
912 1275 921 1289 ‚
942 1266 1004 1286 non
1016 1266 1082 1286 mea
1092 1257 1140 1286 vi-

179 1299 222 1328 tia
231 1293 440 1338 culpabuntur.
463 1298 550 1329 Plura
559 1298 690 1328 dicerem
702 1318 711 1331 ,
722 1295 742 1327 si
753 1298 830 1337 apud
839 1299 1000 1328 alios-mihi
1011 1296 1081 1328 effet
1091 1297 1137 1328 di—

178 1339 323 1373 cendum,
334 1342 406 1370 P.C.
416 1350 481 1370 non
491 1340 566 1380 apud
576 1350 640 1374 vos,
650 1349 727 1380 quos
737 1349 793 1379 ego
803 1339 891 1369 habui
901 1342 1045 1369 omnium
1054 1348 1139 1369 *mea-

180 1390 251 1411 rum
266 1381 424 1411 affionum
443 1384 620 1413 monitores.
643 1382 699 1412 Sed
719 1381 770 1410 ubi
788 1391 888 1411 rerum
904 1380 1075 1412 testimonia
1087 1380 1139 1411 ad-

143 1420 165 1452 5
182 1422 250 1453 sunt
260 1442 270 1457 ‚
289 1423 363 1463 quid
373 1433 453 1463 opus
462 1423 505 1454 est
514 1424 612 1454 verbis
624 1426 634 1452 ?
656 1425 751 1454 Nunc
761 1442 769 1457 ‚
791 1431 823 1453 ut
832 1423 866 1453 ad
878 1432 905 1453 te
916 1432 1044 1455 revertar
1053 1442 1062 1457 ‚
1076 1423 1140 1454 Sal-

177 1463 250 1494 lusti
262 1484 271 1497 ‚
281 1473 455 1505 patremque
465 1473 548 1495 tuum
560 1474 731 1506 praeteream
745 1475 749 1494 ς
762 1463 846 1505 quisi
856 1474 1026 1505 numquam
1035 1467 1067 1495 in
1077 1467 1138 1495 vita

178 1506 228 1537 sua
237 1507 389 1545 peccavit,
409 1514 511 1537 tamen
525 1508 672 1547 majorem
692 1506 834 1543 injuriam
854 1507 1028 1547 reipublicae
1042 1506 1137 1537 facere

177 1556 244 1578 non
253 1550 354 1587 potuit
363 1567 372 1581 ‚
385 1557 474 1589 quani
486 1547 570 1590 quod
581 1558 609 1579 te
621 1549 709 1580 talem
722 1547 821 1579 filiurn
832 1552 952 1590 genuit:
965 1559 1064 1590 neque
1074 1557 1106 1579 tu
1117 1547 1138 1578 fi

177 1591 277 1630 quain
288 1591 414 1629 pueritia
422 1590 566 1630 peccasti,
579 1591 718 1632 exsequar
726 1610 736 1624 ‚
757 1601 794 1621 ne
802 1598 945 1633 parentem
954 1600 1040 1621 tuum
1051 1600 1137 1621 accu-

177 1632 240 1662 stre
251 1631 362 1665 videar,
372 1634 424 1672 qui
434 1642 470 1662 eo
479 1633 776 1673 tempore-summam
786 1642 829 1663 tui
838 1633 1012 1673 potestatem
1024 1633 1137 1663 habuit:

176 1671 228 1703 sed
246 1674 365 1713 qualern
385 1674 617 1706 adolescentiam
636 1678 739 1716 egeris.
762 1676 816 1705 hac
826 1677 910 1705 enim
922 1674 1133 1709 demonstrata,

174 1713 265 1745 facile
284 1716 485 1756 intelligetur,
502 1717 593 1757 quam
603 1718 750 1757 petulanti
765 1718 910 1757 pueritia,
929 1726 990 1748 tam
1002 1717 1137 1757 impudi-

175 1765 230 1787 cus
241 1776 249 1790 ‚
261 1756 414 1796 &procax
421 1759 595 1789 adoleveris.
621 1758 813 1800 Posteaquam
824 1760 980 1790 immensae
989 1760 1066 1800 gulae
1075 1761 1136 1790 im-

174 1796 360 1838 pudicissimi
372 1802 506 1839 corporis
518 1800 647 1841 quaestus
660 1799 791 1832 sufficere
806 1810 871 1831 non
885 1802 985 1841 potuit
997 1820 1007 1834 ,
1026 1801 1058 1831 ὃς
1069 1810 1136 1831 aetas

172 1848 229 1870 tua
232 1849 295 1880 jam
307 1840 342 1870 ad
353 1850 386 1870 ea
396 1842 532 1880 patienda
543 1861 552 1875 ‚
571 1852 634 1882 quae
645 1843 727 1873 alteri
735 1843 829 1873 facere
837 1841 1021 1872 collibuisset
1030 1861 1039 1876 ,
1059 1844 1134 1873 exo-

176 1881 300 1914 leverat,
310 1881 525 1921 cupiditatibus
535 1883 665 1914 infinitis
674 1883 856 1914 efferebaris:
869 1893 912 1917 ut,
922 1893 988 1924 qua:
998 1884 1059 1924 ipse
1069 1894 1132 1914 cor-

175 1925 246 1963 pori
256 1931 308 1953 tuo
317 1925 413 1963 turpia
421 1933 484 1954 non
493 1924 635 1959 duxisses,
645 1927 678 1955 in
687 1926 754 1956 aliis
763 1927 949 1965 experireris.
964 1928 1008 1955 Ita
1017 1935 1081 1956 non
1091 1925 1134 1956 est

178 1963 268 1995 facile
277 1973 420 2005 exputare
430 1985 439 2000 ,
452 1967 521 1996 Rc.
535 1975 637 1997 utrum
649 1969 682 1997 in
692 1966 917 1997 honestioribus
926 1969 1059 2007 corporis
1068 1977 1131 2008 par—

175 2006 257 2037 tibus
270 2017 333 2037 rem
371 2006 513 2042 uaesierit,
532 2018 569 2039 an
581 2010 723 2041 amiserit.
747 2011 886 2040 Domum
896 2019 1047 2050 paternam
1059 2016 1133 2040 vivo

173 2057 256 2087 patre
264 2018 428 2089 tuipiffime
439 2051 577 2081 venalem
589 2051 692 2082 habuit
701 2072 710 2087 ,
720 2051 866 2083 vendidit.
879 2055 917 2083 Et
925 2053 1065 2092 cuiquam
1076 2052 1131 2082 du-

174 2090 262 2121 bium
271 2090 369 2130 potest
377 2089 447 2124 effe,
456 2093 531 2132 quin
541 2096 617 2123 mori
627 2095 760 2135 coegerit
768 2103 851 2127 eum,
863 2104 923 2135 quo
934 2095 983 2124 hic
992 2094 1131 2125 nondum

172 2141 311 2165 mortuo,
319 2142 374 2172 pro
384 2134 492 2164 herede
500 2133 617 2176 gess'erit
627 2145 678 2165 om
684 2138 750 2166 nia?
761 2138 870 2177 Neque
877 2136 969 2176 pudet
977 2147 1047 2166 eum
1058 2136 1073 2167 a
1082 2147 1132 2167 me

170 2183 313 2214 quaerere,
325 2176 394 2215 quis
402 2176 435 2205 in
446 2175 567 2206 P-Craffi
577 2177 672 2207 domo
682 2178 806 2211 habitet,
818 2177 960 2218 cumipse
970 2178 1130 2218 responde-

168 2225 202 2246 re
212 2225 275 2245 non
285 2225 388 2256 queat,
404 2218 473 2257 quis
482 2219 515 2247 in
523 2216 611 2257 ipfius
621 2219 733 2250 habitet
743 2228 864 2260 paterna
874 2220 979 2250 domo.
1003 2224 1043 2250 At
1053 2223 1130 2251 Her-

166 2257 236 2287 cule
245 2257 338 2298 lapsus
348 2261 441 2288 aetatis
449 2260 593 2290 tirocinio
605 2281 613 2294 ,
633 2260 734 2301 postea
742 2262 771 2292 se
780 2264 918 2292 correxit:
942 2264 1017 2292 Non
1027 2264 1067 2292 ita
1076 2262 1129 2297 est,

167 2298 219 2329 sed
229 2298 301 2329 abiit
309 2301 342 2329 in
352 2299 526 2330 sodalitium
537 2301 666 2343 sacrilegi
678 2303 834 2344 Nigidiani
847 2314 852 2332 :
875 2303 920 2333 bis
938 2304 974 2334 ad
987 2303 1127 2344 judicum

166 2339 306 2371 subsellia
318 2340 456 2372 attractus
467 2361 476 2376 ‚
498 2351 632 2374 extrema
645 2344 763 2375 fortuna
776 2344 873 2375 stetit:
895 2345 977 2375 &ita
990 2344 1126 2380 disceffit,

167 2390 201 2411 nt
212 2391 276 2412 non
287 2383 336 2413 hic
345 2385 492 2414 innocens
502 2383 572 2419 effe,
584 2386 632 2416 sed
639 2387 651 2426 j
656 2385 757 2416 udices
764 2384 903 2426 pejerasse
913 2386 1125 2418 existimaren-

165 2431 224 2454 tur.
246 2426 382 2455 Primum
398 2426 547 2457 honorem
561 2437 594 2457 in
608 2427 754 2469 quaestura
768 2428 911 2469 ade-ptus,
932 2430 1073 2459 ²secutus
1083 2429 1125 2460 est

163 2465 248 2496 hunc
257 2466 360 2496 locum
372 2486 383 2501 ,
395 2467 428 2498 &
438 2468 519 2499 hunc
528 2469 669 2500 ordinem
679 2469 833 2510 despe&us
844 2490 853 2505 ‚
868 2471 954 2510 cujus
964 2470 1060 2501 aditus
1072 2469 1125 2502 fibi

163 2515 286 2548 quoque
297 2527 307 2541 ‚
327 2507 526 2541 sordidiffimo
544 2512 667 2542 homini
680 2531 690 2546 ‚
708 2510 855 2552 paruisset.
877 2515 979 2553 Itaque
999 2515 1124 2547 timeris,

163 2559 205 2579 ne
223 2549 354 2580 facinora
369 2550 419 2581 sua
433 2551 510 2582 clam
524 2562 580 2583 vos
594 2552 705 2586 essent,
725 2552 796 2584 cum
811 2557 824 2581 3
835 2555 980 2585 omnibus
990 2563 1120 2585 matrum

161 2589 348 2621 familiarum
360 2592 433 2622 viris
446 2594 608 2633 opprobrio
618 2594 690 2625 effet
700 2614 709 2629 ‚
729 2594 880 2625 confeffus
891 2594 954 2629 est,
973 2596 1062 2626 vobis
1070 2606 1122 2627 au-

124 2631 148 2664 6
164 2631 318 2664 dientibus
330 2652 340 2666 ‚
361 2633 541 2665 adulterium
553 2655 563 2670 ‚
576 2646 674 2677 neque
684 2636 803 2667 erubuit
813 2646 864 2667 ora
873 2636 979 2667 vestra.
1001 2640 1122 2668 Vixeris

163 2674 299 2708 utlibet,
318 2674 453 2705 Sallusti:
473 2679 568 2717 egeris
579 2688 644 2718 quae
660 2678 813 2711 volueris,
833 2678 899 2708 satis
910 2677 962 2712 sit,
983 2689 1082 2709 unum
1093 2689 1121 2710 te

163 2724 284 2747 tuorum
295 2715 437 2747 scelerum
448 2718 605 2749 conscium
616 2718 683 2750 effe.
706 2720 772 2749 noli
781 2719 872 2750 nobis
887 2720 1073 2762 languorem,
1085 2723 1117 2752 &

163 2757 300 2798 stoporem
310 2760 444 2788 nimium
455 2761 643 2800 exprobrare.
668 2764 779 2792 Sumus
796 2761 955 2803 diligentes
967 2763 999 2792 in
1012 2763 1120 2793 tuenda

164 2799 305 2838 pudicitia
314 2809 444 2831 uxorum
457 2801 635 2837 nostrarum,
645 2803 696 2833 sed
707 2805 746 2834 ita
755 2804 922 2844 experreffi
933 2813 996 2834 non
1005 2804 1118 2838 sumus,

165 2847 201 2869 ut
217 2839 232 2870 a
249 2849 277 2870 te
287 2850 394 2872 cavere
407 2842 568 2883 poffimus.
591 2844 722 2875 Audacia
735 2854 783 2875 tua
795 2846 890 2876 vincit
903 2844 999 2876 studia
1010 2844 1116 2876 nostra.

163 2881 203 2911 Et
211 2881 291 2922 quod
300 2883 379 2914 hunc
385 2893 511 2917 movere
517 2884 607 2927 poffit
616 2906 625 2922 ‚
638 2889 708 2918 P-C.
719 2886 833 2918 fastum
844 2907 853 2922 ,
864 2896 913 2918 aut
925 2886 1043 2919 dietum
1055 2896 1114 2918 tur-

1184 752 1275 790 igitur
1283 753 1343 791 egit
1354 771 1363 785 .
1384 761 1415 782 ut
1426 753 1503 782 nihil
1515 762 1578 784 non
1589 765 1707 796 aequum
1721 778 1730 791 2
1745 770 1777 789 ac
1787 771 1892 793 verum
1903 764 2041 798 duxerit,

2059 144 2152 209 633

1193 219 1229 249 pe
1242 229 1251 244 ‚
1272 221 1364 252 quem
1378 221 1442 243 non
1455 213 1563 254 puduit
1571 216 1668 255 palam
1684 238 1693 252 ,
1713 219 1801 250 vobis
1809 220 2000 252 audientibus
2011 241 2020 256 ,
2039 221 2157 254 adulte-

1190 254 1271 282 rium
1283 253 1431 292 confiteri?
1451 255 1542 293 Quod
1552 255 1572 286 si
1581 258 1636 288 tibi
1646 261 1723 291 nihil
1732 271 1785 301 per
1794 271 1844 293 me
1854 262 2030 304 respondere
2041 265 2156 294 voluis-

1190 294 1271 327 sem,
1283 295 1332 325 sed
1342 296 1417 326 illud
1429 298 1601 329 censorium
1613 301 1747 342 elogium
1759 305 1849 344 Appii
1858 305 1978 336 Claudii
1989 326 1997 340 ‚
2011 306 2043 336 δε
2053 307 2089 336 L.
2100 308 2151 337 Pi-

1190 334 1270 364 sonis
1282 356 1291 369 ,
1307 337 1572 378 integerrimorum
1584 343 1718 374 virorum
1730 365 1739 378 ,
1759 355 1821 386 quo
1832 347 1900 377 usus
1910 347 1953 378 est
1963 349 2088 389 quisque
2098 358 2151 377 eo·

1189 385 1267 410 rum,
1279 379 1406 424 prolege
1417 380 1513 419 palam
1525 382 1657 414 unverfis
1666 388 1838 418 recitarem:
1850 398 1954 419 nonne
1962 390 2020 420 tibi
2031 389 2152 420 viderer
2173 420 2176 424 ,

1188 426 1308 462 aeternas
1323 429 1440 451 inurere
1454 423 1583 453 maculas
1596 444 1605 457 2
1623 436 1694 466 quas
1708 429 1819 470 reliqua
1831 432 1893 460 vira
1908 440 1954 461 tua
1967 431 2068 461 eluere
2081 441 2148 463 non

1188 457 1273 497 pollit
1286 463 1296 488 .>
1318 463 1427 500 Neque
1437 463 1503 502 post
1513 465 1602 495 illum
1614 467 1767 500 delcetum
1777 471 1892 502 senatus
1903 482 2047 513 umquam
2061 482 2089 503 te
2099 475 2151 504 vi·-

1189 499 1308 547 dimus:
1328 502 1383 531 nisi
1393 502 1470 534 forte
1482 507 1512 534 in
1523 516 1556 536 ea
1568 516 1595 536 te
1604 508 1694 540 castra
1706 512 1860 550 conjecisti
1871 534 1880 547 ‚
1891 524 1953 555 quo
1963 516 2066 544 omnis
2077 515 2146 545 sen-

1190 543 1250 572 tina
1259 552 1331 582 reip.
1342 543 1539 589 confluxerat.
1563 551 1601 578 At
1610 549 1693 580 idem
1704 553 1879 589 Sallustius,
1898 557 1950 596 qui
1968 558 2002 586 in
2019 565 2089 596 pace
2107 566 2149 586 ne

1188 583 1436 632 senator-quidem
1447 589 1591 619 manserat
1603 600 1608 618 z
1625 592 1816 634 posteaquam
1827 597 1902 638 resp.
1912 600 2003 628 armis
2013 598 2146 638 oppressi

1188 624 1250 658 est,
1264 626 1296 655 &
1307 626 1388 655 idem
1401 627 1528 658 vi&0i·es
1538 649 1547 662 ,
1562 634 1614 670 qui
1625 635 1728 664 exules
1739 636 1874 668 reduxit:
1889 642 1922 669 iii
1934 640 2067 670 senatum
2078 640 2147 679 post

1186 666 1366 713 quaesturam
1376 667 1418 698 est
1428 669 1576 715 redu6lus-
1599 683 1689 713 quem
1703 677 1850 709 honorem
1862 682 1900 710 ita
1909 680 1991 722 gessit
2002 701 2010 714 ,
2022 690 2054 711 ut
2065 682 2145 712 nihi!

1186 718 1218 737 in
1232 718 1269 738 eo
1282 719 1346 739 non
1360 716 1457 739 venale
1471 711 1604 743 habuerit
1616 734 1624 747 ‚
1644 717 1730 754 cujus
1744 719 1850 760 aliquis
1867 732 1966 753 emtor
1977 722 2077 753 fuerit.
2100 726 2146 756 Ita

2082 765 2145 796 uod

1184 789 1237 831 ipsi
1247 791 1340 823 facere
1350 793 1547 825 collibuisset:
1572 807 1668 838 neque
1678 800 1763 830 aliter
1772 807 1891 834 vexavit
1901 825 1908 838 ,
1928 816 1960 836 ac
1978 774 2099 841 debug,
2122 806 2145 838 fi

1184 834 1252 874 quis
1270 834 1374 874 praedae
1393 835 1462 865 loco
1478 837 1680 877 magistratum
1695 842 1857 882 accepisset.
1880 847 1998 877 Pei-aska
2011 846 2144 888 quaestu-

1185 885 1213 905 ra
1224 895 1232 910 ‚
1243 875 1436 917 posteaquam
1447 887 1554 919 magna
1562 882 1686 921 pignora
1696 886 1739 913 eis
1748 885 1866 916 dederat
1878 907 1886 920 ,
1901 898 1970 918 cum
1981 890 2089 929 quibus
2100 889 2140 920 si-

1184 918 1362 948 militudine
1373 920 1440 949 vitae
1451 920 1478 950 se
1486 922 1703 960 conjunxerat,
1727 930 1874 966 unusjam
1886 939 1923 958 ex
1934 931 1988 960 illo
1997 940 2083 972 grege
2093 934 2142 962 vi·

1185 958 1316 990 debatur.
1342 962 1414 1008 Ej'us
1432 963 1515 992 enim
1532 966 1622 1003 partis
1639 975 1699 996 erat
1711 970 1863 1008 exemplar
1874 971 2046 1006 Sallustius,
2068 983 2141 1013 quo,

1183 1009 1323 1047 tanquam
1339 1012 1372 1032 in
1382 1012 1474 1033 imam
1488 1014 1659 1045 voraginem
1670 1018 1764 1039 coetus
1775 1016 1918 1042 omnium
1930 1015 2076 1045 vitiorum
2087 1026 2141 1045 ex-

1182 1042 1311 1074 ceflerac.
1343 1044 1491 1086 quidquid
1509 1048 1734 1086 impudicorum
1746 1071 1755 1085 ,
1775 1053 1932 1093 cyllonum
1950 1074 1960 1089 ,
1983 1057 2144 1095 parricida-

1182 1095 1251 1116 rum
1264 1106 1274 1119 ,
1296 1086 1508 1127 sacrilegorum
1520 1107 1528 1121 2
1546 1089 1716 1121 debitorum
1729 1091 1784 1123 fuit
1795 1098 1826 1125 in
1838 1096 1910 1126 urbe
1921 1116 1931 1130 „
1950 1100 2139 1137 municipiis„

1182 1128 1313 1157 coloniis
1323 1147 1333 1161 ‚
1345 1129 1430 1159 Italia
1442 1138 1501 1160 tota
1511 1149 1519 1164 ‚
1533 1129 1605 1162 sicut
1616 1134 1648 1162 in
1657 1133 1741 1165 fretis
1754 1135 1941 1168 subsederant
1953 1159 1961 1172 ,
1975 1141 1993 1166 4
2002 1142 2144 1170 nominis-

1180 1169 1289 1208 perditi
1301 1190 1310 1203 ,
1325 1180 1359 1200 ac
1369 1169 1516 1202 noriffimi
1526 1191 1535 1206 ‚
1554 1174 1638 1204 nulla
1647 1176 1679 1204 in
1688 1186 1767 1216 parte
1777 1177 1875 1209 castris
1885 1182 1946 1220 apti
1957 1200 1966 1215 ,
1978 1181 2034 1212 nisi
2046 1183 2144 1213 licen-

1180 1214 1220 1241 tia
1238 1213 1384 1242 vitiorum
1395 1232 1406 1246 ‚
1427 1213 1460 1244 ὃς
1478 1214 1639 1254 cupiditate
1656 1227 1756 1248 rerum
1777 1229 1935 1252 novarum.
1968 1225 2008 1254 At
2024 1223 2140 1265 postea-
2156 1229 2176 1263 7

1180 1252 1270 1292 quarn
1289 1263 1398 1293 praetor
1415 1254 1458 1285 est
1472 1255 1587 1291 faetus,
1608 1259 1744 1290 modeste
1758 1261 1786 1291 se
1800 1262 1900 1303 geslit,
1922 1262 2155 1301 &abstinemus

1181 1297 1296 1325 Nonne
1313 1298 1353 1326 ita
1372 1299 1560 1336 provinciam
1579 1299 1719 1336 vastavit,
1740 1311 1771 1332 ut
1782 1305 1859 1334 nihil
1872 1315 1968 1348 neque
1983 1306 2055 1348 paffi
2071 1307 2138 1343 sint„

1179 1346 1277 1378 neque
1286 1338 1485 1378 exspeEl-arint
1492 1343 1610 1381 gravius
1625 1344 1659 1373 in
1675 1343 1757 1374 bello
1768 1345 1840 1376 socii
1851 1347 1967 1382 nostri,
1982 1349 2074 1391 quam
2085 1360 2141 1381 ex-

1179 1382 1255 1418 perti
1273 1379 1343 1410 sunt
1363 1390 1396 1410 in
1412 1390 1484 1421 pace
1501 1403 1510 1417 ,
1536 1384 1595 1413 hoc
1613 1383 1746 1417 Africam
1765 1388 1944 1421 interiorem
1959 1391 2141 1422 obtinente?

1182 1420 1262 1451 unde
1273 1430 1389 1452 tantum
1400 1423 1450 1454 hic
1459 1424 1610 1460 exhausit,
1628 1437 1775 1468 quantum
1785 1433 1884 1471 potuit
1896 1431 2023 1464 aoefide
2033 1435 2142 1464 nomi-2

1180 1472 1255 1493 num
1275 1465 1390 1503 trajici,
1412 1473 1462 1496 aut
1478 1468 1511 1496 in
1530 1471 1634 1501 naveis
1650 1472 1801 1502 contrudi.
1831 1482 1948 1505 tantum
1967 1494 1977 1508 ‚
1999 1476 2139 1517 inquam,

1178 1507 1208 1534 P.
1222 1507 1256 1551 C?
1279 1505 1428 1541 exhaufit,
1448 1517 1596 1548 quantum
1615 1512 1721 1543 voluit.
1745 1515 1795 1544 Ne
1805 1516 1923 1547 caulam
1937 1515 2068 1550 diceret,
2093 1517 2141 1548 se-

1178 1544 1281 1578 stertio
1301 1547 1462 1579 duodecies
1478 1560 1550 1581 cum
1569 1553 1679 1584 Caesare
1700 1556 1866 1595 paciscitur.
1897 1558 1990 1599 Qod
2008 1557 2029 1588 fi
2046 1560 2140 1600 quid-

1176 1590 1259 1628 piam
1269 1598 1377 1620 eorum
1393 1589 1502 1622 falsum
1521 1592 1581 1628 est,
1601 1595 1648 1624 his
1659 1597 1759 1635 palam
1773 1597 1897 1632 refelle,
1916 1600 1997 1630 unde
2012 1609 2043 1631 tu
2054 1620 2063 1634 ,
2082 1604 2140 1642 qui.

1179 1630 1273 1661 niodo
1291 1634 1305 1658 ’ἰ
1313 1641 1352 1662 ne
1364 1641 1521 1673 paternam
1539 1636 1664 1676 quidem
1681 1637 1812 1669 domum
1828 1641 1976 1672 redimere
1990 1646 2138 1683 potueris,

1176 1672 1297 1712 repente
1319 1682 1460 1715 tanquam
1481 1676 1604 1708 somnio
1623 1679 1724 1710 beatus
1740 1700 1750 1715 ‚
1773 1683 1876 1713 hortos
1896 1683 2136 1724 pretiosiffimos.

1175 1715 1280 1745 villam
1290 1716 1431 1751 Tiburti,
1446 1719 1611 1750 C.Caesaris
1628 1721 1757 1763 reliquas
1773 1722 1963 1764 possessiones
1978 1728 2137 1766 paraveris.

1177 1758 1284 1798 Neque
1294 1760 1391 1799 piguit
1399 1769 1530 1800 quaerere
1539 1781 1548 1795 ‚
1565 1772 1619 1792 cur
1629 1772 1685 1805 ego
1697 1767 1728 1795 P.
1738 1765 1829 1795 Crassi
1839 1767 1968 1798 domum
1980 1768 2136 1803 emiss'ezn,

1173 1797 1245 1829 cum
1261 1808 1292 1829 tu
1305 1803 1413 1831 veteris
1424 1803 1504 1833 villae
1514 1803 1661 1835 dominus
1674 1804 1709 1835 fis
1719 1826 1728 1841 ‚
1746 1817 1781 1838 cu
1783 1809 1832 1848 jus
1841 1809 1944 1849 paullo
1957 1809 2026 1840 ante
2038 1810 2136 1842 fuerat:

1173 1840 1277 1871 Caesar.
1300 1842 1396 1872 modo
1406 1864 1415 1877 ‚
1432 1845 1556 1885 inquam
1567 1865 1576 1880 ,
1591 1849 1777 1886 patrimonio
1789 1860 1852 1880 non
1862 1851 1985 1881 comeso
1994 1871 2004 1885 .
2020 1853 2070 1883 sed
2080 1853 2136 1883 de-

1173 1891 1280 1913 vorato
1292 1902 1302 1916 ,
1320 1884 1429 1924 quibus
1442 1887 1609 1917 rationibus
1626 1890 1748 1929 repente
1760 1890 1857 1921 fac-tus
1870 1902 1900 1922 es
1913 1901 1975 1923 tam
1991 1892 2131 1929 affluens,

1175 1923 1275 1954 &tam
1286 1925 1386 1955 beatus
1398 1928 1489 1958 ?nam
1500 1930 1567 1969 quis
1577 1937 1605 1960 te
1613 1929 1722 1961 faceret
1730 1933 1872 1963 heredem
1883 1953 1892 1967 ‚
1925 1944 1994 1965 uem
2005 1945 2044 1965 ne
2052 1939 2134 1967 ami-

1173 1974 1243 1995 cum
1254 1966 1380 2007 quidem
1391 1967 1479 1999 suum
1489 1970 1556 2000 satis
1565 1971 1725 2002 honestum
1736 1975 1895 2015 quisquam
1917 1975 1959 2006 ibi
1969 1975 2063 2011 ducit,
2074 1976 2131 2008 nifi

1174 2005 1281 2038 similis
1297 2019 1330 2039 ac
1341 2019 1393 2049 pai·
1405 2012 1450 2040 tui
1462 2013 1474 2040 ?
1495 2014 1535 2042 At
1548 2012 1668 2044 hercule
1683 2017 1796 2057 egregia
1805 2016 1882 2048 fasta
1894 2019 2047 2058 majorum
2059 2028 2129 2050 tuo·
2147 2019 2166 2053 8

1170 2059 1237 2080 rum
1250 2058 1278 2080 te
1297 2051 1461 2083 eittolluno
1483 2063 1616 2094 quorum
1628 2053 1687 2086 five
1707 2065 1739 2087 tu
1759 2056 1864 2089 similis
1875 2068 1924 2093 es,
1943 2058 2003 2090 five
2013 2061 2059 2090 illi
2070 2062 2128 2096 tui,

1171 2092 1250 2123 nihil
1260 2092 1296 2123 ad
1306 2096 1448 2125 omnium
1459 2094 1574 2130 scelus,
1583 2106 1614 2126 ac
1623 2100 1790 2139 nequitiam
1802 2100 1869 2130 addi
1879 2101 1986 2141 potest.
1997 2102 2127 2138 Verum,

1170 2143 1203 2164 ut
1212 2136 1323 2174 opinor
1332 2155 1342 2170 ,
1359 2136 1491 2167 honores
1502 2139 1546 2167 tui
1556 2146 1584 2168 te
1592 2137 1907 2173 faciuntinsolentem.
1932 2146 1982 2173 Tu
1993 2163 2001 2178 ‚
2013 2146 2052 2174 C.
2065 2146 2129 2175 Sal-

1169 2175 1238 2206 lusti
1249 2197 1258 2210 ,
1270 2177 1415 2208 tantidem
1425 2186 1511 2219 putas
1519 2178 1578 2209 effe
1590 2200 1599 2213 ,
1611 2180 1658 2211 bis
1668 2182 1832 2214 senatorem
1844 2185 1877 2214 &
1887 2184 1934 2215 bis
1945 2185 2126 2226 quaestorern

1170 2217 1233 2248 fieri
1243 2238 1252 2252 ‚
1263 2221 1369 2259 quanti
1380 2219 1425 2250 bis
1433 2221 1622 2252 consularem
1631 2242 1640 2256 ‚
1655 2223 1688 2253 &
1699 2224 1745 2255 bis
1755 2226 1968 2266 triumphalem
1981 2230 1991 2255 ?
2012 2230 2128 2258 CARE-

1168 2269 1213 2290 niz
1230 2270 1337 2291 οεΒΕτ
1350 2263 1437 2291 omni
1451 2263 1527 2293 vitio
1538 2282 1548 2297 ,
1570 2265 1623 2304 qui
1637 2267 1670 2295 in
1683 2266 1807 2297 alterurn
1822 2277 1936 2308 paratus
1953 2268 1996 2299 est
2015 2270 2125 2300 dicere.

1167 2304 1196 2331 Is
1207 2302 1333 2333 demum
1347 2304 1501 2334 maledicit
1509 2324 1518 2338 ,
1536 2308 1588 2345 qui
1597 2316 1662 2337 non
1671 2308 1768 2347 potest
1778 2319 1883 2340 verum
1894 2310 1930 2340 ab
1940 2311 2031 2341 altero
2040 2312 2125 2342 audi-

1164 2353 1206 2373 re.
1229 2344 1286 2375 Sed
1298 2353 1330 2375 tu
1341 2347 1483 2376 omniurn
1495 2347 1666 2379 mensarum
1676 2348 1780 2382 affecla
1789 2371 1798 2385 ‚
1812 2354 1957 2382 omnium
1967 2353 2126 2383 cubiculo-

1165 2395 1232 2415 rum
1243 2388 1277 2416 in
1287 2388 1384 2426 prima
1393 2396 1474 2418 aetate
1483 2388 1583 2430 pellex
1594 2409 1603 2423 ‚
1624 2390 1656 2421 &
1665 2391 1748 2422 ider-n
1759 2392 1860 2434 postea
1869 2394 1981 2424 adulter
1990 2414 1999 2428 ,
2019 2397 2123 2426 omnis

1165 2427 1280 2458 ordinis
1289 2429 1444 2469 turpitudo
1454 2439 1485 2460 es
1495 2449 1504 2464 ‚
1526 2430 1558 2461 &
1567 2433 1667 2463 civilis
1679 2433 1750 2464 belli
1761 2437 1917 2466 memoria.
1942 2437 2023 2476 Qud
2035 2439 2122 2467 enim

1162 2471 1279 2511 gravius
1289 2473 1350 2511 pati
1358 2473 1533 2511 potuimus,
1550 2473 1642 2514 quam
1660 2474 1743 2516 quod
1759 2486 1787 2507 te
1802 2478 1992 2508 incolumem
2011 2479 2044 2507 in
2064 2479 2123 2509 hoc

1163 2512 1269 2542 ordine
1279 2513 1439 2545 videmus?
1460 2512 1571 2544 Desine
1589 2515 1687 2546 bonos
1704 2517 1935 2557 petulantiffima
1954 2519 2122 2551 consectari

1162 2553 1280 2595 lingua:
1300 2553 1400 2585 desine
1416 2556 1525 2586 morbo
1543 2559 1728 2596 procacitatis
1740 2559 1798 2589 isto
1813 2562 1873 2590 uti:
1893 2559 1994 2590 desine
2003 2571 2120 2592 unum-

1160 2605 1312 2636 quemque
1323 2596 1460 2627 moribus
1470 2599 1529 2627 tuis
1538 2597 1693 2630 aestimare.
1710 2601 1757 2630 his
1768 2602 1903 2631 moribus
1914 2604 2047 2633 amicum
2060 2604 2119 2634 tibi

1160 2639 1254 2668 iacere
1271 2647 1334 2668 non
1352 2647 1453 2678 potes:
1471 2638 1581 2669 videris
1597 2641 1675 2670 velle
1691 2642 1854 2673 inimicum
1868 2643 1984 2674 habere.
2007 2647 2119 2677 Finem

1159 2678 1278 2709 dicendi
1296 2699 1305 2713 ‚
1329 2682 1359 2709 Ρ.
1373 2682 1405 2709 C.
1425 2681 1542 2710 raciam.
1575 2681 1647 2722 saepe
1665 2684 1749 2713 enim
1773 2693 1964 2716 Gnavxus
1983 2686 2048 2717 vidi
2067 2686 2117 2718 of-

1158 2719 1279 2750 fendere
1292 2723 1412 2751 animos
1424 2722 1596 2753 auditorum
1607 2743 1616 2757 ,
1634 2733 1686 2754 eos
1697 2744 1705 2758 ‚
1723 2726 1776 2766 qui
1793 2727 1888 2757 aliena
1906 2725 2017 2767 flagitia
2032 2738 2117 2769 aper-

1159 2762 1189 2792 te
1206 2762 1367 2796 dixerunt,
1386 2764 1478 2804 quam
1497 2774 1549 2795 eos
1568 2784 1577 2799 ‚
1606 2767 1658 2806 qui
1675 2767 1905 2798 commiserunt.
1948 2771 2028 2800 Mihi
2047 2772 2118 2811 qui-

1157 2803 1228 2834 dem
1249 2806 1324 2834 ratio
1342 2805 1476 2836 habenda
1494 2805 1537 2836 est
1555 2826 1565 2840 ,
1585 2817 1648 2837 non
1666 2809 1739 2848 quid
1758 2809 1912 2840 Sallustius
1931 2811 2042 2842 merito
2061 2812 2116 2842 de-

1158 2846 1228 2916 bez}
1242 2846 1343 2877 audire
1354 2866 1364 2882 ‚
1385 2847 1435 2878 sed
1455 2857 1488 2878 ut
1505 2858 1538 2879 ea
1554 2848 1652 2880 dicam
1666 2869 1675 2884 ,
1699 2849 1720 2881 si
1737 2861 1796 2892 qua
1813 2861 1867 2893 ego
1885 2852 2011 2885 honeste
2029 2852 2114 2886 'effari

1155 2896 1195 2927 po
1223 2897 1286 2918 um.

200 2984 212 3002 ι
220 2995 226 3002 .
245 2978 284 3001 11ae
290 2977 371 3003 laudes
379 2982 460 3014 egregii
467 2982 537 3015 civis,
546 2982 576 3014 ὸ·
583 2984 745 3018 Μία-βαφεῖ]
765 2983 839 3011 Idem
851 2984 968 3012 malebat
977 2987 1052 3011 unici.
1152 2985 1203 3012 &is
1215 2985 1388 3014 membranis.
1634 2996 1637 2999 “

197 3019 226 3037 a..
245 3015 340 3051 Secutus
356 3016 391 3039 en*
405 3016 465 3042 hunc
481 3019 552 3044 locum
569 3019 599 3049 ἐν
615 3021 677 3046 hunc
694 3021 796 3047 ordinem
814 3022 941 3055 despenus.
953 3022 966 3055 ]
988 3022 1029 3047 lta
1047 3019 1111 3047 Fab.
1187 3029 1215 3055 4.
1235 3024 1341 3049 Nominis
1353 3023 1443 3056 perditi
1461 3032 1490 3050 ac
1507 3025 1639 3059 noriffimi.]
1661 3025 1763 3053 Guliel.
1784 3026 1965 3064 reponendum
1983 3027 2111 3061 duxerat,

156 3047 246 3076 Maur.
257 3046 327 3087 Υιξὶ.
337 3047 394 3075 Pal.
401 3048 450 3077 lec.
460 3052 573 3090 vulgatis
583 3054 616 3081 ab
625 3062 689 3083 tei-t.
699 3055 766 3082 illud
771 3057 867 3089 secutus
874 3061 919 3085 eff.
930 3056 1044 3084 vie'torii
1055 3057 1113 3083 cdi·
1152 3060 1252 3084 homines
1260 3059 1326 3091 perd.
1339 3059 1395 3086 Pal.
1408 3058 1458 3085 sec.
1469 3068 1595 3096 praeterea
1605 3061 1692 3093 habet,
1702 3066 1754 3089 noci
1771 3067 1820 3090 imi.

159 3084 200 3113 ἵὶΟ
210 3082 303 3108 mellus
312 3081 406 3116 adhuc,
421 3084 539 3120 Μέμνων,
547 3090 608 3116 hunc
616 3093 689 3118 Iocum
697 3093 727 3123 ὠ·
734 3093 837 3121 ordinm
847 3094 946 3128 deseruit
955 3094 1083 3126 despfflm.
1191 3103 1204 3128 5
1211 3115 1216 3120 .
1236 3097 1271 3120 Ne
1284 3102 1412 3127 paternam
1429 3097 1521 3130 quidem
1531 3097 1619 3123 domum
1637 3099 1774 3134 redimere-1
1793 3100 1852 3131 Pal.
1861 3099 1913 3130 sec·
1921 3101 2000 3131 M·V·
2010 3101 2043 3129 F.
2054 3101 2112 3127 reli·

194 3127 223 3154 3.
241 3119 352 3146 omnibu«
359 3123 615 3158 matmmsamiliaerum
623 3127 687 3157 vim
695 3130 896 3167 approbantia]
912 3129 956 3160 Est
965 3131 981 3160 a
990 3129 1111 3166 supradi-
1149 3131 1212 3161 m're,
1231 3129 1300 3160 unde
1310 3130 1443 3161 formabat
1452 3132 1627 3169 Gulielmius,
1635 3135 1763 3165 retinere.

1467 3187 1594 3238 L—lll
