2297 3389
523 121 781 170 onim-10
825 135 941 172 eno
987 121 1325 190 QRoscio
1366 108 1687 171 Commo:

129 199 234 238 {erent
244 213 249 235 τ
260 205 310 246 qui
323 202 439 244 injuriae
448 199 628 233 resisterent:
650 204 722 243 qui,
736 203 988 244 quantumpoffim
999 225 1008 238 ‚
1033 207 1043 224 ι
1058 204 1086 233 in

119 247 218 290 fizlute
234 248 349 277 alterius
360 266 368 280 ,
392 241 479 287 quhm
497 244 525 272 in
541 244 630 273 exitio
641 264 648 277 ‚
673 245 787 274 mallent
804 243 941 280 ostendere.
997 246 1055 275 uod
1068 244 1088 274 si

125 299 235 320 ornnes
251 309 259 321 ,
276 290 327 329 qui
338 287 445 316 eodem
456 287 525 316 loco
536 287 596 316 nati
608 286 697 319 sunt,
708 285 856 316 facerent:
878 287 1006 326 &respu
1031 288 1087 316 lica

54 328 102 370 52
124 339 162 361 ex
180 330 261 363 iilis,
287 327 382 368 &ipfi
393 338 432 358 ex
442 327 557 358 invidia
573 329 674 357 minus
691 328 869 358 laborarent.
896 327 1012 358 Verum
1032 327 1053 358 fi
1071 327 1087 357 {i

127 371 322 411 Chrysogono
332 390 340 404 ,
359 370 475 410 judices
485 390 494 403 ,
507 379 571 399 nori
582 372 777 409 impetramus
788 390 796 403 ‚
809 379 841 400 ut
850 371 978 410 pecunia
987 369 1088 401 nostra

121 421 282 444 contentus
293 410 325 442 fit
335 432 343 446 ‚
362 413 456 442 vitam
469 422 506 441 ne
516 419 610 451 petat:
632 409 652 440 si
664 411 715 440 ille
726 411 832 441 adduci
844 422 906 442 non
917 411 1013 452 potest
1023 431 1032 445 ‚
1054 421 1087 442 ut

119 453 192 485 cum
201 453 345 484 ademerit
355 453 444 484 nobis
458 455 563 483 omnia
573 473 581 487 ‚
604 463 669 494 quae
680 452 779 483 nostra
788 463 873 483 erant
884 456 1001 494 propria
1013 473 1021 487 ‚
1046 464 1086 483 ne

119 495 219 527 lucem
229 506 348 536 quoque
361 495 438 526 hanc
447 515 456 529 ‚
471 505 536 536 quae
544 497 720 525 communis
732 494 775 525 est
785 515 793 529 ,
807 498 918 536 eripere
926 497 1025 535 cupiat
1037 506 1042 524 t
1063 494 1084 525 st

120 547 184 569 non
195 538 262 568 satis
273 537 359 568 habet
367 539 520 568 avaritiam
533 537 615 567 suam
631 539 758 577 pecunia
767 539 886 577 explere
898 559 906 571 ,
926 536 981 568 nisi
992 540 1082 567 etiam

117 578 290 611 crudelitate
299 579 450 620 sanguinis
461 579 583 618 perlitus
597 577 644 608 fit:
659 589 755 608 unum
765 578 1082 621 perfugiumnjudices,

119 630 180 652 una
194 622 256 661 spes
268 622 379 662 reliqua
388 620 431 651 est
440 624 506 651 Sex.
533 624 546 639 ²
558 621 688 654 Roscio,
701 621 816 655 eadem,
827 631 894 661 quae
905 625 975 660 reip.
988 620 1082 652 vestra

117 662 245 704 pristina
256 663 385 696 bonitas,
399 664 431 693 &
441 662 661 693 misericordia:
673 672 738 702 quae
750 661 770 691 si
778 672 892 695 manet,
905 663 976 693 salvi
987 665 1079 693 etiam

114 714 200 735 nunc
218 703 276 734 efl'e
297 703 464 744 poss'umus.
488 703 531 734 fin
547 714 580 734 ea
593 703 751 734 crudelitas
762 724 770 738 ‚
788 714 856 745 quae
874 706 933 734 hoc
944 714 1079 744 ternpore

115 748 132 774 3
143 748 177 776 in
194 747 310 787 republ.
324 747 433 777 versata
451 745 512 780 est,
537 744 650 776 vestros
667 755 789 786 quoque
807 748 926 776 animos
939 747 981 786 (id
998 746 1080 787 quod

114 786 181 818 fieri
190 787 328 828 profesto
339 798 402 818 non
412 787 517 828 potest)
531 787 665 816 duriores
676 807 684 820 ,
702 788 924 829 acerbioresque
935 788 1074 819 reddidit:

113 828 218 861 a&um
229 829 272 860 est
282 851 291 864 ,
304 831 310 868 j
315 830 415 860 udices
428 841 433 859 ;
443 830 515 859 inter
515 829 594 867 feras
597 829 692 868 sittim
704 827 747 858 eff
755 837 864 859 ararem
872 830 976 871 degere,
987 826 1076 871 qucim

111 871 145 902 in
154 872 206 901 hac
214 879 298 901 tanta
308 872 488 901 immanitate
499 871 615 909 versari.
636 870 683 900 Ad
693 881 799 902 eamne
812 882 875 902 rem
886 882 941 902 vos
951 873 1079 903 relerva-

113 914 138 944 ti
148 912 218 944 estis
229 917 241 942 ?
252 913 287 944 ad
298 923 405 943 eamne
413 923 477 943 rem
489 911 609 945 delec‘h,
623 921 655 942 ut
664 922 717 942 eos
725 913 968 944 condemnaretis
980 935 988 947 ‚
1000 925 1077 955 quos

112 953 241 986 sectores
251 975 259 989 ‚
270 965 303 985 ac
309 953 400 985 sicarii
408 954 544 995 jugulare
553 964 617 984 non
628 953 791 993 potuiflent
802 959 812 985 ἒ
835 957 937 986 Solent
947 957 1004 986 hoc
1015 955 1078 985 boni

111 996 291 1037 imperatores
299 995 395 1027 facere
405 1016 414 1030 ‚
431 996 503 1026 cum
513 997 651 1036 praelium
665 999 867 1028 committunt
877 1019 885 1032 ,
897 1000 971 1028 utin
982 1008 1019 1028 eo
1030 999 1076 1028 lo—

78 1072 81 1077 <
112 1047 150 1068 co
161 1057 169 1072 ‚
186 1037 247 1079 quo
257 1037 359 1078 fugam
370 1037 504 1068 hostium
515 1037 580 1068 fore
590 1038 777 1072 arbitrentur,
789 1041 903 1069 milites
914 1040 1075 1070 collocent:

113 1080 148 1110 in
157 1089 233 1120 quos
241 1100 250 1112 ,
263 1077 283 1108 fi
291 1081 342 1120 qui
353 1089 390 1110 ex
401 1082 463 1110 acie
473 1079 604 1121 fugerint
614 1099 621 1113 ‚
633 1079 670 1110 de
682 1081 849 1120 improviso
859 1081 940 1112 incid
946 1091 1003 1112 ant.
1016 1084 1076 1111 Ni-

90 1123 96 1128 *
110 1121 225 1151 mirum
246 1120 383 1152 similiter
401 1122 579 1152 arbitrantur
597 1121 644 1152 isti
667 1121 819 1153 bonorum
841 1132 970 1154 emtores
988 1143 995 1157 ,
1020 1134 1075 1154 vos

109 1160 160 1193 hic
170 1182 178 1196 ‚
189 1163 272 1193 taleis
282 1165 363 1193 viros
374 1183 382 1197 ‚
394 1163 492 1194 sedere
501 1184 509 1198 ,
521 1166 572 1204 qui
583 1165 738 1203 excipiatis
749 1175 799 1195 eos
810 1185 819 1199 ‚
830 1165 930 1207 quide
942 1166 1001 1196 suis
1012 1175 1075 1196 ma-

111 1203 203 1235 nibus
221 1203 388 1246 effugerint.
412 1207 466 1235 Dii
477 1206 655 1246 prohibeant
665 1225 673 1239 ‚
693 1206 704 1245 j
708 1206 808 1237 udices
820 1227 828 1240 ,
850 1216 882 1237 ut
891 1208 951 1237 hoc
962 1227 970 1241 ,
992 1207 1073 1248 quod

110 1247 239 1285 majores
262 1249 453 1278 CONSILiuM
473 1258 570 1278 ruem
577 1257 646 1278 CUM
664 1251 768 1278 ,vocari
778 1250 940 1280 voluerunt
950 1269 964 1283 „
978 1248 1075 1289 praesi-

109 1286 197 1318 dium
216 1287 366 1318 serstorum
387 1288 585 1320 existimetur.
614 1292 664 1318 An
680 1289 770 1323 vero,
794 1290 907 1327 iudices
919 1311 927 1324 ,
943 1301 1000 1321 vos
1011 1301 1075 1322 non

107 1329 289 1370 intelligitis,
302 1330 378 1360 nihil
387 1330 468 1361 aliud
480 1333 536 1371 agi,
549 1329 604 1360 nifi
616 1339 648 1360 ut
658 1327 893 1372 proscriptorum
905 1333 990 1362 liberi
1001 1343 1074 1373 qua-

107 1372 156 1401 vis
167 1373 281 1408 ratione
293 1373 437 1402 tollantur
447 1393 455 1405 ,
480 1374 513 1402 ὃς
524 1373 588 1412 ejus
599 1374 642 1402 rei
653 1374 778 1403 initium
797 1376 828 1403 in
839 1373 937 1404 vestro
960 1375 1073 1413 jureju-

106 1412 201 1448 tando
211 1432 219 1446 ‚
241 1422 326 1454 atque
337 1415 368 1443 in
379 1417 446 1444 Sex.
460 1415 564 1444 Roscii
581 1415 718 1454 periculo
728 1417 841 1456 quaeri?
865 1416 1004 1446 Dubium
1015 1415 1068 1450 est,

106 1453 143 1486 ad
152 1463 243 1496 quem
254 1453 438 1487 maleficium
449 1458 611 1496 pertineat,
634 1456 706 1488 cum
716 1458 841 1489 videatis
850 1459 882 1489 in
892 1459 980 1489 altera
989 1467 1069 1499 parte

2002 141 2095 191 213

1134 201 1281 233 seEtorem
1293 223 1301 238 ‚
1323 204 1487 235 inimicum
1499 223 1508 238 ,
1529 201 1663 234 ficarium
1676 222 1685 238 ‚
1699 202 1892 245 eundemque
1900 206 2101 239 accusatorem

1134 245 1192 274 hoc
1205 253 1341 285 tempore
1361 256 1367 275 :
1391 256 1429 276 ex
1445 245 1532 276 altera
1549 255 1629 285 parte
1640 253 1777 286 egentem
1789 265 1798 279 ‚
1820 245 1981 286 probatum
1992 250 2052 280 suis
2064 248 2101 280 fi-

1134 285 1211 315 lium
1222 306 1231 319 ‚
1243 288 1275 316 in
1285 297 1346 328 quo
1357 297 1421 317 non
1433 286 1528 317 modo
1540 287 1621 328 culpa
1634 288 1727 321 nulla,
1740 287 1788 318 sed
1799 289 1960 327 neshspicio
1970 291 2095 330 quidem

1132 329 1231 365 potuit
1249 327 1405 359 consistere
1423 332 1434 358 ?
1459 329 1620 369 Numquid
1631 327 1679 360 hic
1693 329 1774 360 aliud
1787 330 1894 360 videtis
1904 330 2017 362 obstare
2029 335 2097 363 Ro-

1133 368 1193 397 scio
1203 387 1211 401 ‚
1231 368 1286 399 nisi
1297 369 1378 410 quod
1389 373 1478 410 patris
1488 371 1568 401 bona
1579 372 1738 402 venierunt
1759 375 1770 401 ἔ
1794 370 1885 414 Qod
1905 371 1926 402 fi
1943 373 1973 403 id
1983 384 2037 404 vos
2049 376 2096 404 su-
2112 383 2157 416 53

1133 409 1246 455 scipitis
1258 430 1266 443 ,
1287 415 1305 438 4
1315 412 1347 441 &
1366 412 1468 442 eadem
1480 414 1511 441 in
1522 423 1552 442 re
1571 423 1690 452 operam
1701 412 1825 443 vestram
1837 412 2031 454 profitemini
2045 427 2051 446 z
2074 415 2096 448 si

1131 449 1243 480 idcirco
1255 452 1370 486 sedetis,
1383 463 1415 483 ut
1425 453 1460 483 ad
1470 463 1524 484 vos
1535 454 1718 485 adducantur
1730 465 1836 485 eorum
1849 456 1947 490 liberi,
1961 467 2095 498 quorum

1133 491 1212 523 bona
1221 495 1381 523 venierunt
1399 505 1404 524 :
1427 504 1526 525 cavete
1538 515 1546 528 ,
1570 506 1621 535 per
1631 496 1703 526 deos
1713 497 1912 528 immortaleis
1934 519 1942 531 ‚
1963 499 2093 538 judices.

1132 543 1179 578 ne·
1187 544 1265 564 nova
1276 555 1285 568 ‚
1306 536 1338 565 &
1349 536 1450 566 multo
1465 537 1614 567 crudelior
1626 548 1677 577 per
1693 549 1748 568 vos
1765 540 1929 580 proscriptio
1940 541 2096 574 instaurata

1130 574 1190 605 este
1200 576 1344 606 videatur.
1368 578 1455 607 Illam
1467 580 1596 617 priorem
1609 599 1616 612 ‚
1638 590 1702 620 quae
1714 580 1790 610 fasta
1800 581 1843 611 est
1853 584 1884 611 in
1894 591 1944 612 eos
1956 603 1965 617 ‚
1985 586 2038 624 qui
2049 595 2095 615 ar-

1130 627 1178 647 mni
1197 627 1296 657 capere
1306 628 1469 658 potuerunt
1480 640 1488 652 ,
1511 628 1611 650 tamen
1631 622 1744 652 senatus
1756 623 1900 662 suscipere
1911 625 2012 656 noluit
2022 647 2030 659 ‚
2054 636 2095 656 ne

1129 659 1201 699 quid
1212 659 1307 689 acrius
1317 680 1324 693 ,
1336 660 1427 701 quum
1438 670 1521 690 more
1534 663 1684 697 majorum
1694 674 1898 704 comparatum
1910 665 1952 696 est
1963 667 2092 708 ‚publico

1129 699 1236 741 consilto
1247 700 1360 731 faCiurn
1371 702 1533 732 videretur.
1559 706 1643 733 Hanc
1653 704 1724 734 vero
1736 726 1744 738 ‚
1765 717 1830 746 quae
1845 707 1880 736 ad
1893 717 2000 738 eorum
2011 709 2089 740 libe-

1127 752 1176 772 ros
1191 763 1199 775 ‚
1221 751 1307 783 atque
1326 743 1491 773 infantium
1503 753 1663 783 puerorum
1676 748 1856 778 incunabula
1866 759 2011 788 pertinet,
2035 750 2093 782 nifi

1128 785 1311 823 hocjudicio
1322 805 1331 819 ‚
1348 786 1364 816 a
1373 785 1463 815 vobis
1474 787 1596 826 rejicitis
1608 806 1615 819 ‚
1629 787 1662 816 &
1672 789 1891 827 aspernamini,
1910 791 2008 822 videte
2019 813 2027 826 ,
2039 803 2095 833 pei'

1126 825 1198 855 deos
1210 828 1411 857 immortale-is
1423 848 1432 861 ,
1452 837 1543 868 quem
1557 830 1587 857 in
1606 828 1707 859 locum
1720 831 1869 869 rempubl.
1880 841 2089 871 perventuram

1125 869 1244 907 pntetis.
1269 871 1422 899 Homines
1433 870 1588 908 sapienteis
1599 889 1608 904 ‚
1634 870 1666 900 δε
1685 870 1737 901 ista
1747 872 1921 902 auctoritate
1933 895 1941 908 ,
1962 876 1992 905 ὃ(
2003 886 2092 915 pote-

1125 909 1195 939 state
1204 910 1345 950 praeditos
1360 930 1370 944 ,
1387 921 1445 952 qua
1454 921 1510 941 vos
1523 910 1590 941 estis
1601 931 1609 945 ‚
1629 922 1667 941 ex
1678 913 1787 953 quibus
1798 913 1884 943 rebus
1896 918 2032 948 maxime
2041 928 2088 948 re-

1123 952 1218 991 spubl.
1229 952 1340 983 laborat
1350 973 1358 987 ‚
1372 955 1409 982 iis
1421 953 1557 983 maxime
1569 953 1684 983 mederi
1700 957 1851 985 convenit.
1877 957 2019 989 Vestrum
2032 971 2086 990 ne-

1124 1003 1177 1023 mo
1188 993 1230 1023 est
1239 996 1313 1035 quin
1325 995 1487 1036 intelligat,
1510 996 1657 1035 populum
1671 998 1849 1026 Romanum
1862 1018 1870 1030 ‚
1883 1002 1934 1038 qui
1945 1003 2086 1041 quondam

1122 1036 1152 1064 in
1171 1034 1259 1071 hosteis
1276 1036 1424 1076 leniffi’mm
1434 1036 1675 1071 existimabatur,
1700 1039 1758 1068 hoc
1776 1048 1911 1079 tempore
1921 1041 2086 1074 domestica

1120 1077 1293 1108 crudelitate
1306 1079 1445 1109 laborare.
1471 1082 1556 1108 Hanc
1567 1080 1663 1110 tollite
1672 1089 1709 1110 ex
1719 1081 1848 1114 civitate,
1861 1081 1976 1120 judices
1988 1105 1997 1117 ,
2010 1086 2087 1115 hanc

1120 1121 1180 1159 pati
1195 1120 1291 1150 nolite
1302 1120 1417 1158 diutius
1430 1123 1461 1150 in
1473 1122 1524 1150 hac
1534 1122 1650 1160 republ.
1662 1123 1770 1151 versari
1782 1133 1787 1151 z
1798 1133 1862 1163 quae
1874 1134 1938 1154 non
1948 1125 2042 1156 modo
2053 1127 2084 1156 id

1122 1161 1210 1191 habet
1220 1163 1253 1192 in
1267 1163 1294 1192 se
1305 1164 1387 1196 mali,
1399 1162 1480 1204 quod
1493 1172 1536 1192 tot
1546 1166 1638 1192 eiveis
1648 1162 1823 1194 atrociffime
1835 1164 1962 1200 sustulit,
1975 1166 2085 1198 verum

1121 1204 1211 1233 ctiam
1225 1205 1403 1234 hominibus
1422 1203 1575 1235 Ieniffirnis
1592 1205 1704 1235 ademit
1722 1206 1960 1238 misericordiam
1971 1210 2085 1248 consite-

1122 1245 1217 1273 rudme
1236 1246 1478 1275 incommodorum
1505 1249 1585 1276 Nam
1609 1250 1652 1277 Cu
1658 1258 1683 1277 M
1702 1258 1774 1277 OMN
1782 1259 1850 1278 inus
1870 1249 1950 1280 horis
1967 1251 2081 1291 aliquid

1120 1289 1258 1317 atrociter
1270 1286 1333 1317 fieri
1344 1288 1482 1318 videmus
1492 1308 1500 1322 ‚
1513 1298 1562 1318 aut
1572 1289 1727 1319 audimus:
1746 1292 1836 1320 etiam
1847 1293 1898 1330 qui
1909 1302 2009 1322 natura
2020 1296 2080 1322 mi-

1120 1327 1224 1358 tissinii
1237 1330 1351 1362 sumus,
1364 1329 1527 1360 assiduitate
1538 1330 1745 1362 molestiarum
1755 1332 1875 1363 sensum
1886 1343 2013 1365 omnem
2025 1335 2082 1364 hu„

1120 1372 1272 1402 inanitatis
1282 1381 1320 1402 ex
1328 1374 1440 1403 animis
1449 1374 1628 1403 amittimus.

1433 1457 1521 1487 Nihil
1536 1457 1650 1488 videtur
1666 1459 1757 1498 deeffi.

423 1590 529 1655 M.
611 1587 1722 1657 TULL11C1CERONIS

983 1717 1201 1763 PRO

73 1825 1024 1938 „QROSCIO

517 1990 1024 2047 ORATIO

1142 1824 2070 1931 COMOEDO,

1137 1989 1644 2046 TERTIA.

635 2134 845 2198 Multa,
872 2154 985 2209 quse
1006 2132 1209 2208 ciffum,
1237 2133 1526 2210 quaerenda,

101 2263 245 2297 malitiam
265 2270 398 2296 naturae,
415 2258 593 2292 crederetur.
625 2260 655 2290 Is
674 2259 786 2290 scilicet
796 2259 844 2288 vir
853 2259 1006 2298 optimus,
1030 2258 1063 2289 δε
1088 2268 1092 2288 i

51 2313 54 2316 ’
99 2307 234 2349 singulari
244 2305 303 2336 fide
317 2309 326 2324 ¹
338 2303 477 2345 praeditus
487 2323 496 2337 ‚
507 2305 560 2344 qui
572 2301 767 2341 suojudicio‚
779 2300 887 2331 tabulis
897 2301 969 2334 suis,
983 2299 1064 2330 testi-

95 2349 155 2382 bus
165 2351 208 2379 uti
223 2357 357 2378 conatur.
380 2345 484 2376 Solent
491 2344 557 2384 sere
570 2343 668 2374 dicere
678 2345 730 2384 qui
740 2353 793 2383 per
803 2342 915 2373 tabulas
933 2346 948 2362 2
957 2343 1062 2375 homi-

97 2393 145 2422 nis
155 2389 272 2421 honesti
283 2390 443 2430 pecuniam
452 2386 612 2427 expensam
624 2385 755 2415 tulerunt
770 2395 775 2414 :
796 2385 889 2425 Egone
907 2383 994 2413 talem
1012 2384 1061 2413 vi-

95 2443 162 2464 rum
172 2435 338 2468 corrumpere
342 2430 435 2472 potui,
448 2439 481 2458 ne
490 2439 551 2458 mea
562 2426 762 2467 caufhfalfum
772 2427 800 2456 in
811 2426 929 2456 codicem
939 2426 1062 2466 refhrret?
1085 2429 1092 2470 j·

93 2473 262 2516 Exspezsto,
284 2472 374 2514 quiri-n
386 2481 462 2502 mox
474 2472 592 2502 Chaerea
610 2471 664 2501 hac
683 2471 816 2500 oratione
827 2477 936 2499 utatur:
957 2472 1060 2512 Egone
1084 2471 1086 2513 ᾗ

94 2516 171 2548 hanc
187 2526 335 2550 manum,
353 2515 473 2556 plenam
492 2512 642 2554 perfidiae,
665 2513 763 2544 &hos
773 2513 885 2554 digitos
904 2522 990 2542 meos
1000 2513 1061 2542 im-
1083 2515 1085 2554 l

94 2559 206 2600 pellere
223 2559 327 2599 potui,
347 2566 380 2587 ut
398 2556 527 2587 ³falsum
539 2555 755 2596 perscriberent
772 2556 911 2585 nomen?
931 2553 1022 2595 Qiod
1039 2553 1061 2584 fi
1082 2582 1084 2595 4

94 2600 148 2631 ilie
165 2601 228 2631 suas
246 2599 376 2640 proferet
393 2598 504 2629 tabulas
521 2609 526 2627 :
550 2597 681 2638 proferet
700 2598 764 2627 suas
782 2607 902 2638 quoque
919 2596 1058 2627 Roscius.
1081 2598 1084 2647 l

88 2643 151 2673 «erit
163 2643 193 2672 in
205 2641 287 2671 illius
304 2641 410 2671 tabulis
421 2641 480 2670 hoc
490 2650 607 2670 nomen
625 2650 629 2668 :
645 2647 675 2669 at
684 2640 716 2669 in
728 2639 817 2675 hujus
827 2649 890 2668 non
902 2640 966 2668 erit.
1001 2640 1061 2668 Cur
1080 2651 1082 2678 i

92 2685 194 2726 potius
204 2687 222 2711 4
230 2683 322 2718 illius,
335 2680 425 2724 quam
434 2682 535 2723 hujus,
547 2681 683 2713 credetur
694 2681 703 2708 ?
713 2682 796 2722 Scrip
803 2678 879 2711 siffet
887 2680 952 2714 ille,
963 2678 984 2709 fi
995 2689 1060 2710 nori
1077 2687 1080 2721 ,³

1103 2256 1184 2298 juffu
1195 2258 1284 2298 hujus
1300 2258 1464 2298 expensum
1478 2255 1607 2289 tulisset?
1619 2267 1682 2288 non
1695 2257 1913 2300 sci-ipfisi'ethic²
1926 2261 2005 2302 quod
2017 2260 2072 2292 sibi

1106 2301 1272 2340 expensum
1291 2299 1361 2330 ferri
1379 2298 1522 2339 juflifl'et?
1546 2302 1625 2330 Nam
1638 2321 1646 2333 ‚
1666 2302 1928 2341 quemadmodum
1949 2306 2072 2333 TURPE

1107 2352 1164 2372 nsi·
1175 2342 1319 2375 scribere,
1338 2341 1418 2382 quod
1434 2351 1496 2371 non
1506 2341 1664 2372 debeatur:
1686 2342 1910 2383 sicimprobum
1923 2344 1982 2378 est,
2004 2355 2071 2375 noir

1104 2384 1231 2417 referre,
1254 2380 1337 2424 quod
1355 2382 1473 2413 debeas.
1497 2382 1580 2424 aeque
1599 2386 1681 2414 enim
1702 2385 1808 2415 tabula:
1828 2386 2073 2417 condemnantur

1103 2426 1187 2464 ejus,
1208 2428 1261 2466 qui
1271 2434 1377 2455 vemm
1396 2435 1460 2455 non
1471 2426 1588 2455 retulit:
1611 2425 1736 2466 &ejus,
1756 2429 1807 2467 qui
1820 2427 1926 2457 falsum
1945 2429 2072 2468 perscri-
2094 2450 2097 2453 -

1103 2467 1168 2509 psit.
1201 2468 1257 2498 Sed
1270 2478 1325 2510 ego
1336 2469 1420 2508 copia
1432 2488 1441 2500 ,
1462 2466 1640 2497 &facultate
1650 2469 1742 2498 causae
1753 2467 1884 2499 confisus
1894 2489 1903 2503 ‚
1924 2470 1994 2500 vide
2005 2469 2069 2511 quo

1102 2510 1283 2553 progrediar.
1316 2512 1348 2541 Si
1362 2510 1473 2540 tabulas
1483 2512 1514 2540 C.
1529 2511 1658 2540 Fannius
1669 2512 1799 2550 accepti,
1819 2512 1851 2541 δε
1861 2511 1981 2552 expensi
1998 2522 2069 2552 pro-

1101 2554 1158 2584 fert
1171 2555 1234 2584 suas
1246 2573 1255 2587 >
1276 2555 1307 2583 in
1319 2553 1401 2582 suam
1412 2562 1475 2582 rem
1489 2571 1497 2584 ‚
1519 2552 1572 2581 suo
1582 2551 1720 2582 arbitratu
1733 2553 1869 2592 scriptas:
1889 2553 1951 2594 quo
1962 2553 2071 2585 minus

1103 2595 1269 2626 secundum
1281 2595 1369 2624 illum
1384 2593 1520 2629 judicetis
1531 2613 1539 2626 ‚
1551 2603 1615 2622 non
1625 2593 1739 2624 recuso.
1764 2597 1838 2635 Qis
1849 2595 2068 2634 hocftarerfra-

1103 2639 1161 2671 tri,
1174 2639 1241 2678 quis
1251 2646 1355 2677 parens
1370 2635 1434 2665 filio
1446 2635 1549 2664 tribuit
1559 2654 1567 2667 ,
1582 2644 1630 2667 ut,
1642 2635 1855 2677 quodcumque
1865 2636 2019 2671 retulisset,
2035 2637 2067 2669 id

1101 2688 1198 2711 ratum
1210 2678 1352 2709 haberet?
1371 2686 1468 2708 ratum
1480 2677 1601 2707 habebit
1611 2677 1740 2708 Roscius
1756 2698 1765 2712 ‚
1784 2678 1894 2720 profer.
1917 2679 1999 2720 quod
2012 2681 2069 2710 tibi

1975 2720 2071 2753 fuerit

128 2826 153 2845 ι.
171 2819 283 2852 Infitlme
293 2819 419 2853 alterius]
442 2819 594 2845 Annotarat
605 2817 768 2844 Gulielmius
781 2837 789 2849 ,
800 2826 851 2844 non
863 2815 1052 2853 negligendam
1072 2832 1074 2853 χ
1096 2816 1159 2842 olim
1174 2835 1181 2847 ,
1193 2819 1218 2842 in
1230 2824 1300 2849 remp.
1310 2815 1419 2848 versata.
1439 2812 1509 2849 quod
1521 2811 1700 2840 arbitrabatur
1710 2813 1872 2840 Gulielmius
1888 2812 1991 2840 diatim
2005 2832 2014 2845 ,
2033 2819 2068 2840 ut

90 2853 120 2880 S.
129 2854 245 2881 Victoris
255 2855 303 2882 scri
323 2863 410 2882 turam
420 2855 553 2889 insalurem
565 2873 573 2885 ,
583 2855 611 2880 gc
623 2854 656 2880 fic
666 2863 772 2894 quoquc
784 2853 839 2879 1²:11.
850 2862 890 2890 pr.
1072 2856 1075 2884 1

127 2898 156 2916 2.
173 2891 249 2924 Roscio
267 2865 345 2916 Μίδην
362 2901 410 2925 quae
418 2894 484 2922 Reip.
494 2892 575 2923 vestra
583 2891 650 2925 εἴγε]
675 2891 774 2916 Nelcio
784 2899 815 2916 :iii
827 2888 898 2925 sequi
909 2888 1000 2926 poss'iin
1012 2888 1052 2915 le-

91 2923 209 2954 fiionem
221 2927 288 2953 Pali.
300 2927 326 2952 ὃς
337 2926 402 2952 olim
414 2926 534 2952 cusorum
546 2926 622 2959 Roscio
632 2945 640 2958 ‚
652 2927 772 2960 eademque
782 2928 849 2958 Rctp.
860 2928 941 2958 ‘vestra
950 2927 1000 2956 &a

129 2970 155 2998 3.
174 2965 202 2988 In
220 2965 338 2996 republica
352 2963 451 2996 ‘versata
461 2963 520 2997 iffi]
542 2962 627 2988 Iidem
638 2961 717 2989 codd.
727 2963 792 2989 item
804 2962 861 2988 Pal.
874 2969 937 2988 tert.
949 2963 975 2987 &
988 2960 1054 2987 editi

131 3059 141 3076 ι
150 3071 156 3076 .
173 3053 498 3088 Praeditur,infi10jicdici0.]
512 3053 577 3079 Haec
587 3052 622 3080 cst
633 3052 714 3079 iestis
725 3053 852 3085 Palatini,
863 3053 891 3078 St
904 3051 1052 3078 editionum

69 3103 72 3105 >
92 3093 235 3119 veter-nur,
245 3088 398 3125 invenitque
409 3090 435 3116 'in
446 3089 496 3116 suis
507 3089 609 3126 scriptis
621 3090 800 3116 Hotomanus.
823 3089 931 3125 vulgata
943 3108 951 3121 ,
966 3090 1054 3122 pradi-

94 3128 136 3150 uu·
147 3141 155 3153 ‚
168 3126 208 3157 qm·
217 3125 360 3157 qun-judicio.

130 3166 160 3198 .²·
178 3160 278 3187 vainia
286 3161 371 3196 honesti
372 3164 496 3197 pecuniam
507 3181 516 3197 ‚
526 3161 592 3198 &cf-1
604 3162 693 3192 Locus
703 3170 756 3193 iioii
766 3161 913 3199 sauilsjnam
924 3160 1051 3205 Palatini,
1075 3181 1079 3187 ⁴

1096 2854 1191 2885 ‘versitm
1200 2855 1225 2878 in
1236 2860 1308 2884 remp.
1327 2853 1352 2877 U
1360 2850 1417 2876 riini
1431 2849 1496 2875 liber
1506 2853 1531 2874 in
1543 2850 1716 2882 rep.graffata.

1134 2896 1161 2921 4.
1182 2891 1213 2913 Er
1224 2889 1302 2913 eadem
1311 2891 1337 2913 in
1348 2897 1371 2912 rc
1381 2894 1471 2919 oses-am
1481 2885 1610 2920 myli-am]
1633 2885 1675 2911 Sic
1686 2883 1792 2921 quidem
1804 2885 1879 2912 editi.
1890 2884 1931 2911 sed
1944 2884 2001 2911 mss.
2013 2895 2063 2911 rio-

1100 2925 1144 2952 stri
1159 2943 1166 2955 ,
1176 2931 1222 2952 aut
1231 2925 1309 2950 eadem
1320 2934 1344 2949 re
1355 2942 1364 2956 ,
1379 2929 1425 2949 aut
1436 2923 1531 2947 eandem
1542 2931 1600 2948 rem.
1620 2920 1688 2948 unde
1700 2921 1764 2950 facit
1774 2921 1935 2949 Gulielmius
1948 2941 1957 2954 ‚
1975 2922 2004 2952 dr
2013 2930 2069 2947 cam

1101 2962 1136 2987 ad
1144 2970 1201 2986 rem.

1102 3053 1203 3078 homIncr
1216 3070 1339 3077 .......
1346 3051 1479 3082 pecuniam.
1500 3048 1561 3075 edd.
1573 3057 1639 3076 vett.
1652 3051 1752 3075 homi-aes
1766 3068 1850 3075 .....
1861 3050 2046 3080 citipccuniam.

1140 3096 1166 3123 3.
1186 3086 1568 3119 Falsumsi·1scriberemnomcn.j
1582 3085 1665 3112 Iidem
1678 3085 1737 3111 libri
1750 3085 1936 3123 ‚peisti-iberan.

1138 3131 1164 3156 4.
1186 3125 1251 3148 lilim
1261 3131 1332 3155 quam
1341 3124 1412 3155 ''nst‘'
1421 3122 1528 3147 credetur
1539 3123 1674 3156 ‚2Jcripstffet
1684 3123 1758 3155 i!le‚si
1765 3131 1810 3146 mm
1818 3120 1885 3153 φα]
1901 3119 1997 3149 Iidem,
2009 3127 2061 3142 ere-

1103 3159 1309 3196 sim-tnrfirisfiffi
1319 3162 1329 3188 ,²
1339 3158 1461 3195 lll‘J1'&⁶»
1471 3156 1747 3230 Lan³bss¹21²⁰gp⁰¹⁰²t²
1758 3157 1828 3192 hujm
1837 3156 1923 3185 tabulis
1933 3155 2065 3218 cgessznutru}
