2295 3400
159 135 259 187 432
576 115 1087 165 M Tuzzit

160 202 394 240 avan-itiae‚quem
404 196 479 229 dicis
489 195 654 228 sestertium
663 196 755 226 vicies
765 193 892 226 voluisse
899 192 1031 235 perdere?
1040 201 1111 223 nam

161 241 235 282 quid
246 244 378 274 emebat,
390 239 462 269 cum
471 248 498 269 te
508 238 644 269 emebat?
658 246 691 268 ut
699 237 733 267 ad
746 237 773 268 se
785 235 935 267 transires?
948 244 1038 276 quam
1049 244 1113 275 par-

162 292 226 314 tem
243 283 333 314 causa:
352 282 405 311 tibi
426 280 582 310 daremus?
603 289 643 310 an
656 288 688 309 ut
701 281 871 309 enuntiares
883 276 1008 308 consilia
1017 276 1115 307 Lael'i?

163 327 215 365 qni
229 324 312 354 testes
325 323 361 353 ab
377 332 414 352 eo
431 322 604 361 prodirent?
621 320 716 361 quid?
735 330 790 350 nos
800 330 862 350 non
873 319 1049 349 videbamus
1063 318 1116 347 ha-

162 366 254 395 bitare
266 364 343 396 unit?
359 364 427 404 quis
437 364 494 393 hoc
505 363 617 393 nescit?
629 362 743 392 tabulas
756 363 788 391 in
797 361 883 392 Laelii
893 359 1034 400 potestate
1043 358 1116 389 fuis-

161 407 190 437 se
200 426 207 439 ,
223 416 294 435 num
307 405 436 435 dubium
447 404 508 435 est?
527 414 564 434 an
575 413 612 434 ne
623 404 832 437 veliementer,
851 413 888 432 ne
898 401 1021 442 copiose
1032 410 1118 431 accu-

163 448 257 477 sares?
280 450 371 477 Nunc
380 445 453 477 facis
463 446 674 486 suspicionem.
698 446 736 474 ita
746 447 830 474 enim
841 442 962 477 dixisti,
975 452 1007 473 ut
1017 442 1118 473 nescio

106 505 118 537 3
134 506 145 535 4
163 489 235 528 quid
254 489 304 519 abs
323 498 351 518 te
371 490 562 527 impetratum
582 485 639 516 ess'e
658 486 800 516 videatur.
828 490 868 516 At
884 487 967 515 enim
979 484 1117 515 Androni

161 530 292 564 SeXtil‘io
302 531 399 571 gravis
408 530 518 568 injuria
525 528 600 559 fad-'ta
610 527 662 561 est,
675 528 707 558 ἅτ
718 538 782 558 non
790 527 927 558 ferenda:
940 525 1034 568 quod,
1045 524 1118 555 curn

163 570 234 602 ess‘et
249 582 324 602 uxor
338 572 401 611 ejus
412 572 528 601 Valeria
540 591 548 604 ‚
569 568 696 606 intestati»
710 577 822 599 mortua
833 590 842 603 ‚
862 568 899 599 sic
909 572 967 611 egit
979 578 1045 598 eam
1056 577 1119 597 rem

164 614 284 644 Flaccus
293 635 301 647 ‚
321 611 401 654 quasi
415 613 451 643 ad
465 613 563 653 ipsum
577 611 724 642 hereditas
735 613 907 651 pertineret.
929 614 965 641 In
978 620 1038 651 quo
1048 608 1119 650 quid

164 656 377 695 reprehendas,
391 655 462 685 scire
473 655 572 694 cupio.
594 652 676 694 quod
688 653 795 683 falsum
806 652 987 683 intenderit?
1004 649 1055 692 qui
1066 649 1120 679 do-

164 703 234 727 ces?
256 700 404 738 Ingenua,
424 698 543 736 inquit,
564 694 632 726 fuit.
665 696 833 735 Operitum
847 695 922 734 juris
938 693 1118 723 hominem!

167 737 250 777 Quid
267 741 276 767 ?
302 739 338 768 ab
357 740 496 778 ingenuis
514 735 692 767 mulieribus
711 736 885 766 hereditates
904 736 967 776 lege
987 744 1052 764 non
1068 742 1121 763 ve-

167 782 276 812 niunt?
298 783 334 810 In
345 789 490 813 manum,
502 780 621 820 inquit,
635 787 825 808 convenerat.
849 780 940 807 Nunc
950 776 1048 806 audio.
1072 773 1121 804 sed

166 831 270 862 quaero
281 841 290 855 ‚
311 822 384 856 usu5
401 831 438 851 an
452 822 640 852 coemtionc.
664 820 717 849 usu
733 829 796 849 non
810 821 918 859 potuit.
941 818 1021 847 nihil
1035 817 1119 845 enim

165 862 266 904 potest
277 863 314 894 dc
331 864 421 894 tutela
436 863 568 903 legitima
577 860 638 891 sine
648 863 792 892 omnium
803 869 938 891 tutorum
949 858 1122 889 audioritate

167 905 316 935 deminui.
339 905 512 935 coe'mtione
526 909 535 936 ?
555 903 700 932 omnibus
715 912 786 943 ergo
802 901 985 933 :rudioribus
1009 902 1040 929 in
1053 899 1122 939 qui—

166 946 224 977 bus
242 948 320 977 certe
338 947 476 977 Flaccum
494 943 580 975 fuiss'e
599 954 663 974 non
685 943 775 974 dices.
815 943 1012 983 Relinquitur
1033 940 1120 973 illud,

191 987 250 1018 uod
260 987 418 1019 vociferari
428 997 492 1018 non
502 986 631 1020 destitit,
645 995 709 1016 non
719 983 870 1019 debuisse,
882 984 952 1015 curn
962 992 1069 1024 praetor
1079 982 1125 1012 es-

166 998 211 1061 set
221 1050 230 1064 ,
239 1031 326 1070 suum
339 1030 481 1070 negotium
491 1039 586 1069 agere,
603 1036 652 1058 aut
662 1029 854 1061 mentionem
864 1026 957 1057 facere
971 1024 1124 1056 haeredita-

169 1074 217 1102 tis.
242 1073 392 1102 Maximas
401 1071 491 1101 audio
503 1070 557 1100 tibi
568 1089 576 1103 ,
589 1071 623 1099 L.
635 1069 764 1100 Luculle
773 1089 782 1103 ‚
794 1071 846 1110 qui
856 1068 892 1099 de
904 1068 1048 1099 L-Flacco
1058 1067 1124 1097 sen-

167 1116 295 1144 tentiam
307 1113 416 1143 laturus
426 1122 456 1142 es
466 1131 475 1145 ‚
494 1121 550 1152 pro
563 1120 613 1142 tua
625 1113 739 1142 eximia
752 1111 926 1141 liberalitate
936 1129 944 1143 ,
965 1106 1124 1139 maximis-

169 1165 228 1196 que
239 1153 391 1186 beneficiis
401 1155 434 1183 in
445 1162 512 1183 tuos
521 1173 530 1187 ,
540 1150 654 1184 veniss'e
666 1152 853 1186 hereditates,
865 1150 936 1182 cum
946 1150 1044 1181 Asiam
1054 1158 1124 1189 pio-

168 1198 302 1227 vinciam
312 1195 459 1226 consulari
469 1196 600 1237 imperio
612 1194 773 1224 obtineres.
795 1193 816 1223 fi
847 1196 893 1223 uis
902 1202 949 1223 eas
959 1212 967 1226 ,
988 1193 1053 1223 suas
1065 1188 1124 1220 esse

167 1236 310 1270 dixiss'et,
331 1235 537 1268 conceffiffes?
557 1238 625 1270 Tu,
646 1239 683 1266 T.
695 1234 782 1266 Vedii
793 1255 802 1270 ‚
823 1205 903 1276 ἕψω
913 1234 968 1265 tibi
983 1236 1016 1263 in
1025 1232 1126 1263 Africa

168 1281 286 1310 venerit
303 1279 469 1312 hereditas,
490 1278 544 1309 usu
556 1279 697 1308 amittes?
714 1287 752 1308 an
767 1286 853 1308 tuum
865 1297 874 1311 ‚
893 1276 978 1307 nulla
991 1275 1122 1308 avaritia,

166 1323 248 1353 silva
257 1321 400 1362 dignitate
412 1341 419 1353 .
440 1319 602 1351 retinebis?
624 1322 665 1350 At
675 1318 757 1350 istius
768 1319 937 1349 hereditatis
947 1338 956 1351 ,
972 1317 1037 1358 jam
1047 1316 1123 1347 Glo-

168 1364 244 1394 bulo
254 1372 394 1403 praet0re‚
405 1363 500 1393 Flacci
509 1363 638 1393 nomine
648 1381 657 1396 ‚
674 1363 764 1402 petita
773 1359 909 1401 poss'effio
919 1359 971 1390 est.
995 1369 1059 1389 non
1068 1359 1126 1399 igi-

168 1413 219 1436 tur
237 1402 386 1445 impressio
398 1425 405 1435 ,
427 1413 492 1434 non
508 1403 619 1435 occasio
630 1424 638 1437 ,
660 1412 724 1434 non
738 1406 783 1433 vis
795 1423 804 1437 ,
825 1413 889 1433 non
904 1411 1038 1442 tempus,
1059 1409 1125 1430 non

169 1449 334 1487 imperium
346 1466 355 1479 ‚
376 1456 439 1476 non
449 1445 562 1477 secures
572 1445 608 1476 ad
618 1447 761 1484 injuriam
776 1444 944 1475 faciendam
956 1444 1051 1474 Flacci
1060 1443 1125 1473 ani-

172 1498 261 1518 mum
272 1488 466 1528 impulerunt.
489 1490 590 1528 Itaque
600 1487 707 1518 eodem
719 1489 810 1518 etiarn
821 1488 978 1520 M.Lurco‚
990 1487 1035 1516 vir
1045 1485 1126 1524 opti-

169 1540 259 1564 mus,
281 1539 366 1559 metis
376 1528 549 1563 familiaris,
567 1530 717 1560 convertit
727 1529 865 1559 aculeum
877 1526 1046 1558 testimonii
1062 1527 1125 1556 sui.

170 1581 292 1613 negavit
301 1590 309 1605 2
329 1571 345 1601 a
354 1573 470 1610 privato
478 1573 637 1610 pecuniam
647 1572 679 1600 in
690 1571 845 1610 provincia
853 1578 1012 1610 praetorem
1026 1576 1125 1608 petere

170 1623 321 1654 oportere.
345 1615 403 1643 Cur
411 1613 544 1646 tandem,
557 1614 722 1645 M.Lurco‚
737 1621 800 1642 non
811 1614 945 1652 oportet?
955 1610 1063 1650 eripere,
1076 1619 1125 1638 ex-

170 1664 317 1698 rorquere‚
335 1656 466 1694 accipere
483 1662 585 1685 contra
602 1655 629 1684 le
651 1663 681 1683 es
698 1663 762 1684 non
780 1661 897 1694 oportet
916 1662 921 1682 :
943 1661 1040 1693 petere
1059 1660 1125 1682 non

173 1706 334 1738 oportere,
354 1705 522 1737 numquam
541 1664 679 1726 ostendes
694 1715 702 1729 ,
723 1693 779 1725 nisi
796 1695 933 1726 docueris
948 1704 1012 1725 non
1025 1693 1125 1723 licere.

172 1742 224 1770 An
240 1738 541 1779 legationes'sumere
557 1737 681 1771 liberas,
701 1737 949 1778 exigendicausa‚
970 1734 1083 1766 ficut&
1094 1743 1127 1765 tu

171 1781 236 1821 ipse
251 1789 345 1820 nuper
356 1799 364 1812 ‚
386 1779 518 1809 &multi
527 1781 585 1809 viri
596 1779 670 1809 boni
680 1779 753 1820 saepe
763 1779 895 1809 fecerunt
907 1799 916 1813 .
938 1777 1053 1809 mistum
1068 1776 1125 1807 est:

172 1822 257 1863 quod
267 1832 322 1863 ego
333 1831 395 1851 non
413 1820 616 1860 reprehendo:
636 1821 732 1851 socios
744 1821 834 1851 video
843 1823 939 1862 queri.
961 1828 1129 1860 praetorem,

176 1862 222 1894 ¹si
236 1863 428 1894 hereditatem
448 1865 481 1892 in
496 1863 651 1902 provincia
668 1872 731 1893 non
748 1863 904 1903 reliquerit
915 1882 924 1896 ‚
945 1871 1008 1891 non
1029 1860 1128 1891 solum

175 1903 476 1945 reprehendendum,
498 1902 606 1934 verum
627 1905 719 1934 etiam
740 1903 1009 1934 condemnandum
1028 1904 1130 1942 putas?

176 1949 280 1980 Doti,
304 1947 422 1986 inquit,
443 1945 560 1976 Valeria
577 1947 734 1985 pecuniam
753 1955 881 1975 omnem
901 1946 983 1975 suam
1003 1944 1127 1973 dixerat.

114 1996 130 2029 3
137 1995 156 2027 5
175 1988 265 2020 Nihil
275 1987 340 2018 doti
351 1986 475 2017 istorum
484 1987 623 2027 explicari
632 1986 730 2027 potest
741 2006 749 2020 ‚
769 1986 824 2016 nisi
832 1986 998 2017 ostenderis
1009 2005 1019 2018 ,
1039 1985 1126 2015 illam

177 2032 212 2061 in
231 2029 424 2060 tutelaFlacci
442 2039 508 2059 non
525 2027 621 2058 fuiffe.
645 2027 666 2058 fi
684 2027 762 2062 fuit,
781 2038 978 2069 quaecumque
992 2026 1055 2056 -sine
1070 2027 1130 2057 hoc

173 2071 294 2104 auaore
312 2069 354 2101 est
371 2069 450 2101 dieta
468 2070 541 2103 dos,
562 2070 646 2100 nulla
664 2071 716 2101 est.
747 2070 804 2100 Sed
823 2079 925 2101 tamen
942 2071 1127 2102 Lurconem,

173 2122 357 2155 quamquam
375 2122 429 2152 pro
447 2112 497 2143 sua
512 2112 656 2153 dignitate
669 2111 840 2142 moderatus
851 2111 894 2142 est
906 2114 939 2141 in
950 2110 1127 2141 testimonio

172 2156 305 2186 dicendo
321 2153 462 2194 religioni
481 2154 538 2184 sua:
548 2173 557 2187 ‚
579 2162 679 2184 tamen
689 2155 796 2183 iratum
809 2154 913 2184 Flacco
926 2150 983 2183 effe
997 2151 1123 2183 vidistis.

173 2206 274 2237 neque
288 2196 372 2225 enim
390 2195 551 2225 occultavit
565 2195 678 2234 caufizm
692 2193 839 2223 iracundia
850 2196 906 2226 suae
918 2214 926 2228 ‚
947 2204 1046 2235 neque
1059 2195 1128 2224 reti-

175 2237 302 2269 cendam
315 2238 439 2277 putavit.
461 2236 580 2277 questus
591 2235 633 2267 est
642 2257 651 2270 ‚
668 2235 808 2266 libertum
819 2237 906 2267 suum
919 2256 927 2270 ‚
939 2236 1044 2266 Flacco
1054 2245 1129 2275 pra:-

173 2289 256 2312 tore‚
269 2276 326 2308 ess'e
339 2277 524 2308 damnatum.
548 2280 574 2308 Ο
588 2286 810 2308 cot-mutones
826 2286 967 2307 Miserias
982 2286 1131 2306 ADMINI-

173 2329 410 2352 sTRANDARUM
426 2329 508 2350 Pnov
516 2328 696 2349 ixeiAntrM
709 2320 714 2348 !
727 2319 759 2348 in
769 2319 879 2359 quibus
889 2318 1053 2359 diligentia,
1064 2318 1131 2357 ple—

175 2372 216 2394 na
229 2360 413 2392 simultatum
426 2359 486 2390 cst:
507 2361 706 2402 negligentia,
726 2361 1001 2400 vituperationum:
1021 2359 1074 2388 ubi
1084 2358 1129 2387 se-

173 2405 283 2435 veritas
296 2423 305 2437 ,
324 2402 488 2443 periculosa
501 2401 560 2433 est:
583 2402 757 2434 liberalitas,
777 2403 904 2442 ingrata:
920 2401 1017 2431 sermo
1029 2419 1038 2434 ‚
1057 2398 1129 2429 insi-

175 2446 279 2476 diosus
291 2455 297 2473 1
311 2442 464 2474 afl'entatio
475 2464 483 2477 2
498 2444 678 2484 perniciosa:
692 2442 777 2473 frons
787 2444 930 2473 omnium
941 2461 949 2476 ‚
961 2441 1127 2471 familiaris:

177 2487 346 2517 multorum
357 2487 494 2520 animus,
515 2487 621 2515 iratus:
642 2483 800 2515 iracundia:
812 2484 955 2517 occultae,
975 2482 1128 2514 blanditiae

174 2537 297 2569 apertae:
319 2529 488 2559 venienteis
502 2536 641 2568 praetores
658 2525 845 2568 aspen-int,
864 2524 1058 2567 praesentibus
1078 2526 1128 2555 in-

1164 109 1709 159 cicazonis

1159 191 1309 223 serviunt,
1320 188 1475 220 abeunteis
1484 189 1632 221 deserunt.
1657 189 1713 221 Sed
1725 187 1902 220 omittamus
1911 186 2046 230 querelas
2054 208 2062 223 ,
2074 199 2114 222 ne

1159 231 1297 263 nostrum
1310 229 1473 261 consilium
1487 233 1519 261 in
1532 232 1793 271 praeterrnittendis
1810 231 1976 271 provinciis
1994 231 2114 263 laudare

1159 274 1323 305 videamur.
1348 274 1475 304 Litteras
1494 271 1574 303 misit
1587 273 1625 303 de
1638 274 1741 304 villico
1755 276 1786 304 P.
1796 273 1935 313 Septimii
1945 291 1954 306 ,
1974 273 2117 304 hominis

1162 317 1277 348 ornati,
1298 316 1350 355 qui
1364 314 1485 344 villicus
1497 313 1612 345 caedem
1624 314 1742 346 fecerat.
1764 315 1947 355 Septimium
1957 313 2113 345 ardentem

1160 356 1313 389 iracundia
1323 356 1423 387 videre
1432 355 1582 395 potuistis.
1605 359 1642 386 In
1652 358 1800 387 Lurconis
1811 355 1953 386 libertum
1961 355 2115 395 judicium

1163 409 1201 429 ex
1213 397 1312 429 edi&o
1323 397 1414 428 dedit.
1438 395 1531 428 hostis
1541 397 1584 428 est
1594 400 1704 428 Lurco.
1727 398 1808 440 Qid
1820 398 1930 439 igitur?
1947 399 2114 430 hominum

1164 440 1361 483 gratiosorum
1373 458 1382 473 ,
1406 438 1688 480 splendidorumque
1707 439 1822 470 libertis
1838 438 1898 469 fuit
1914 437 1981 470 Afia
1997 439 2117 470 traden-

1164 483 1222 513 da?
1247 491 1283 511 an
1306 479 1467 510 simultates
1486 481 1587 512 nescio
1596 491 1667 522 quas
1675 491 1746 511 cum
1757 481 1870 510 libertis
1882 480 1987 511 vestris
1997 483 2116 513 Flaccus

1163 525 1301 554 exercet?
1323 532 1361 553 an
1380 521 1469 552 vobis
1490 523 1523 552 in
1540 521 1642 552 vestris
1655 542 1665 555 ‚
1685 521 1911 562 vestrorumque
1931 521 2020 553 causis
2034 523 2118 563 seve-

1163 567 1236 594 ritas
1253 564 1326 595 odio
1343 562 1403 593 est:
1422 563 1548 594 eandem
1568 563 1690 594 laudatis
1701 583 1710 597 ,
1728 562 1801 594 curn
1815 563 1852 593 de
1865 563 1956 594 nobis
1969 563 2118 601 iudicatis?

1165 611 1201 637 At
1215 605 1268 636 istc
1278 605 1382 636 Andro
1393 626 1401 638 ,
1425 605 1565 645 spoliatus
1584 605 1674 635 bonis
1685 624 1694 639 ‚
1716 613 1749 635 ut
1762 605 1860 635 dicitis
1872 625 1881 638 .
1897 604 1933 635 ad
1952 605 2116 637 dicendum
2139 607 2181 649 36

1163 647 1371 679 testimonium
1384 656 1448 676 non
1456 648 1548 677 venit.
1571 646 1653 718 ΟἿυ-ἰά
1665 666 1673 680 ,
1692 645 1713 676 si
1723 648 1843 677 veniat?
1857 645 2028 678 Decisionis
2037 648 2117 679 arbi-

1163 699 1206 721 ter
1217 692 1251 721 C.
1261 689 1398 720 Caecilius
1408 687 1477 718 fuit.
1500 698 1562 729 quo
1572 689 1603 728 sp
1617 688 1727 718 endore
1740 690 1787 718 vit
1799 691 1872 729 ?qua
1887 687 1945 718 fide
1957 691 1967 718 ?
1977 699 2033 730 qua
2047 690 2117 720 reli-

1163 734 1252 772 gione
1260 734 1271 761 ?
1280 729 1447 772 obsignator
1456 732 1489 761 C.
1502 731 1644 760 Sextilius
1655 751 1664 763 ,
1675 732 1823 760 Lurconis
1833 730 1940 760 sotoris
1951 729 2045 761 filius:
2059 733 2117 762 ho-

1165 783 1219 802 mo
1229 773 1263 803 &
1272 771 1387 813 pudens
1397 792 1405 806 ‚
1424 771 1457 801 δε
1466 771 1605 802 constans
1615 792 1624 806 ‚
1642 771 1788 813 &gravis.
1811 774 1842 802 Si
1852 774 1897 802 vis
1907 781 1982 806 erat,
1998 771 2115 811 sifi-am,

1165 813 1186 844 si
1201 822 1290 843 metus
1301 834 1309 848 ,
1328 812 1348 844 fi
1362 813 1584 854 circumscriptio
1598 824 1603 842 ;
1620 815 1687 854 quis
1699 813 1872 853 paffionem
1886 812 1949 843 fieri
1960 833 1969 847 ‚
1988 817 2055 855 quis
2064 815 2116 845 ad-

1166 854 1223 886 ess’e
1238 854 1309 885 istos
1321 856 1420 896 coegit
1432 858 1442 884 ?
1464 854 1545 896 Qid
1556 875 1565 888 ‚
1586 853 1606 884 si
1619 854 1673 885 ista
1683 857 1785 885 omnis
1798 857 1924 895 pecunia
1933 857 2003 885 hnic
2012 856 2116 887 adole-

1166 897 1317 931 scentulo,
1333 898 1368 928 L.
1378 896 1482 927 Flacco
1491 896 1603 927 reddita
1612 896 1674 927 est?
1691 895 1712 927 fi
1721 899 1811 937 petita
1821 917 1828 930 ‚
1849 895 1869 926 si
1879 896 2014 928 redaCta?
2036 896 2055 927 si
2065 907 2117 938 pex-

1166 940 1246 969 hunc
1256 939 1444 969 Antiochum
1455 957 1463 971 ‚
1481 946 1637 978 paternum
1652 939 1740 978 liujus
1753 939 1945 969 adolescentis
1960 939 2115 974 libertum,

1166 981 1228 1011 seni
1248 980 1294 1010 illi
1312 980 1415 1010 Flacco
1433 978 1673 1019 probatiffimum
1694 983 1706 1009 ἓ
1736 980 1914 1011 videmurne
1932 990 1997 1010 non
2015 980 2116 1012 solum

1167 1023 1296 1053 avaritia:
1312 1023 1430 1052 crimen
1445 1019 1576 1062 effugere
1590 1042 1599 1055 ,
1618 1022 1667 1052 sed
1687 1023 1777 1052 etiam
1794 1022 1977 1052 liberalitatis
1995 1022 2118 1054 laudem

1167 1061 1278 1104 ass‘equi
1290 1062 1466 1104 singularem
1480 1065 1492 1091 ἓ
1509 1072 1708 1093 communem
1725 1065 1808 1094 enim
1818 1064 2011 1094 hereditatem
2022 1085 2031 1098 ‚
2052 1075 2119 1106 quae

1167 1105 1319 1146 aequaliter
1327 1104 1363 1134 ad
1375 1113 1533 1144 utrumque
1544 1105 1607 1144 lege
1616 1104 1741 1135 veniffet
1750 1125 1758 1138 ‚
1778 1103 1919 1136 concessit
1927 1105 2118 1141 adolescenti.

1168 1147 1338 1187 propinquo
1348 1146 1401 1176 suo
1413 1156 1419 1174 z
1430 1146 1509 1175 nihil
1518 1146 1578 1185 ipse
1589 1148 1683 1187 attigit
1692 1146 1729 1176 de
1739 1148 1902 1177 Valerianis
1913 1146 2011 1177 bonis.
2034 1148 2120 1188 quod

1171 1187 1307 1219 statuerat
1320 1186 1413 1217 facere
1425 1207 1434 1220 .
1454 1186 1598 1217 adan-stus
1608 1189 1698 1227 hujus
1706 1188 1819 1227 pudore
1830 1208 1838 1222 ‚
1861 1188 1894 1217 Sc
1903 1197 1966 1218 non
1976 1187 2119 1228 ampliffi-

1169 1232 1228 1260 mis
1237 1230 1414 1270 patrimonii
1422 1230 1518 1267 copiis
1528 1248 1537 1262 ,
1554 1228 1586 1259 id
1598 1239 1661 1259 non
1672 1228 1771 1259 solum
1781 1228 1853 1260 fecit
1861 1248 1870 1262 ‚
1891 1228 1938 1259 sed
1947 1232 2038 1260 etiam
2047 1240 2120 1271 pro-

1168 1272 1231 1302 lixe
1243 1271 1450 1311 cumulateque
1458 1272 1539 1300 tecit.
1573 1273 1620 1301 Ex
1630 1280 1691 1311 quo
1699 1271 1828 1312 intelligi
1837 1271 1925 1301 debet
1936 1291 1945 1304 ‚
1962 1281 2034 1301 eum
2045 1282 2119 1303 con-

1168 1323 1212 1345 tra
1227 1314 1306 1354 leges
1318 1314 1458 1352 pecunias
1468 1321 1532 1342 non
1541 1309 1649 1352 cepisse
1658 1332 1668 1346 ,
1687 1315 1739 1354 qui
1749 1321 1807 1343 tam
1816 1311 1906 1343 fuerit
1914 1313 1948 1342 in
1958 1313 2120 1346 hereditate

1166 1354 1359 1387 concedenda
1369 1353 1509 1384 liberalis.
1532 1357 1547 1373 ¹·
1558 1357 1596 1384 At
1605 1355 1810 1384 Falcidianum
1822 1356 1937 1384 crimen
1947 1354 1989 1385 est
2000 1356 2118 1397 ingens.

1168 1398 1278 1429 talenta
1287 1397 1502 1438 quinquaginta
1513 1394 1540 1425 se
1549 1395 1655 1426 Flacco
1665 1395 1738 1427 dicit
1746 1394 1866 1426 dediffe.
1885 1396 2051 1427 Audiamus
2060 1398 2120 1428 ho-

1169 1442 1299 1471 minem.
1322 1441 1398 1468 Non
1412 1436 1502 1468 adest.
1533 1437 1700 1478 Qiomodo
1719 1439 1810 1478 igitur
1827 1438 1901 1468 dicit
1913 1441 1925 1467 ἓ
1948 1437 2127 1478 Epistolam·

1169 1490 1264 1512 mater
1272 1481 1336 1520 ejus
1345 1478 1456 1521 profert
1465 1499 1476 1513 ‚
1488 1479 1522 1508 δε
1530 1480 1652 1509 alteram
1662 1479 1744 1509 soror
1755 1490 1760 1508 z
1776 1479 1918 1519 scripturn
1930 1479 1965 1510 ad
1975 1480 2004 1510 se
2013 1479 2120 1511 dicunt

1168 1522 1226 1554 effe
1236 1522 1271 1553 ab
1281 1522 1337 1552 illo
1347 1542 1356 1555 ‚
1375 1529 1487 1551 tantam
1496 1522 1655 1561 pecuniam
1667 1521 1771 1551 Flacco
1781 1520 1888 1551 datam.
1912 1523 1990 1562 Ergo
1999 1523 2024 1551 is
2034 1541 2044 1556 ,
2063 1524 2118 1563 qui

1169 1564 1190 1595 fi
1200 1575 1281 1594 aram
1290 1563 1497 1603 renensjuraret
1504 1582 1514 1596 ,
1528 1562 1658 1592 crederet
1666 1572 1760 1593 nemo
1770 1583 1778 1596 ‚
1791 1572 1844 1602 per
1851 1561 2007 1603 epistolam
2016 1583 2025 1597 ,
2036 1563 2120 1605 quod

1169 1607 1253 1638 volet
1262 1626 1270 1640 ‚
1290 1606 1435 1646 injuratus
1453 1603 1590 1645 probabit
1603 1607 1615 1632 ?
1637 1606 1738 1645 Atqui
1746 1606 1813 1635 vii-3
1834 1605 1924 1646 quam
1934 1614 1997 1635 non
2006 1607 2122 1636 amicus

1170 1649 1230 1679 suis
1241 1647 1357 1678 civibus
1369 1649 1381 1676 ἒ
1394 1647 1446 1687 qui
1454 1647 1674 1686 patrimonium
1684 1647 1751 1676 satis
1763 1646 1877 1677 lautum
1888 1665 1897 1679 ‚
1907 1646 1991 1686 quod
2001 1645 2049 1677 hic
2059 1656 2120 1677 no·

1170 1690 1286 1725 biscum
1295 1685 1444 1719 conficere
1451 1688 1552 1728 potuit
1561 1707 1569 1721 ‚
1580 1689 1755 1717 Graecorum
1765 1688 1915 1718 conviviis
1924 1687 2031 1718 maluit
2039 1686 2121 1719 diffi-

1171 1742 1249 1773 pare.
1273 1730 1356 1773 Qid
1364 1731 1485 1760 attinuit
1496 1728 1664 1770 relinquere
1676 1729 1751 1760 hanc
1765 1728 1892 1760 urbem?
1911 1728 2045 1761 libertate
2059 1738 2121 1760 tam

1171 1774 1306 1815 praeclara
1313 1782 1409 1802 carere
1420 1775 1431 1801 ?
1448 1771 1528 1802 adire
1536 1771 1703 1812 periculum
1713 1770 1872 1812 navigandi
1883 1774 1894 1800 ἓ
1907 1770 1990 1812 quafi
1998 1770 2066 1800 bona
2076 1781 2123 1801 c·-

1172 1816 1251 1854 meffi»
1260 1818 1351 1845 Roma
1360 1824 1412 1843 non
1421 1813 1527 1842 licerer.
1550 1822 1631 1842 nunc
1641 1812 1771 1853 denique
1789 1813 1957 1843 materculae
1972 1813 2029 1843 suae
2039 1811 2126 1843 festi-

1171 1868 1226 1889 vus
1241 1856 1322 1887 filius
1331 1876 1340 1890 ,
1359 1855 1483 1886 aniculae
1498 1854 1629 1884 minime
1642 1853 1809 1895 suspiciosae
1818 1874 1828 1888 ,
1847 1862 1950 1895 purgat
1957 1854 1986 1884 se
1996 1863 2049 1894 per
2059 1856 2124 1895 epi-

1173 1899 1279 1930 stolam
1291 1918 1300 1932 ‚
1319 1901 1330 1926 3
1344 1906 1377 1927 ut
1386 1906 1452 1927 eam
1461 1898 1621 1937 pecuniam
1632 1916 1640 1930 ‚
1654 1905 1783 1937 quacum
1793 1896 1942 1935 trajecerat
1952 1915 1961 1929 ‚
1973 1905 2039 1926 non
2049 1905 2125 1926 con-

1172 1938 1304 1972 sumsiss'e
1314 1959 1323 1974 ‚
1342 1938 1392 1969 sed
1404 1939 1509 1968 Flacco
1518 1936 1628 1968 dediffe
1640 1937 1780 1968 videatur.
1806 1940 1845 1967 At
1854 1936 1968 1968 fruffltus
1977 1936 2026 1968 isti
2036 1937 2124 1968 Tral-
2148 1946 2189 1982 37

1172 1984 1322 2013 lianorum
1336 2001 1345 2015 .
1365 1980 1500 2015 Globulo
1515 1989 1561 2020 pr.
1581 1981 1757 2010 venierunt:
1778 1978 1926 2009 Falcidius
1946 1988 2057 2009 emerat
2070 1988 2125 2011 ivs

1173 2024 1335 2065 nongentis
1343 2021 1493 2052 millibus.
1514 2023 1546 2052 Si
1555 2020 1603 2052 dat
1614 2030 1724 2052 tantam
1732 2022 1893 2061 pecuniam
1901 2020 2005 2052 Flacco
2014 2040 2024 2055 ‚
2034 2030 2125 2051 nem-

1171 2076 1209 2107 pe
1218 2067 1331 2097 idcirco
1341 2064 1389 2094 dat
1400 2084 1409 2098 ‚
1430 2073 1462 2093 ut
1472 2071 1531 2093 rata
1541 2061 1575 2093 sit
1584 2064 1690 2093 emtio.
1712 2064 1789 2093 emit
1797 2063 1887 2104 igitur
1895 2062 2007 2104 aliquid
2018 2082 2028 2096 ‚
2042 2061 2126 2103 quod

1171 2107 1251 2139 certe
1259 2107 1360 2137 multo
1376 2106 1474 2146 pluris
1491 2102 1578 2135 effet:
1595 2104 1671 2135 4dat
1683 2104 1719 2134 de
1733 2105 1834 2135 lucro:
1854 2104 1933 2134 nihil
1942 2104 2069 2135 detrahit
2086 2104 2126 2134 de

1172 2151 1255 2181 vivo.
1279 2150 1384 2178 minus
1394 2149 1484 2188 igitur
1494 2145 1659 2177 lucrifacit.
1684 2149 1744 2177 Cur
1753 2146 1904 2176 Albanum
1915 2147 2016 2177 venire
2022 2145 2125 2186 jubete

1172 2201 1225 2223 cur
1235 2193 1323 2222 matri
1337 2198 1474 2229 praeterea
1482 2188 1633 2219 blanditur
1644 2191 1656 2218 ,²
1674 2198 1727 2218 cur
1736 2186 1872 2231 epistolis
1880 2207 1890 2221 ‚
1909 2187 1942 2217 &
1951 2187 2058 2218 sororis
2068 2205 2078 2220 .
2090 2186 2124 2217 δε

1174 2234 1276 2263 matris
1286 2231 1527 2262 imbecillitatem
1538 2238 1699 2269 aucupatur
1711 2233 1722 2259 ἓ
1738 2228 1892 2268 postremo
1902 2238 1954 2258 cui·
1965 2237 2029 2258 nor-i
2039 2227 2126 2258 audi-

1174 2284 1243 2304 mus
1253 2274 1352 2313 ipsum
1366 2276 1376 2301 ?
1387 2273 1548 2302 Retinetur
1557 2290 1565 2304 ,
1577 2271 1667 2301 credo
1677 2289 1686 2304 ‚
1699 2271 1730 2299 in
1739 2271 1894 2310 provincia
1905 2279 1910 2298 :
1923 2277 2017 2300 mater
2026 2277 2124 2310 negat.

1173 2313 1300 2345 venisset
1309 2333 1317 2348 ‚
1333 2315 1451 2353 inquit,
1468 2310 1488 2340 si
1499 2310 1799 2341 effetdenuntiatum.
1823 2313 1873 2340 Tu
1882 2310 1960 2341 certe
1971 2311 2125 2352 coegisses,

1173 2355 1195 2386 fi
1212 2355 1313 2386 ullum
1331 2352 1559 2384 firmamentum
1574 2354 1607 2382 in
1623 2353 1677 2382 illo
1693 2351 1764 2383 teste
1781 2350 1937 2392 posuisses.
1959 2351 2009 2382 sed
2020 2354 2126 2383 homi-

1172 2406 1245 2427 nem
1261 2396 1296 2426 ab
1313 2405 1351 2425 ne
1372 2396 1435 2425 otio
1454 2393 1597 2424 abducere
1613 2393 1749 2424 noluisti.
1773 2403 1917 2434 magnum
1927 2402 1986 2424 erat
1995 2395 2024 2424 ei
2037 2401 2128 2424 certa-

1173 2449 1234 2467 men
1253 2447 1347 2478 propo
1361 2446 1437 2466 itum
1451 2456 1459 2469 ‚
1480 2445 1587 2476 magna
1603 2446 1675 2466 curn
1691 2437 1802 2466 Graecis
1820 2437 1992 2465 contentio:
2011 2437 2064 2476 qui
2084 2445 2127 2467 ta-

1175 2490 1248 2510 men
1259 2499 1268 2513 ,
1289 2488 1321 2509 ut
1330 2480 1439 2518 opinor
1448 2497 1457 2511 ,
1474 2478 1572 2517 jacent
1582 2476 1668 2507 vieti.
1691 2487 1762 2508 nam
1773 2475 1827 2507 iste
1839 2486 1916 2507 unus
1925 2485 2018 2507 totam
2028 2475 2128 2508 Afiam

1174 2520 1384 2564 magnitudine
1399 2520 1600 2561 poculorum,
1620 2519 1812 2561 bibendoque
1830 2518 1983 2560 superavit.
2011 2519 2068 2552 Sed
2086 2527 2130 2550 ta-

2056 2570 2132 2593 men

218 2682 228 2700 1
237 2693 242 2699 .
260 2677 285 2698 Si
295 2673 444 2699 hereditatem
452 2676 609 2707 inprovincia
618 2683 662 2699 mn
673 2673 820 2708 reliquerit]
850 2673 894 2701 Est
905 2672 972 2699 istud
984 2672 1010 2700 in
1022 2674 1048 2699 S.
1058 2671 1131 2698 Vist.

177 2709 206 2736 in
218 2711 298 2736 Grut.
310 2709 336 2734 in
347 2709 470 2735 Palatinis
480 2710 545 2735 otto
558 2729 565 2741 ,
584 2710 610 2736 in
622 2709 744 2736 omnibus
761 2708 876 2745 denique
896 2708 1059 2736 editionibus
1068 2717 1133 2735 avo-

179 2754 239 2771 rum
251 2753 406 2781 patrumque
416 2754 472 2771 :evo
482 2745 560 2772 natis.
581 2745 724 2772 Lambinus
734 2744 938 2781 priinum5quod
949 2743 1088 2771 invenisset
1099 2744 1133 2770 li-

179 2780 262 2807 brum
274 2781 299 2807 in
313 2790 366 2816 quo
376 2790 426 2807 non
438 2790 495 2807 corii
516 2788 601 2808 areret
612 2781 745 2817 negativa,
756 2780 886 2808 divinavit
898 2800 906 2813 ,
915 2783 1073 2814 inprovincia
1083 2789 1135 2806 cre-

179 2820 245 2842 ·nrit
256 2826 264 2847 ',
284 2815 354 2852 quod
365 2816 486 2844 omnibus
497 2821 503 2843 i
519 2818 582 2843 atini
594 2817 677 2844 visum
688 2816 740 2844 tuit
752 2817 897 2853 genuinum
910 2835 919 2850 ,
937 2817 1016 2843 etiam
1027 2816 1134 2843 Guliel-

182 2852 250 2879 mio.
276 2851 325 2878 Sed
337 2851 401 2879 cedo
412 2853 476 2879 milii
488 2863 558 2885 eum,
570 2853 665 2889 quaeso,
676 2853 805 2886 codicem,
816 2854 860 2889 qui
871 2851 993 2890 praefcrat
1003 2855 1028 2878 1'n
1034 2854 1135 2885 provin-

181 2891 221 2914 cis
231 2890 350 2922 reliquerit
360 2900 367 2920 ,>
378 2887 529 2915 dest-endam
541 2889 611 2915 forte
625 2890 651 2916 in
663 2889 818 2916 sententiam
827 2889 950 2916 aliorum.
969 2889 1078 2916 interim
1088 2887 1135 2915 ad-

182 2924 287 2950 haercbo
300 2924 412 2958 vulgata:
423 2934 430 2953 ;
442 2924 582 2951 admodum
596 2925 763 2959 nieojuclicio
773 2932 884 2962 argutae.

221 2969 248 2986 ι.
268 2963 301 2986 At
311 2961 474 2985 Falcidianum
484 2964 569 2986 crimen
579 2964 613 2987 ef}
622 2964 714 2994 ingens.
734 2963 831 2988 ‘talenta
838 2960 1038 2995 quinquaginta]
1060 2960 1136 2986 Hanc

184 2993 314 3021 suminam
333 2998 443 3028 nonginta
455 2996 519 3028 [ψει
527 2998 561 3021 tia
580 3004 656 3023 vocat
673 2997 756 3032 capite
775 2997 892 3033 sequenti
904 3007 910 3024 ε
932 2999 979 3025 <At
990 2997 1087 3030 ftuflm
1099 2997 1136 3027 isti

183 3032 355 3059 Trallianorum
368 3050 375 3062 ‚
385 3032 434 3062 &tn
455 3032 575 3056 Falcidius·
585 3039 671 3057 emerat
682 3042 716 3058 Hs
723 3052 728 3058 .
737 3033 853 3066 nongentis
863 3034 965 3059 millibus
975 3051 983 3064 ,
993 3033 1044 3063 dre.
1065 3033 1100 3057 Er
1121 3041 1138 3056 o

184 3067 324 3094 Mauricius
343 3067 430 3102 iuquit
443 3085 451 3097 ,
469 3069 568 3092 ‘Tai'enm
575 3071 750 3101 qulnquagima
761 3087 769 3099 ,
790 3068 949 3095 scutatorum
970 3068 1080 3103 triginta
1102 3076 1135 3093 ex

183 3102 270 3129 millia
281 3122 289 3134 ,
308 3102 335 3129 id
346 3102 382 3131 est
395 3121 402 3133 ,
412 3101 558 3129 sestertium
575 3111 707 3138 nongenta
719 3103 802 3131 millia
813 3124 821 3136 ,
837 3113 866 3131 ut
877 3103 964 3132 infra:
986 3103 1136 3143 statimque,

180 3145 349 3168 naneae.
368 3138 469 3169 talenta
477 3138 670 3178 quinquaginta
687 3138 763 3176 supra
778 3140 924 3169 nominata.
945 3138 1138 3170 Sedistaeiuni-

1174 2680 1223 2698 ma:
1234 2680 1399 2707 nequaquam
1419 2669 1593 2697 conveniunt.
1613 2670 1686 2696 Nam
1696 2667 1795 2696 talenta
1812 2667 2003 2705 quinquaginta
2020 2668 2079 2695 sunt
2089 2666 2130 2695 se-

1173 2707 1294 2734 stertium
1304 2707 1446 2734 duodecies
1461 2725 1470 2738 ,
1490 2705 1650 2733 stutatorum
1671 2706 1782 2740 triginta
1799 2705 1899 2731 millia:
1922 2711 2056 2740 nongenta
2067 2712 2130 2730 vero

1174 2742 1289 2770 sestertia
1299 2742 1358 2771 sunt
1368 2743 1468 2771 talenta
1486 2742 1597 2778 triginta
1607 2741 1704 2777 septem
1724 2750 1782 2767 cum
1795 2741 1906 2775 triginta
1916 2740 1994 2766 minis
2006 2759 2015 2772 ‚
2033 2739 2129 2766 scutati

1176 2779 1270 2814 viginti
1288 2778 1342 2806 duo
1361 2779 1445 2806 millia
1463 2778 1614 2814 quingenti.
1635 2778 1706 2813 Ergo
1724 2777 1766 2802 hie
1784 2775 1948 2803 scribendum
1967 2775 2022 2807 est,
2040 2777 2134 2801 talenta

1175 2816 1348 2850 quadraginta.
1371 2816 1409 2843 Ea
1418 2814 1563 2842 sestertium
1575 2813 1634 2840 sunt
1646 2820 1778 2848 nongenta
1787 2811 1923 2848 sexaginta
1931 2810 2015 2837 millia
2026 2829 2035 2842 ‚
2044 2810 2130 2837 stuta-

1177 2859 1265 2879 toi-uin
1279 2852 1374 2887 viginti
1392 2858 1506 2887 quatuor
1524 2850 1625 2876 millia:
1647 2848 1690 2875 sed
1701 2848 1836 2884 sexaginta
1853 2847 1939 2874 millia
1951 2845 2060 2874 silentur
2071 2865 2080 2879 ‚
2100 2853 2132 2875 ut

1177 2887 1276 2914 stimma
1289 2887 1319 2914 fit
1330 2886 1453 2914 rotunda.
1473 2889 1575 2912 Gronov.
1594 2884 1627 2910 de
1637 2884 1767 2911 Sestertiis
1779 2892 1838 2919 pag.
1852 2891 1919 2916 ²²5·

1214 2931 1241 2959 3.
1264 2926 1292 2948 Ut
1302 2933 1352 2949 eam
1356 2925 1493 2956 pecuniam,
1502 2930 1603 2956 quacum
1613 2922 1751 2954 trajecere-t,
1763 2919 1831 2953 &e.]
1852 2916 1937 2945 Ausus
1948 2917 2003 2945 sum
2015 2918 2131 2956 recipere

1178 2958 1389 2986 emendationem
1403 2957 1515 2985 Palatini
1533 2957 1607 2983 tertii
1617 2957 1644 2982 in
1654 2965 1707 2991 quo
1716 2956 1787 2990 prius
1799 2954 1886 2981 fuerat
1900 2974 1908 2986 ,
1926 2963 1975 2989 qua
1992 2957 2132 2988 coriirajeca-

1179 3002 1236 3020 rari
1253 2995 1374 3022 omnibus
1393 2995 1463 3021 enim
1481 2992 1588 3030 patescit
1606 3000 1661 3024 ejus
1680 2991 1795 3017 vei-itas:
1817 2992 1832 3017 :i
1843 2999 1894 3025 qua
1902 2998 1993 3026 parum
2003 2998 2079 3017 antea
2088 2989 2131 3016 di-

1179 3030 1278 3058 stabant
1288 3032 1369 3059 ceteri
1381 3030 1447 3057 Pall.
1458 3030 1523 3056 item
1533 3029 1560 3056 S.
1570 3027 1683 3054 Vitiorii
1694 3046 1702 3056 ,
1714 3027 1880 3061 aliorumque
1893 3045 1899 3054 .
1910 3035 1981 3060 quam
1991 3028 2132 3061 contrajcce-

1180 3074 1267 3092 rat-ex
1278 3067 1373 3102 quibus
1384 3065 1546 3093 Gulielmius
1557 3063 1675 3098 alioquin
1686 3062 1751 3088 hauc
1761 3061 1875 3089 nostram
1885 3061 2027 3088 dirinarat.

1214 3109 1242 3134 4.
1261 3105 1310 3128 Dat
1319 3104 1347 3129 de
1353 3103 1444 3139 lucro-3
1462 3103 1534 3130 Bene
1544 3099 1661 3137 explicat
1669 3098 1794 3135 ciijacius
1804 3096 1920 3127 trastatu
1932 3106 1992 3126 iix.
2009 3095 2043 3124 ad
2051 3094 2133 3124 Afri-

1179 3146 1284 3167 cauum.

2003 3170 2130 3203 thgut,

2183 127 2258 222 f
2292 231 2295 249 ἶ

2222 313 2239 330 vV
