2379 3400
182 1193 191 1217 1
204 1194 221 1217 2
237 1188 347 1216 manda
358 1186 408 1216 est.

229 131 349 177 1142
606 107 671 152 M.
763 101 1126 147 Tunnt1

227 199 268 228 53(
279 200 344 225 5403
354 196 512 229 anagninis
524 205 531 219 ‚
551 186 644 224 pluris
656 183 684 212 se
695 190 796 220 putare
808 199 817 213 .
836 179 926 218 quam
940 174 1102 221 mundum.
1125 174 1166 220 {lt

228 238 301 268 iliud
314 245 374 264 nou
386 232 478 261 modo
491 237 551 257 non
561 232 722 264 arrogantis
732 242 742 255 ‚
759 221 808 251 sed
823 218 922 260 potius
932 216 1107 258 prudentis,
1127 223 1175 244 in—

228 280 355 318 telligere
375 275 403 304 se
420 272 527 300 babere
548 266 710 298 ¹sensum,
732 264 765 293 Bc
782 264 930 291 rationem
952 271 961 293 ι
992 259 1053 288 haec
1071 255 1175 287 eadem

228 322 370 348 ormnem
383 333 392 346 ,
412 313 443 342 8:
455 308 631 340 Caniculam
646 315 709 335 non
721 304 838 335 habere.
863 305 901 333 Et
912 321 921 334 ,
936 310 964 330 st
980 308 1088 330 pomus
1100 307 1177 329 eux.-

229 368 322 388 ουιιιι
337 366 387 385 sia·
400 375 409 387 ,
422 352 625 389 mrelhglmus
635 357 699 377 earn
711 344 969 383 dominis,inquit
980 361 989 376 ‚
999 339 1177 371 aedificatam

229 398 304 431 eise,
322 407 385 427 non
405 393 550 424 muribus.
574 389 610 420 sic
628 391 719 429 igitur
736 385 895 417 mundum*
907 386 1034 415 deorum
1047 382 1176 413 domum

228 440 398 470 existimare
417 436 572 465 debemus.
603 433 647 460 Ita
665 429 781 470 prorsus
801 425 1026 459 existimarem,
1048 423 1069 454 si
1087 424 1176 455 illum

229 480 405 512 aedificatum
418 498 425 510 ‚
448 485 511 505 non
520 494 528 507 ,
542 470 802 514 quemadmodum
813 468 930 499 docebo
941 488 950 501 ‚
967 467 984 498 Ta
993 476 1095 498 natura
1103 475 1179 497 con-

229 524 389 554 formatum
400 526 544 559 putarem.
588 518 627 544 At
639 516 723 543 enim
737 513 842 553 quaerit
849 510 928 551 apud
939 509 1178 549 Xenophontem

229 569 360 597 Socrates
371 583 379 594 .
399 559 478 590 unde
495 559 627 588 animam
645 556 858 595 arripuerimus
873 572 882 586 ‚
901 550 922 582 fi
941 552 1023 582 nulla
1040 550 1131 580 fuerit
1148 550 1182 579 in

231 606 358 637 mundo.
383 606 419 633 Et
433 611 485 642 ego
499 608 598 641 quaero
608 618 617 631 ,
637 596 716 627 unde
726 597 896 626 orationem
907 614 915 628 ‚
934 593 1014 624 unde
1025 600 1180 624 numeros,

234 648 312 678 unde
321 654 433 676 cantus.
457 641 520 672 Nili
539 639 609 670 vero
630 640 715 680 loqui
735 638 830 668 solem
848 645 919 667 cum
939 636 1009 666 luna
1022 642 1180 675 putamus,

231 691 303 721 crim
324 685 444 728 propius
462 680 626 715 accesserit,
643 690 694 711 aut
707 679 746 710 ad
764 680 955 709 harmoniam
970 686 1074 708 canere
1094 685 1182 706 mun-

234 733 305 762 dum
318 750 326 763 ‚
348 738 379 758 ut
397 727 572 766 Pythagoras
588 722 749 753 existimat.
772 723 893 751 Naturae
905 719 958 750 ista
975 719 1043 750 sunt
1056 738 1064 751 ,
1086 717 1184 750 Balbe,

235 781 342 803 mrurm
354 779 416 799 non
424 765 585 797 arunciose
595 764 777 795 ambulantis
787 783 797 797 ,
817 771 849 793 ut
859 765 899 792 ait
909 762 994 792 Zeno
1006 780 1013 795 ,
1027 759 1107 801 quod
1118 761 1186 799 qui-

235 816 302 845 dem
314 812 398 852 quale
412 809 446 839 sit
457 829 465 841 .
486 810 546 845 iam
557 807 730 837 videbimus
741 825 750 839 ,
768 804 816 835 sed
828 806 932 834 omnia
940 805 1046 834 cientis
1057 822 1065 835 ‚
1085 801 1118 831 ὅτ.
1127 803 1186 840 agi-

234 865 321 886 tantis
335 852 467 882 motibus
477 871 486 884 ,
502 850 534 880 &
545 847 764 879 mutationibus
774 847 846 877 suis.
867 848 968 886 Itaque
978 845 1030 874 illa
1040 844 1117 873 mihi
1127 843 1187 882 pla-

234 897 316 927 cebat
327 896 423 925 oratio
436 893 471 922 de
482 892 695 922 convenientia
705 909 714 922 ‚
732 888 939 928 consensuque
949 895 1058 916 naturae
1070 905 1078 919 ,
1097 893 1188 925 quam

234 936 314 979 quasi
334 936 512 976 cognatione
532 934 738 964 continuatam
761 930 929 969 conspirare
950 928 1078 958 dicebas.
1107 925 1187 956 Illud

235 989 298 1010 non
308 977 466 1017 probabam
479 996 488 1008 ,
507 973 590 1015 quod
602 974 727 1015 negabas
738 972 768 1002 id
781 971 911 1002 accidere
925 968 1052 1010 potuisse
1063 988 1072 1002 ‚
1093 966 1148 998 nisi
1158 977 1190 997 ea

235 1031 300 1050 uno
317 1020 426 1050 divino
445 1018 548 1056 spiritu
566 1019 804 1046 continerentur.
826 1013 881 1043 nia
896 1010 968 1044 verb
986 1012 1133 1043 cohaeret,
1155 1008 1188 1039 &

235 1070 390 1102 permanet
408 1068 511 1088 ’mrum
529 1056 658 1091 viribus,
680 1066 745 1086 non
755 1055 899 1085 deorum:
917 1053 1019 1094 estque
1037 1055 1068 1082 in
1085 1061 1118 1082 ea
1137 1050 1189 1081 iste

236 1103 318 1144 quasi
325 1102 462 1142 consensum
473 1119 482 1134 ,
494 1109 585 1141 quam
597 1098 741 1130 σι’μπίιόεικυ
750 1098 848 1128 Graeci
858 1104 982 1127 vocant:
1002 1094 1051 1125 sed
1062 1103 1095 1124 ea
1105 1112 1114 1126 ,
1130 1102 1191 1133 quo

238 1147 286 1176 sua
306 1146 408 1184 sponte
423 1143 520 1181 major
532 1140 573 1171 est
584 1160 593 1174 ‚
612 1149 649 1170 eo
659 1138 764 1170 minus
773 1138 876 1169 divina
886 1140 1000 1168 ratione
1011 1135 1074 1165 fieri
1085 1133 1191 1165 existi-

454 1184 509 1215 lua
518 1191 619 1213 autem
630 1200 639 1215 ‚
659 1191 726 1222 quae
736 1179 900 1211 Carneades
910 1177 1064 1210 afferebat,
1087 1185 1192 1217 quern-

235 1228 400 1259 admodum
418 1224 599 1256 diss'olvitis?
620 1227 656 1254 δι
675 1232 814 1253 nannum
832 1230 938 1261 corpus
955 1220 1127 1249 immortale
1146 1215 1191 1249 fit,

238 1271 359 1300 nullum
368 1267 426 1299 effe
436 1276 545 1308 corpus
556 1266 785 1305 sempiternum.
806 1272 915 1303 corpus
926 1270 1026 1292 autem
1037 1262 1193 1290 immorta-

239 1313 266 1342 le
278 1311 396 1341 nullum
407 1307 466 1339 effe
476 1329 485 1341 .
506 1317 544 1338 ne
554 1306 750 1337 individuum
762 1305 886 1346 quidem
897 1323 905 1338 ,
921 1313 977 1333 nec
985 1302 1067 1344 quod
1076 1302 1193 1333 dirimi,

237 1352 397 1384 distrahive
419 1359 484 1381 non
501 1348 597 1390 poffit.
629 1351 768 1389 Cumque
789 1356 884 1376 omne
904 1345 1016 1376 animal
1039 1342 1195 1384 patibilem

238 1403 372 1426 mturam
385 1393 496 1426 habeat,
509 1391 628 1422 nullum
640 1389 683 1421 est
692 1398 798 1419 eorum
807 1408 816 1422 ,
827 1387 911 1429 quod
919 1384 1041 1428 effugiat
1047 1386 1196 1425 accipien-

238 1438 270 1467 di
280 1437 319 1466 ali
344 1435 395 1465 uid
407 1434 612 1466 extrinsecus.
632 1432 662 1462 id
679 1430 742 1466 est,
761 1429 846 1471 quasi
862 1429 1000 1462 ferendi,
1021 1425 1199 1467 &patiendi

240 1488 314 1509 nece
340 1485 450 1507 itatem.
475 1479 531 1509 Et,
551 1485 584 1505 ει
599 1482 697 1504 ῡΜΝε
713 1472 825 1503 animal
846 1471 972 1501 mortale
986 1469 1048 1503 est,
1068 1471 1199 1501 immor—

241 1521 299 1550 mle
308 1519 430 1548 nullum
440 1516 492 1548 est.
515 1521 530 1537 ²
542 1519 620 1556 Ergo
633 1514 654 1545 fi
666 1514 773 1545 itidem
785 1522 879 1544 omne
889 1512 1003 1543 animal
1012 1512 1101 1541 secari
1109 1520 1143 1540 ac
1152 1509 1198 1539 di—

246 1558 435 1599 vidipotest,
453 1559 575 1588 nullum
583 1556 627 1587 est
635 1565 742 1586 eorum
753 1555 948 1585 individuum
958 1572 967 1586 ‚
982 1553 1103 1582 nullum
1114 1559 1198 1581 aiter-

245 1610 334 1632 uum.
358 1601 450 1640 Atqui
459 1609 554 1629 omne
562 1598 675 1628 animal
684 1597 720 1626 ad
736 1596 939 1636 accipiendam
957 1597 1021 1624 vim
1033 1600 1200 1623 exrernanh

193 1644 196 1646 “
245 1643 281 1673 &
290 1641 444 1671 ferendam
455 1648 586 1680 paratum
602 1637 653 1668 est.
677 1638 802 1667 mortale
812 1638 902 1676 igitur
911 1644 1004 1666 omne
1014 1633 1126 1665 animal
1139 1652 1148 1666 ,
1167 1632 1200 1662 δι’.

247 1681 437 1715 dissolubile,
457 1681 492 1711 &
507 1680 670 1711 dividuum
688 1677 723 1709 fit
739 1677 854 1709 necesse
874 1676 927 1707 est.
958 1679 1001 1707 Ut
1022 1677 1105 1706 enim
1121 1695 1131 1709 ‚
1160 1684 1173 1703 s
1186 1684 1197 1703 1

245 1735 267 1756 ο
276 1734 303 1754 M
314 1733 334 1754 N
348 1733 359 1753 1
369 1733 382 1752 s
393 1732 459 1753 ceta
466 1721 692 1752 commutabilis
702 1719 772 1750 effer
781 1739 789 1753 ‚
802 1720 878 1750 nibil
888 1717 958 1749 ess'et
967 1727 1087 1749 cereum
1097 1736 1106 1750 ‚
1118 1714 1199 1756 quod

248 1766 427 1797 commutari
437 1773 499 1793 non
510 1761 615 1803 poffet:
624 1764 696 1792 item
708 1761 786 1792 nibil
795 1760 1200 1802 argenteummihiiaeneum,

243 1806 266 1838 fi
286 1805 512 1837 commutabilis
525 1803 598 1834 efl'et
608 1812 710 1833 natura
721 1804 832 1843 argenti
846 1802 878 1832 &
894 1802 973 1831 aeris.
996 1799 1134 1830 similiter
1147 1799 1202 1838 igi-

246 1857 294 1879 tur
305 1868 314 1882 ,
334 1847 353 1877 si
367 1849 490 1879 omnia,
508 1855 576 1886 quae
586 1846 672 1878 sunt,
692 1844 709 1873 ὲ
719 1843 829 1914 quibus
840 1841 947 1872 euoch
956 1841 1092 1871 constant
1102 1860 1111 1874 ‚
1131 1849 1200 1869 mu-

247 1890 346 1921 tabilia
355 1889 440 1919 sunt:
459 1888 578 1917 nullum
590 1895 696 1925 corpus
705 1894 721 1914 e
747 1895 762 1914 e
771 1883 868 1924 potest
877 1892 943 1913 non
953 1882 1109 1912 mutabile.
1131 1890 1199 1910 mu-

246 1932 348 1961 tabilia
356 1939 456 1960 autern
467 1929 594 1959 suntilla
605 1947 613 1961 2
635 1937 674 1957 ex
687 1926 797 1967 quibus
809 1928 916 1956 omnia
926 1923 1064 1955 constant
1074 1942 1083 1957 ‚
1103 1932 1135 1953 ut
1146 1932 1200 1952 vo-

248 1973 293 2003 bis
301 1972 428 2002 videtur.
451 1981 545 2001 omne
559 1971 648 2011 igitur
659 1977 764 2008 corpus
776 1987 784 2001 ‚
805 1967 949 1997 mutabile
960 1965 1013 1997 est.
1039 1969 1077 1996 At
1093 1964 1114 1995 si
1131 1962 1201 1995 esset

248 2023 355 2053 corpus
366 2013 488 2054 aliquod
503 2011 674 2042 immortale
685 2029 694 2044 ,
715 2019 780 2040 non
795 2007 867 2039 ess‘et
875 2017 968 2039 omne
979 2007 1137 2038 mutabile.
1160 2008 1199 2035 ita

251 2054 382 2086 efficitur
392 2075 401 2089 ,
423 2064 456 2085 ut
465 2064 556 2084 omne
563 2061 671 2093 corpus
694 2051 821 2082 mortale
831 2049 873 2080 fit.
896 2050 1010 2080 etenim
1021 2059 1099 2079 omne
1109 2055 1202 2088 corpus

250 2105 304 2127 aut
311 2107 389 2138 aqua
398 2116 408 2130 ,
420 2104 475 2126 aut
483 2096 532 2124 aer
541 2117 551 2130 ‚
563 2102 617 2124 aut
630 2095 700 2135 ignis
708 2113 717 2127 ,
727 2101 781 2123 aut
789 2100 865 2123 terra
873 2091 916 2121 eff
929 2111 939 2126 ,
947 2099 1003 2121 aut
1011 2092 1043 2121 s'd
1053 2112 1062 2124 ,
1077 2090 1151 2132 quod
1159 2088 1203 2118 eff

247 2146 403 2168 sonci-etum
416 2149 449 2167 ex
463 2139 500 2167 hu
512 2157 522 2171 ,
541 2145 591 2167 aut
600 2146 638 2167 ex
646 2137 744 2176 aliqua
754 2143 832 2175 parte
844 2144 959 2164 eorum.
983 2135 1092 2164 horum
1103 2140 1203 2162 autem

251 2181 328 2210 nihil
338 2179 382 2210 est
390 2200 398 2214 ‚
418 2181 492 2221 quin
503 2182 634 2209 intereat.
657 2187 729 2208 narn
739 2177 772 2208 δι
781 2185 934 2207 terrenum
944 2185 1037 2206 omne
1047 2174 1204 2206 dividitur,

250 2223 285 2252 &
304 2223 415 2252 humor
434 2226 474 2252 ita
493 2221 595 2250 mollis
615 2219 675 2254 est,
696 2218 831 2249 utfacilis
841 2219 1025 2258 comprimi,
1040 2215 1207 2255 collidique

251 2262 346 2304 poffit.
369 2265 448 2305 iguis
459 2272 532 2293 vero
545 2283 554 2296 ,
572 2262 606 2292 &
615 2263 663 2292 a'e'r
672 2262 760 2292 omni
771 2260 903 2301 impulsu
915 2259 1061 2290 facillime
1072 2257 1205 2298 pellitur,

252 2314 411 2346 naturaque
431 2304 538 2335 cedens
559 2303 603 2338 cst
619 2303 754 2334 maxime
773 2322 782 2337 ,
813 2302 847 2333 &
864 2299 1046 2341 diffipabilis.
1070 2308 1208 2340 praeterea

253 2348 358 2377 omnia
367 2349 428 2377 haec
439 2355 504 2377 tum
515 2349 682 2378 intereunt,
699 2344 772 2374 clim
787 2346 819 2373 in
831 2352 967 2374 naturam
975 2343 1065 2373 aliam
1076 2349 1206 2371 conver—

253 2397 355 2418 tuntur
367 2399 373 2417 ·.
389 2388 470 2429 quod
480 2386 530 2422 fit,
548 2387 621 2418 cum
632 2395 704 2417 terra
715 2387 747 2415 in
757 2394 864 2426 aquam
875 2385 903 2414 se
914 2385 1001 2415 vertit
1011 2403 1020 2418 ,
1041 2384 1073 2413 δε
1085 2382 1156 2413 cum
1168 2391 1206 2411 ex

253 2440 325 2470 aqua
337 2432 431 2460 oritur
440 2431 489 2460 a'e'r
498 2449 507 2464 ‚
527 2430 560 2459 δε
571 2429 642 2459 cnm
653 2437 691 2458 ex
700 2429 766 2458 a'e're
777 2427 870 2456 aether
879 2445 889 2459 ,
905 2434 1034 2465 cumque
1045 2424 1147 2455 eadem
1159 2423 1206 2453 vi-

253 2470 347 2502 ciffirri
367 2471 444 2501 retro
463 2478 646 2502 commeant.
669 2468 761 2510 de
780 2467 800 2498 si
813 2475 848 2498 ea
861 2470 1007 2498 intereant
1017 2487 1025 2500 ,
1045 2475 1084 2496 ex
1097 2465 1206 2507 quibus

255 2512 368 2544 constet
387 2523 480 2543 omne
497 2512 629 2546 animal,
647 2512 768 2542 nullum
789 2508 835 2541 est
846 2510 960 2542 animal
975 2508 1203 2549 sempiternum.

259 2557 311 2588 Et,
327 2564 358 2584 ut
372 2556 434 2586 haec
443 2557 619 2585 omittamus
629 2573 637 2588 ,
653 2562 754 2584 tamen
768 2559 909 2583 ANJMAL
923 2559 1065 2581 NuLLuM
1076 2549 1207 2579 inveniri

257 2595 351 2636 potest
364 2616 372 2630 ,
390 2597 470 2637 quod
489 2605 585 2637 neque
603 2603 706 2626 natum
718 2603 862 2635 umquam
873 2591 907 2624 sit
918 2613 925 2626 ‚
948 2593 981 2623 &
994 2592 1108 2632 semper
1119 2588 1208 2621 fitfu·

257 2646 365 2666 turum.
390 2648 482 2668 omne
502 2641 586 2668 enim
605 2636 718 2668 animal
738 2635 839 2667 sensus
856 2635 955 2666 habet.
979 2634 1167 2674 sentitigitur
1177 2632 1210 2663 &

258 2678 369 2712 calida,
390 2679 424 2709 ὃς
439 2679 561 2719 frigida.
582 2679 743 2712 &dulcia,
764 2678 797 2709 δε
810 2687 906 2708 amara
919 2696 927 2710 ‚
958 2685 1013 2707 nec
1030 2673 1127 2716 potest
1145 2675 1210 2705 ullo

264 2719 345 2749 sensu
356 2721 362 2755 j
368 2720 482 2751 ucunda
491 2722 620 2760 accipere
630 2740 639 2754 ,
656 2721 689 2750 &
698 2729 762 2750 non
772 2722 903 2759 accipere
912 2720 1068 2749 contraria.
1091 2716 1211 2759 frigitur

263 2761 419 2804 voluptatis
430 2763 545 2792 sensum
557 2765 652 2802 capit,
672 2762 788 2792 doloris
804 2764 896 2791 etiam
913 2762 1011 2801 capit,
1031 2758 1211 2801 quodantem

262 2800 376 2830 dolorem
385 2805 488 2844 accipit
496 2823 505 2838 ,
517 2804 546 2832 id
555 2805 678 2846 accipiat
687 2804 775 2833 etiam
786 2803 934 2834 inreritum
943 2802 1040 2841 necess?
1048 2800 1102 2832 eff.
1118 2808 1212 2834 omne

307 2954 316 2972 ι
325 2966 330 2972 .
347 2947 440 2986 Sensunr
455 2948 488 2986 ὠ·-
500 2951 627 2982 ηιῐίοηυης
644 2952 688 2975 baec
705 2951 783 2976 cadem
792 2953 895 2977 Orionem
911 2951 942 2982 ὼ
957 2951 1099 2976 caniculam
1107 2957 1153 2976 mn
1162 2951 1209 2976 ha-

263 2982 342 3014 bere]
355 2981 474 3012 Admisi,
485 2991 619 3010 inventum
635 2987 650 3011 'a
665 2986 695 3011 1‘.
707 2987 828 3014 Manutio
837 2987 864 3014 'in
880 2986 948 3013 libro
959 2986 1056 3021 scripto
1068 3005 1075 3017 ,
1086 2989 1211 3019 orionem,-

267 3013 339 3060 quod
349 3017 373 3043 ei
381 3016 530 3044 alluderent
539 3020 645 3046 omnino
658 3020 723 3047 i’ail.
736 3022 762 3048 ‘in
774 3022 868 3057 quibus
878 3022 1000 3050 omnibus
1012 3022 1118 3056 ‚sensum
1126 3023 1155 3052 ὃν
1168 3031 1213 3047 ra-

265 3058 348 3085 gonem
359 3061 367 3082 ς
383 3054 430 3081 hac
438 3054 515 3094 eadem
523 3057 683 3096 orationem&
691 3058 842 3090 Caniculam,
851 3060 903 3090 ὀνο.
921 3067 980 3085 cuin
991 3057 1111 3093 alioquin
1123 3057 1188 3084 editi
1201 3066 1210 3088 5

257 3088 352 3122 sonsum
361 3089 390 3120 (θ’
399 3095 521 3119 ratu-naun,
530 3087 560 3118 ὁ·
567 3096 701 3120 oram-em,
717 3093 759 3116 haec
768 3094 846 3119 eadem
853 3094 883 3124 ὁ·
892 3095 1036 3120 caniculam.

301 3132 329 3151 ι.
348 3126 408 3158 ⁸⁷3⁰
415 3124 495 3151 itum
506 3142 514 3156 ,
527 3125 550 3160 fi
557 3133 618 3151 omne
626 3127 720 3152 anina!
727 3145 735 3158 ,
753 3127 821 3162 dnn]
841 3129 884 3157 Est
895 3130 910 3157 a
922 3129 989 3161 Pau.
1008 3130 1073 3158 item
1084 3129 1116 3157 Ρ.
1126 3137 1213 3165 neque

1219 92 1769 138 CrenRoN'rs

1210 173 1302 214 igitur
1315 171 1428 202 animal
1444 168 1652 201 confitendum
1667 170 1710 202 est
1727 170 1784 203 eme
1800 173 1941 205 mortale.
1963 174 2123 207 Praeterea,
2133 171 2167 204 fi

1211 213 1283 256 quid
1296 213 1358 248 est,
1378 211 1461 254 quod
1476 221 1531 242 nec
1543 212 1729 251 voluptatem
1743 213 1845 253 sentiat
1856 235 1866 250 ,
1887 225 1943 246 nec
1955 215 2092 245 dolorem
2103 233 2112 249 ‚
2133 212 2168 246 id

1211 256 1322 287 animal
1333 253 1470 286 effe-non
1485 253 1592 294 potest.
1612 252 1659 283 [ιη
1667 256 1859 299 autemquod
1869 257 1981 288 animal
1990 256 2051 291 est,
2072 256 2102 287 id
2114 255 2167 288 iii·

1213 295 1399 330 necess'eess‚
1420 296 1539 327 sentiat:
1558 295 1593 326 &t
1605 295 1693 336 ‘quod
1713 300 1747 327 eu
1762 297 1887 333 sentiae,
1906 308 1971 330 non
1990 297 2087 340 potest
2105 294 2167 328 effe

1212 348 1356 372 aternum
1366 349 1372 369 ε
1388 338 1422 369 &
1431 346 1526 368 omne
1535 337 1647 368 animal
1655 337 1746 368 sentit
1752 339 1897 370 inunum
1909 343 1998 383 igitur
2004 340 2115 371 animal
2125 337 2169 370 est

1214 390 1370 414 aeternum.
1401 383 1542 412 Praeterea
1559 388 1698 410 nunnus«
1717 388 1836 410 vorm
1849 384 1933 412 tssz'
1946 391 2086 413 minan
2101 401 2110 416 ‚
2136 383 2171 411 in

1213 433 1274 466 quo
1284 432 1347 454 non
1357 422 1390 453 &
1398 424 1543 462 appetitio
1553 420 1587 452 sit
1596 440 1606 455 ,
1616 421 1651 452 δε
1659 421 1823 452 declinatio
1832 423 1982 454 naturalis.
1992 430 2172 465 appetuntur

1213 475 1312 497 autem
1323 463 1565 505 quaesecundurn
1576 470 1710 494 naturam
1722 463 1789 494 sunt
1799 482 1808 498 ‚
1819 464 2006 496 declinantur
2015 466 2170 496 contraria:

1215 509 1248 539 &
1259 516 1353 538 omne
1370 506 1483 537 animal
1501 507 1613 546 appetit
1627 504 1764 546 quaedam
1778 525 1786 539 ,
1806 505 1839 536 δι’.
1854 505 1931 547 fugit
1947 504 1963 536 ὲ
1980 507 2170 547 quibusdam.

1215 549 1305 591 Qod
1322 556 1421 579 autem
1442 546 1569 588 refugit,
1590 547 1622 577 id
1639 556 1742 578 contra
1760 557 1895 578 naturam
1913 546 1974 578 est:
1996 548 2119 589 &quod
2129 547 2172 579 est

1215 600 1318 623 contra
1327 599 1460 620 naturam
1472 609 1479 623 ‚
1491 589 1523 619 id
1534 589 1622 619 habet
1629 591 1695 619 vim
1705 589 1911 620 interimendi.
1925 598 2020 620 omne
2027 594 2097 630 ergo
2107 591 2174 622 ani-

1219 634 1278 663 mal
1300 635 1424 662 intereat
1443 630 1560 662 necess‘e
1573 629 1624 661 est.
1647 632 1888 662 Innumerabilia
1904 631 1990 665 sunt,
2009 640 2048 661 ex
2065 631 2175 672 quibus

1219 674 1297 706 effici
1308 695 1317 707 ‚
1327 675 1453 715 cogique
1463 671 1549 713 poffit
1557 692 1566 707 ,
1579 672 1742 707 nihileffe‚
1753 673 1839 714 quod·
1845 673 1863 704 s
1858 673 1964 704 ensum
1975 673 2089 706 habeat.
2097 674 2174 714 quin

1220 718 1249 748 id
1260 719 1393 747 intereat.
1415 717 1530 746 etenim
1549 725 1582 745 ea
1599 715 1677 755 ipsa,
1697 724 1763 756 qua:
1778 715 1963 749 sentiuntur,
1984 718 2002 743 3·
2018 723 2050 745 ut
2067 713 2173 759 frigus,

1223 760 1255 789 ὃς
1264 759 1344 789 calor
1352 778 1360 792 ,
1373 766 1405 788 ut
1416 757 1553 798 voluptas
1563 776 1572 790 ‚
1582 756 1616 787 δε
1625 756 1713 788 dolor
1722 776 1730 791 ‚
1743 764 1776 788 ut
1784 766 1878 788 cetera
1887 777 1895 791 ,
1905 757 2000 788 4cum
2011 757 2178 798 amplitica-

1221 801 1344 834 tasum,
1356 801 1545 829 interimunt.
1568 809 1624 829 nec
1635 799 1733 829 ullum
1743 799 1856 830 animal
1866 799 1908 830 est
1918 798 1977 829 fine
1987 798 2082 829 sensu.
2107 795 2176 827 nul-

1223 844 1286 873 lum
1302 844 1393 882 igitur
1405 841 1516 871 animal
1529 840 1571 871 est
1581 850 1738 871 aeternum·
1761 843 1883 872 Etenim
1893 850 1942 871 aut
1960 849 2106 871 stmrnnx
2121 848 2177 870 εετ

1224 893 1366 915 NATURA
1381 892 1600 917 ΑΝιΜΛΝτιε,
1619 891 1652 913 ut
1669 883 1718 912 vel
1735 891 1850 913 terrena
1866 881 1899 913 fit
1912 903 1920 916 ,
1940 883 1991 912 vel
2008 884 2111 923 ignea,
2130 879 2180 911 vel

1224 926 1364 957 animalis
1377 944 1385 959 ,
1400 926 1447 955 vel
1457 925 1599 955 humida:
1615 924 1699 965 quod
1708 924 1794 965 quale
1804 923 1855 957 sit,
1870 935 1908 955 ne
1918 924 2047 964 intelligi
2057 922 2181 964 quidem

1224 966 1321 1008 potest
1333 978 1337 996 :
1359 975 1410 997 aut
1420 975 1596 997 concretum
1609 975 1646 996 cx
1657 966 1793 1006 pluribus
1802 968 1915 996 naturis
1925 985 1934 999 ,
1955 974 2082 1007 quarum
2094 965 2183 995 suum

1225 1019 1351 1051 quaeque
1370 1009 1471 1038 locum
1492 1008 1600 1042 habet,
1620 1017 1684 1048 quo
1700 1016 1809 1038 naturae
1825 1011 1857 1037 vi
1873 1007 2025 1038 efferatur:
2045 1007 2102 1037 alia
2112 1004 2185 1036 infi-

1226 1061 1313 1082 mum
1326 1071 1335 1084 ‚
1359 1050 1415 1080 alia
1433 1050 1590 1079 summum
1602 1068 1611 1083 ‚
1634 1050 1690 1079 alia
1708 1049 1857 1079 medium.
1888 1052 1961 1080 Haec
1977 1048 2011 1080 ad
2031 1047 2184 1090 quoddam

1225 1102 1344 1133 tempus
1358 1092 1507 1121 cohaerere
1521 1089 1660 1131 possunt:
1681 1090 1795 1130 semper
1804 1099 1902 1120 autem
1915 1091 2002 1121 nullo
2011 1090 2106 1121 modo
2115 1088 2186 1130 pos-

1225 1135 1300 1165 sunt.
1324 1131 1438 1163 necess'e
1449 1131 1492 1163 est
1501 1134 1586 1162 enim
1599 1151 1609 1165 ,
1629 1132 1716 1162 suum
1726 1141 1852 1172 quaeque
1861 1134 1895 1162 in
1912 1132 2015 1162 locum
2030 1139 2130 1163 natura
2140 1140 2187 1162 ra·

1225 1178 1330 1216 piatur.
1353 1174 1478 1204 nullum
1489 1175 1580 1215 igitur
1589 1174 1701 1204 animal
1714 1173 1758 1204 est
1770 1174 1998 1214 sempiternum.
2021 1173 2071 1204 fied
2079 1174 2186 1203 omnia

1227 1216 1316 1248 vestri
1340 1237 1349 1250 ,
1372 1216 1460 1246 Balbe
1473 1236 1482 1248 ,
1515 1216 1611 1246 solent
1633 1216 1670 1244 ad
1690 1215 1803 1256 igneam
1819 1216 1881 1244 vim
1900 1215 2008 1246 referre
2019 1234 2028 1249 ‚
2053 1214 2188 1245 Heracli-

1230 1269 1294 1290 tum
1305 1279 1314 1292 ,
1327 1267 1359 1289 ut
1370 1259 1479 1298 opinor
1487 1277 1496 1291 ,
1507 1257 1662 1298 sequentes
1673 1268 1680 1287 :
1691 1267 1782 1298 quern
1793 1257 1891 1298 ipsum
1902 1267 1966 1287 non
1976 1265 2085 1288 omnes
2095 1257 2189 1286 inter-

1228 1309 1379 1342 pretantur
1388 1309 1451 1330 uno
1463 1299 1567 1330 modo.
1590 1301 1799 1341 quiquoniam
1808 1318 1818 1333 ,
1836 1299 1909 1340 quid
1920 1298 2033 1330 diceret
2044 1316 2053 1332 2
2072 1296 2189 1329 intelli-

1228 1344 1258 1386 gi
1276 1342 1397 1375 noluit‚
1417 1342 1608 1372 omittamus.
1641 1351 1697 1372 vos
1715 1350 1816 1372 autem
1833 1343 1874 1371 ita
1892 1340 2012 1375 dicitis,
2034 1347 2190 1370 omnen

1230 1395 1249 1416 v
1262 1394 1274 1414 1
1287 1394 1314 1414 M
1326 1404 1334 1418 ,
1351 1382 1411 1414 effe
1422 1386 1535 1425 ignem.
1558 1384 1659 1424 itaque
1672 1383 1705 1414 &c
1717 1385 1896 1414 animanteis
1905 1402 1914 1416 ‚
1932 1381 2004 1414 cum
2014 1382 2096 1413 calor
2105 1380 2193 1411 defe-

1229 1428 1304 1458 cerit
1312 1446 1321 1460 ‚
1339 1434 1404 1456 tum
1416 1427 1538 1456 interire
1549 1435 1556 1454 :
1576 1425 1650 1456 &in
1662 1427 1751 1455 omni
1760 1433 1862 1455 natura
1871 1434 1971 1456 rerum
1981 1424 2014 1455 id
2023 1425 2125 1454 vivere
2135 1441 2144 1457 ,
2158 1420 2191 1452 id

1231 1471 1330 1511 vigere
1343 1487 1352 1501 ,
1372 1466 1456 1508 quod
1468 1467 1569 1497 caleat.
1593 1475 1648 1508 ego
1657 1475 1759 1497 autem
1769 1476 1834 1497 non
1844 1466 2002 1507 intelligo,
2019 1473 2083 1506 quo
2096 1463 2193 1494 modo

1230 1513 1331 1541 calore
1340 1507 1491 1539 exstin&o
1502 1517 1625 1548 corpora
1637 1510 1784 1538 intereant
1795 1527 1804 1540 ‚
1821 1517 1885 1538 non
1895 1509 2041 1538 intereant
2049 1508 2190 1539 humore,

1233 1559 1282 1582 aut
1301 1552 1404 1590 spiritu
1421 1548 1528 1580 amiss‘o
1539 1569 1548 1583 ‚
1569 1549 1732 1589 praesertim
1750 1548 1823 1580 cum
1843 1549 1983 1578 intereant
1998 1549 2086 1578 etiam
2102 1547 2190 1576 nimio

1233 1592 1331 1622 calore.
1346 1590 1555 1632 Qamobrem
1564 1591 1596 1621 id
1606 1590 1730 1631 quidem
1738 1599 1906 1621 commune
1915 1589 1958 1621 est
1966 1590 2002 1620 de
2011 1588 2109 1621 calido
2120 1598 2127 1618 t
2136 1597 2194 1619 ve·

1235 1642 1405 1664 rumtamen
1415 1633 1571 1663 videamus
1580 1635 1710 1663 exitum.
1733 1635 1778 1663 Ita
1786 1632 1878 1666 vultis
1887 1651 1897 1667 ,
1917 1633 2028 1672 opinor
2036 1651 2045 1666 ,
2057 1629 2137 1661 nihil
2145 1629 2194 1660 es-

1235 1676 1263 1706 se
1282 1675 1394 1705 animal
1413 1674 1597 1704 extrinsecus
1614 1676 1648 1704 in
1670 1683 1792 1707 natura,
1811 1682 1899 1713 atque
1916 1673 2034 1703 mundo
2052 1690 2062 1706 ,
2088 1679 2193 1712 praeter

1234 1718 1347 1756 ignem.
1371 1713 1423 1755 qui
1442 1717 1535 1754 magis
1546 1734 1555 1748 ‚
1573 1715 1665 1755 quam
1674 1716 1941 1755 pratel-animam,
1965 1713 2046 1743 unde
2054 1715 2194 1744 animan-

1233 1761 1311 1788 tium
1325 1765 1445 1797 quoque
1457 1754 1573 1785 constet
1585 1757 1708 1785 animus
1717 1774 1726 1789 ,
1747 1763 1784 1785 ex
1794 1764 1855 1795 quo
1863 1755 1962 1784 anima
1969 1754 2101 1786 dicitur?
2122 1756 2194 1794 Qo

1235 1798 1331 1829 modo
1347 1806 1447 1828 autem
1467 1798 1542 1831 hoc.
1563 1794 1642 1837 quafi
1660 1796 1861 1830 concedatur,
1881 1796 2019 1830 sumitis,
2036 1796 2116 1830 nihil
2133 1794 2195 1826 effe

1234 1842 1372 1870 animum
1383 1858 1392 1873 ,
1404 1837 1460 1868 nifi
1469 1840 1590 1880 ignem?
1600 1838 1785 1878 probabillus
1795 1840 1879 1869 enim
1890 1837 2009 1869 videtur
2019 1857 2028 1872 ,
2039 1837 2194 1879 talequid-

1236 1882 1305 1912 dam
1318 1879 1376 1911 ess'e
1387 1882 1526 1911 animum
1538 1899 1547 1914 ,
1569 1889 1603 1910 ut
1622 1878 1656 1910 fit
1673 1889 1713 1910 ex
1724 1882 1795 1922 igne
1805 1899 1816 1914 ,
1835 1888 1923 1921 atque
1935 1881 2036 1910 anima
2048 1884 2198 1920 tempera-—

1236 1932 1314 1954 tum.
1336 1921 1420 1963 quod
1432 1920 1451 1951 fi
1463 1923 1544 1963 ignis
1552 1930 1591 1952 ex
1602 1921 1661 1952 sese
1670 1921 1732 1962 ipse
1741 1922 1854 1953 animal
1863 1920 1907 1952 est
1914 1931 1929 1956 ’,
1947 1921 2031 1952 nulla
2040 1921 2068 1952 se
2078 1922 2136 1952 alia
2143 1920 2196 1952 ad-

1238 1965 1382 1995 miscente
1392 1971 1494 1994 natum
1504 1983 1512 1997 ‚
1524 1965 1669 2004 quoniam
1679 1967 1722 1997 is,
1733 1963 1807 1994 cum
1819 1963 1897 1995 inest
1905 1965 1939 1994 in
1948 1962 2124 2003 corporibus
2133 1971 2194 1994 no-

1238 2006 1303 2037 stris
1314 2026 1324 2040 ,
1342 2004 1436 2036 efficit
1448 2014 1480 2036 ut
1494 2006 1657 2036 sentiamus
1668 2015 1676 2035 2
1694 2015 1760 2036 non
1771 2005 1870 2046 potest
1880 2006 1944 2046 ipse
1955 2004 2013 2036 effe
2025 2003 2087 2036 fine
2099 2004 2198 2036 sensu-

1239 2048 1337 2080 rursus
1352 2047 1455 2078 eadem
1470 2047 1530 2077 dici
1543 2045 1676 2088 possunt.
1698 2047 1848 2088 quidquid
1862 2047 1907 2078 est
1914 2048 1999 2078 enim
2012 2064 2021 2081 ,
2038 2046 2120 2088 quod
2131 2046 2198 2077 sen-

1238 2091 1305 2121 sum
1316 2089 1436 2124 habeat,
1449 2089 1479 2119 id
1495 2087 1608 2119 necesse
1617 2090 1661 2120 est
1670 2089 1784 2123 sentiat,
1794 2089 1828 2120 &
1838 2089 2024 2129 voluptatem
2036 2108 2045 2122 ,
2067 2089 2099 2118 &
2107 2087 2200 2118 dolo*-

1239 2141 1305 2163 rem
1318 2142 1324 2161 ι
1345 2132 1381 2163 ad
1392 2141 1484 2172 quem
1498 2140 1598 2161 autem
1612 2131 1703 2161 dolor
1713 2133 1833 2165 veniat,
1850 2131 1888 2162 ad
1900 2130 2032 2162 eundem
2042 2132 2136 2160 etiam
2150 2130 2199 2160 in-

1241 2176 1363 2205 teritum
1376 2175 1490 2203 venire.
1513 2175 1553 2203 ita
1566 2171 1620 2206 fit,
1641 2181 1674 2203 ut
1684 2182 1724 2203 ne
1736 2175 1838 2212 ignem
1849 2171 1973 2214 quidem
1985 2170 2101 2202 efficere
2109 2168 2200 2211 poffi-

1242 2218 1279 2247 tis
1289 2224 1448 2246 aerernum.
1465 2215 1546 2256 Qid
1557 2216 1639 2244 enim
1652 2217 1664 2244 ?
1674 2224 1737 2245 non
1749 2215 1861 2245 eisdem
1872 2215 1959 2245 vobis
1968 2214 2061 2255 placet
2071 2234 2080 2247 ,
2093 2222 2198 2243 omnem

1242 2259 1335 2298 ignem
1341 2255 1436 2299 pastus
1446 2256 1569 2296 indigere
1579 2259 1590 2286 ἓ
1604 2266 1661 2287 nec
1668 2266 1843 2296 permanere
1852 2257 1916 2287 ullo
1926 2255 2021 2287 modo
2031 2253 2110 2295 poffe
2118 2252 2198 2288 rnisi

1239 2302 1351 2330 alatur?
1375 2299 1414 2329 ali
1425 2307 1525 2328 autem
1535 2298 1630 2328 solem
1643 2318 1652 2332 ,
1667 2299 1771 2329 lunam
1784 2318 1793 2332 ‚
1817 2299 1932 2339 reliqua
1943 2296 2014 2328 astra
2026 2316 2035 2330 ,
2049 2298 2137 2337 aquis.
2144 2296 2200 2326 alia

1241 2340 1400 2374 dulcibus,
1419 2341 1475 2370 alia
1495 2341 1642 2370 marinis?
1660 2349 1787 2380 eamque
1801 2340 1918 2370 causam
1928 2339 2090 2368 Cleanthes
2105 2336 2200 2370 affert·

1241 2393 1294 2414 cur
1307 2382 1335 2412 se
1348 2382 1392 2412 sol
1402 2380 1508 2412 referat
1517 2401 1526 2415 ,
1546 2390 1602 2412 nec
1612 2381 1735 2422 longius
1745 2381 1948 2421 progrediatur
1957 2379 2106 2410 solstitiali
2115 2379 2202 2411 orbe,

1244 2427 1378 2465 itemque
1396 2423 1548 2455 brumali,
1567 2432 1605 2452 ne
1621 2421 1741 2464 longius
1762 2421 1891 2453 discedat
1903 2421 1918 2452 Ξι
1930 2421 2010 2452 cibo.
2035 2423 2201 2452 hoctotum

1243 2466 1329 2507 quale
1341 2463 1374 2495 fit
1383 2484 1394 2500 ,
1408 2474 1494 2495 mox.
1518 2474 1601 2495 nunc
1610 2473 1709 2495 autem
1720 2463 1915 2496 concludatur
1926 2463 2005 2495 illud
2013 2483 2024 2500 ,
2035 2463 2203 2505 quodjnm'-

1245 2510 1283 2538 ire
1294 2505 1374 2548 poffit
1385 2525 1394 2540 ,
1409 2506 1439 2535 id
1455 2513 1585 2535 aternum
1593 2517 1646 2535 non
1664 2505 1712 2544 effi
1728 2513 1833 2535 natura
1842 2516 1854 2534 .·
1879 2508 2096 2546 ignemautem
2109 2507 2205 2537 intet-

1243 2552 1356 2579 itui·um
1369 2546 1427 2578 ess'e
1437 2567 1446 2581 ‚
1458 2546 1515 2578 nisi
1527 2549 1619 2578 alatur
1632 2558 1638 2578 :
1658 2558 1722 2578 non
1731 2546 1790 2578 effe
1800 2549 1891 2590 igitur
1899 2556 2003 2578 natura
2011 2549 2112 2588 ignem
2125 2546 2203 2577 ferne

1241 2594 1405 2632 piternum.
1429 2590 1558 2631 Qalem
1575 2598 1676 2620 autem
1693 2589 1784 2620 deum
1798 2589 1966 2630 intelligere
1979 2599 2035 2620 nos
2049 2587 2204 2629 poffumus

1245 2633 1327 2663 nulla
1343 2634 1453 2662 virtute
1472 2631 1655 2671 praeditum?
1676 2632 1759 2674 Qid
1771 2632 1878 2662 enim?
1896 2630 2127 2671 prudentiamne
2144 2627 2203 2658 deo

1246 2674 1436 2706 tribuemus?
1453 2683 1518 2714 quae
1536 2673 1651 2705 constat
1666 2682 1709 2704 ex
1727 2673 1849 2704 scientia
1863 2681 1964 2711 rerum
1983 2673 2150 2704 bonarum,
2170 2669 2204 2699 &

1248 2717 1414 2750 malarum,
1427 2716 1460 2746 &
1469 2735 1478 2749 ‚
1494 2725 1549 2746 nec
1561 2716 1710 2746 bonarum
1719 2735 1729 2750 ‚
1741 2725 1796 2752 nee
1806 2715 1964 2747 malarum.
1986 2716 2011 2744 C
2021 2723 2067 2752 qt
2090 2721 2117 2741 M
2128 2720 2151 2740 A
2160 2720 2179 2739 ι.
2191 2720 2202 2740 1

1247 2758 1326 2790 nihil
1335 2757 1379 2788 est
1389 2778 1398 2792 ‚
1410 2767 1465 2788 nec
1477 2755 1534 2787 effe
1543 2755 1639 2798 potest
1649 2777 1659 2792 ,
1671 2757 1746 2799 quid
1757 2759 1828 2789 huic
1837 2748 2095 2796 opuselhdeieau
2106 2752 2207 2783 bono-

1247 2809 1316 2834 rum
1328 2820 1337 2835 ‚
1355 2800 1390 2831 &
1399 2799 1574 2831 malorum?
1591 2799 1665 2841 quid
1679 2808 1780 2831 autem
1794 2800 1930 2830 ratione?
1947 2795 2021 2838 quid
2035 2795 2208 2834 intelligen-

1520 2855 1521 2858 ,
1760 2853 1761 2862 ,
1924 2848 1931 2861 t
2145 2838 2206 2867 tia?

1249 2948 1320 2977 secus
1331 2948 1417 2976 editio
1427 2948 1554 2976 melarii.
1574 2931 1782 2974 Rc'trhd'fflet
1793 2963 1802 2976 ,
1812 2936 1917 2976 fionine.
1936 2942 2043 2979 quidam
2063 2941 2207 2980 scriptum-

1251 2985 1357 3016 bebant,
1368 2988 1428 3018 Ergo
1437 2985 1562 3010 identidem
1568 2984 1599 3016 fi,
1609 2984 1662 3013 dyc.

1288 3030 1314 3056 3]
1334 3023 1445 3054 Urfrigm·
1453 3021 1484 3051 ά*
1501 3021 1565 3046 calor
1575 3037 1583 3049 ‚
1597 3018 1752 3049 ntlvolupi'ae
1768 3016 1799 3046 ὸ·
1810 3015 1904 3049 Adon]
1926 3015 1970 3042 Est
1980 3016 1995 3042 ξι
2007 3015 2064 3041 Pal.
2078 3014 2128 3040 sec.
2138 3013 2208 3040 nllu-

1252 3057 1372 3093 duntque
1383 3054 1568 3084 Gulielmiani,
1579 3053 1604 3079 in
1616 3052 1710 3087 quibus
1720 3051 1847 3088 posterius
1857 3053 1896 3083 (ἔγ.
1918 3051 2024 3086 vulgata
2034 3049 2118 3086 prius,
2129 3050 2209 3083 nefri-

1248 3103 1306 3127 ειη,
1315 3100 1343 3118 ut
1354 3094 1427 3122 calor,
1437 3097 1464 3116 m
1472 3091 1594 3121 volupiae,
1604 3095 1634 3113 ut
1646 3088 1718 3114 dolor.

1288 3136 1318 3163 4.
1326 3129 1389 3156 -οῦιη
1397 3127 1617 3161 amplfieaujum,
1626 3124 1794 3160 intermunt]
1801 3122 1961 3159 ·Pal.pr.see.
1971 3122 2035 3150 item
2045 3121 2209 3150 Panicum.

1418 3168 1433 3185 '¹
2118 3165 2129 3184 Ι
2137 3176 2143 3183 .
2152 3160 2213 3183 Sum

2199 845 2242 878 14

2228 2592 2265 2623 ¹5
