2337 3400
117 384 128 415 3

138 160 235 207 660}
549 147 1056 197 MTULLM

140 241 220 284 quod
233 248 352 271 mecum
364 235 590 268 communicare
603 232 678 264 velis
691 254 699 267 ,
711 242 766 275 ego
778 241 805 262 te
817 230 1005 272 exspcfilibo.
1030 233 1098 265 Tu,

142 285 222 330 quoii
243 292 294 311 tuo
312 277 479 310 commodo
503 275 551 307 siat
563 297 571 310 .
595 274 834 317 quamprimum
847 276 939 304 velim
955 294 964 307 .
982 275 1082 304 venias
1095 294 1105 309 ,

146 330 216 357 licut
227 323 364 354 intellexi
380 320 411 351 Sc
423 321 538 352 Servio,
549 319 581 349 δε
592 317 753 350 Postumiae
764 318 887 358 placere.
910 317 994 347 Vale.

299 373 437 403 M.T.c,
459 372 564 402 SER.
586 369 847 404 SULPICIO,
867 371 951 400 s.D.

257 423 280 451 E
292 430 314 449 a
325 429 344 448 E
356 429 383 449 M
394 427 413 448 iz
424 427 444 448 N
458 428 478 448 τ
490 428 509 447 ε
519 427 541 448 n
559 426 587 448 te
599 415 659 448 effe
671 417 836 448 sollicitum
848 437 857 451 ‚
879 416 912 447 δε
923 418 956 447 in
964 424 1105 447 commu—

248 462 337 492 nibus
355 461 485 491 miseriis
492 461 644 501 praecipuo
652 459 784 500 quodam
794 459 899 489 dolore
909 460 997 500 angi,
1017 458 1107 487 multi

149 504 184 536 ad
208 514 263 534 nos
283 502 419 545 quotidie
430 500 580 532 deferunt.
603 501 695 543 Qod
706 511 888 542 quamquam
901 500 1035 531 minime
1048 501 1106 529 mi—

149 556 208 580 ror,
221 546 253 577 ὃς
265 545 369 575 meum
379 543 613 585 quodammodo
622 544 751 584 agnosco
765 554 770 573 :
789 544 881 574 doleo
890 551 989 573 tamen
999 561 1007 576 ‚
1029 551 1056 572 te
1067 542 1108 571 sa-

150 590 262 630 pientia
273 587 431 628 praeditum
444 587 536 627 prope
547 584 685 627 fingulari
695 605 703 620 ,
724 596 788 616 non
798 587 859 616 tuis
869 586 958 616 bonis
967 582 1109 615 deleam-1

150 630 252 672 potius
262 652 270 664 ,
296 635 388 670 quam
398 629 504 659 alienis
514 628 603 662 malis
616 628 756 659 laborare.
781 630 831 657 Me
842 627 977 669 quidem,
990 625 1041 656 etsi
1056 636 1108 655 ne—

152 674 231 703 mini
251 672 405 705 concedo,
425 672 477 712 qui
495 671 644 707 majorem
664 680 703 700 ex
722 672 875 710 pernicie.
896 668 1018 709 &peste
1033 670 1108 707 reip.

150 714 320 745 molestiam
335 722 472 744 traxerit:
493 721 593 742 tamen
605 712 767 751 multajam
779 712 973 742 consolantur
984 731 992 743 .
1013 712 1110 740 maxi-

152 767 202 787 ms
211 767 262 797 :rue
286 756 469 786 conscientia
489 752 684 785 consiliorum
707 764 859 784 meorum.
903 752 1006 782 Multo
1023 761 1108 781 enim

151 808 219 830 ³:152·
234 819 241 831 ,
260 808 401 839 tanquam
420 807 458 827 ex
475 797 574 837 aliqua
592 797 723 836 specula,
742 796 884 836 prospexi
905 793 1110 834 tempestatem

150 842 297 871 suturam:
320 850 417 881 neque
435 838 466 869 id
483 839 584 869 solum
604 848 670 869 mea
687 839 810 878 sponte,
834 837 882 868 sed
905 835 1005 866 multo
1018 837 1110 866 etiarn

158 886 253 923 magis
264 903 273 915 ,
284 891 442 915 monente,
455 881 487 911 &
497 881 693 911 denuntiante
705 889 742 909 te.
766 877 825 910 Etsi
840 880 924 909 enim
935 878 1017 909 abfui
1030 887 1112 918 mag-

154 935 223 955 nam
235 935 349 966 partem
360 923 533 955 consulatus
543 925 586 952 tui
600 931 717 952 :tamen
729 921 761 952 &
771 921 873 952 absens
883 920 1112 962 cognoscebam,

153 979 219 1008 qteae
240 966 309 999 esset
321 969 410 997 tuain
426 968 482 997 hoc
493 964 633 1005 pestifero
648 963 869 994 bellocavendo
880 983 889 997 ,
908 962 1113 1003 &praedicen-

154 1012 195 1041 do
219 1010 363 1040 sententia
379 1030 387 1043 ‚
416 1008 447 1038 &
460 1008 518 1046 ipse
529 1005 599 1037 affui
610 1007 716 1046 primis
728 1005 914 1044 temporibus
924 1004 1115 1035 tuiconsula-

154 1062 200 1082 uis
213 1073 220 1085 ,
240 1052 311 1082 cum
322 1048 532 1082 accuratissime
549 1047 697 1079 monuisti
708 1048 855 1081 senatum,
865 1046 1002 1080 colleffis
1012 1048 1116 1077 omni—

153 1094 306 1125 bosbellis
316 1093 458 1123 civilibus
469 1111 477 1125 ,
492 1100 523 1121 ut
533 1090 626 1121 &illa
638 1092 798 1124 timerent,
809 1099 876 1130 quae
888 1086 1116 1120 meminissent:

155 1136 189 1166 δε
200 1136 319 1168 scirent,
331 1134 404 1164 cum
415 1134 593 1173 superiores,
604 1133 690 1162 nullo
702 1132 752 1163 tali
763 1132 906 1173 exemplo
917 1130 1003 1161 antea
1013 1133 1045 1160 in
1056 1139 1116 1169 rep.

156 1180 281 1214 cognito
296 1196 305 1209 ,
325 1185 384 1206 tam
394 1175 529 1206 crudeles
546 1172 670 1205 fuissent
685 1185 691 1204 z
711 1176 897 1215 quicumque
908 1172 1008 1214 postea
1021 1181 1115 1210 remp.

154 1213 335 1259 oppressisset
346 1219 448 1252 armis,
459 1217 561 1247 multo
571 1216 841 1247 intolerabiliorem
852 1215 999 1246 futurum.
1013 1223 1034 1242 N
1044 1223 1066 1242 A
1078 1223 1118 1245 Μ,

153 1262 236 1302 quod
260 1261 403 1300 exemplo
413 1258 463 1293 fit,
484 1259 515 1289 id
524 1260 612 1289 etiam
622 1259 688 1297 jure
701 1257 765 1290 fieri
776 1267 880 1298 putant
893 1268 898 1287 2
925 1256 973 1288 sed
983 1255 1097 1296 aliquid
1110 1274 1118 1287 ³

155 1313 243 1344 atque
263 1306 273 1322 ¹
294 1302 369 1333 adeo
389 1302 486 1332 multa
502 1301 617 1331 addunt
637 1321 646 1334 ‚
668 1301 701 1331 ὃς
719 1299 848 1331 afferunt
865 1300 900 1330 de
921 1299 985 1330 suo.
1022 1300 1119 1339 Qare

157 1343 330 1376 meminisse
340 1343 443 1377 debes,
452 1353 515 1376 eos,
528 1345 580 1384 qui
589 1342 810 1376 auctoritatem,
820 1342 852 1372 ὃς
861 1339 1020 1372 consilium
1031 1348 1119 1370 tuum

161 1397 225 1418 non
239 1387 307 1417 sunt
319 1387 409 1416 secuti
423 1406 430 1419 ‚
444 1386 491 1417 sua
505 1385 630 1416 stultitia
640 1383 799 1415 occidiss'e:
819 1383 891 1415 curn
902 1392 950 1414 tua
964 1382 1121 1423 prudentia

159 1429 232 1460 salvi
247 1427 304 1458 effe
326 1426 497 1468 potuissent.
522 1429 613 1458 Dices
625 1437 629 1456 z
655 1427 736 1469 Qid
760 1437 809 1456 me
828 1426 881 1458 ista
898 1436 943 1456 res
951 1424 1123 1456 consolatur

160 1475 174 1492 2
188 1473 221 1500 in
241 1471 328 1500 tantis
339 1470 468 1500 tenebris
481 1489 489 1503 ‚
512 1469 545 1500 &
557 1467 636 1510 quafi
645 1470 799 1509 parietinis
809 1470 882 1509 reip.
893 1473 904 1500 ?
927 1466 978 1499 Est
987 1468 1121 1497 omnino

157 1515 212 1544 vix
230 1512 425 1542 consolabilis
444 1511 532 1542 dolor
544 1522 549 1541 2
569 1520 649 1542 tanta
661 1510 703 1542 est
715 1512 861 1541 omnium
871 1520 971 1540 rerum
983 1506 1100 1540 amiffio
1112 1527 1122 1542 a

161 1555 195 1586 &
215 1553 378 1593 desperatio
401 1553 609 1594 recuperandi.
631 1553 688 1584 Sed
701 1562 804 1583 tamen
816 1553 847 1583 &
858 1551 1021 1591 Caesaripse
1036 1552 1076 1584 ita
1085 1549 1122 1580 de

159 1605 188 1627 te
204 1595 335 1635 judicat·t
353 1596 386 1625 &
399 1605 509 1625 omnes
527 1597 608 1626 cives
627 1593 666 1625 fic
684 1594 876 1626 existimant:
896 1592 1122 1635 quafifilumen

159 1636 282 1679 aliquod
293 1636 451 1668 exstinffis
465 1639 571 1668 ceteris
581 1657 589 1671 ,
601 1637 717 1667 elucere
727 1635 912 1669 sanffitatem
927 1656 936 1669 .
949 1636 982 1666 &
991 1634 1122 1675 pruden-

159 1682 233 1712 tiam
244 1699 254 1713 ‚
275 1679 308 1710 &
319 1679 496 1720 dignitatem
506 1688 601 1710 tuam.
625 1681 699 1710 Haec
709 1678 765 1709 tibi
774 1678 809 1709 ad
821 1678 960 1710 levandas
971 1675 1122 1708 molestias

162 1731 273 1763 magna
290 1720 348 1752 effe
364 1720 484 1751 debent.
508 1720 600 1763 Qod
619 1729 719 1753 autem
733 1720 818 1751 atuis
826 1720 913 1751 abes:
936 1719 1015 1751 ideo
1026 1719 1122 1751 levius

161 1763 324 1795 ferendum
343 1761 386 1793 est
396 1781 405 1797 ,
422 1762 506 1803 quod
519 1762 626 1793 eodem
638 1772 775 1802 tempore
784 1762 800 1794 ‘a
813 1762 919 1793 multis
931 1781 940 1795 ,
961 1761 993 1792 &
1008 1763 1124 1802 magnis

163 1804 312 1836 molestiis
321 1804 389 1835 abes
401 1815 407 1833 :
426 1814 499 1845 quas
507 1804 541 1835 ad
553 1814 581 1835 te
591 1807 712 1835 omneis
721 1804 933 1845 perscriberem
945 1824 954 1837 ‚
974 1802 1031 1833 nifi
1041 1813 1124 1834 vere-

163 1858 211 1878 rer
223 1867 231 1881 ‚
253 1856 290 1876 ne
299 1856 331 1876 ea
340 1847 537 1886 cognosceres
547 1846 650 1880 absens
659 1867 668 1880 ,
688 1856 755 1887 quae
764 1848 833 1887 quia
846 1856 910 1877 non
919 1845 1004 1876 vides
1012 1864 1026 1879 >
1046 1845 1127 1875 mihi.

161 1889 274 1920 videris
293 1888 419 1918 meliore
427 1887 484 1919 effe
493 1887 673 1921 conditione
682 1909 690 1921 ‚
709 1898 800 1928 quam
810 1897 867 1918 nos
879 1908 890 1921 ,
907 1889 960 1928 qui
969 1887 1124 1917 videmus.

164 1930 318 1964 Hactenus
336 1929 479 1961 existimo
497 1929 632 1961 nostram
651 1930 895 1960 consolationem
914 1928 994 1960 redite
1005 1928 1125 1959 adhibi-

164 1981 226 2003 tam
246 1971 305 2002 effe
316 1993 328 2006 .
341 1971 441 2013 quoad
450 1973 560 2004 certior
568 1972 605 2002 ab
616 1973 744 2002 homine
753 1970 934 2002 amicissimo
944 1969 1030 2001 fieres
1039 1972 1078 2001 iis
1087 1970 1125 2001 de

163 2014 263 2047 rebus,
271 2013 384 2055 quibus
396 2014 489 2046 levari
498 2012 617 2054 possent
626 2012 773 2044 molestiae
784 2022 851 2044 tuae.
874 2014 1006 2054 Reliqua
1015 2013 1125 2043 suntin

168 2065 196 2087 te
208 2056 283 2096 ipso,
295 2066 392 2097 neque
411 2057 488 2087 mihi
501 2059 614 2096 ignota,
625 2065 681 2086 nec
695 2057 826 2087 minima
839 2056 950 2089 solatia,
962 2064 994 2085 ut
1001 2054 1128 2096 quidem

163 2107 219 2139 ego
229 2099 324 2129 sentio
336 2118 346 2132 ‚
364 2099 465 2128 multo
479 2099 632 2128 maxima:
651 2108 716 2139 quae
730 2107 785 2140 ego
799 2099 956 2137 experiens
969 2096 1107 2137 quoiidie
1117 2116 1125 2130 ‚

163 2139 202 2170 fic
212 2140 325 2180 prob0‚
346 2149 380 2169 ut
389 2150 421 2169 ea
431 2141 510 2170 mihi
518 2140 645 2170 salutem
654 2138 756 2170 afferre
767 2139 933 2170 videantur.
966 2142 1012 2169 Te
1025 2147 1126 2169 autem

164 2180 202 2216 ab
221 2184 310 2212 initio
321 2183 412 2212 aetatis
424 2184 573 2212 memoria
582 2190 673 2212 teneo
685 2181 802 2211 summe
817 2182 962 2212 omnium
973 2180 1124 2211 destrim-

163 2233 234 2254 1um
246 2222 414 2253 studiosum
425 2222 512 2253 fuifl'e
522 2243 531 2257 ‚
551 2225 716 2265 omniaque
727 2243 735 2257 ‚
748 2233 813 2264 quae
829 2223 846 2253 a
857 2221 1078 2262 sapientiffimis
1090 2220 1126 2253 ad

165 2265 244 2296 bene
263 2264 431 2296 vivendum
453 2265 557 2295 tradita
579 2264 673 2295 essent
688 2285 696 2298 ‚
720 2265 844 2295 summo
855 2263 954 2295 studio
964 2284 973 2298 ‚
997 2273 1126 2304 curaque

166 2304 318 2337 didicisse:
338 2317 404 2346 quae
415 2307 540 2347 quidem
549 2307 597 2336 vel
609 2308 733 2346 optimis
748 2306 834 2336 rebus
846 2306 878 2336 &
889 2306 954 2336 usui
969 2325 978 2340 ‚
1000 2305 1034 2336 δε
1043 2305 1127 2335 dele-

166 2347 294 2379 {kationi
317 2347 376 2377 ess'e
393 2347 518 2387 possent.
538 2349 585 2377 his
608 2347 681 2378 vero
692 2347 879 2386 temporibus
891 2347 1035 2377 habemus
1045 2346 1127 2377 aliud

166 2390 258 2424 nihil,
279 2392 312 2420 in
323 2400 384 2430 quo
398 2390 626 2430 acquiescamus.
652 2389 741 2419 Nihil
755 2389 861 2419 faciam
873 2389 1055 2418 insolenter:
1073 2398 1129 2418 ne-

165 2443 224 2474 que
235 2442 273 2466 te,
284 2432 335 2463 tali
349 2432 396 2462 vel
407 2432 530 2462 scicntia
539 2451 548 2464 ,
568 2430 616 2460 vel
628 2440 730 2461 natura
739 2429 910 2470 praeditum,
922 2429 1064 2459 hortabor
1073 2449 1083 2464 ‚
1096 2438 1130 2460 ut

166 2475 200 2505 ad
222 2484 268 2504 eas
287 2482 315 2504 te
331 2472 442 2504 referas
463 2475 548 2503 arteis
575 2473 826 2513 quibusaprimis
838 2471 1025 2511 temporibus
1035 2472 1129 2501 aetatis

170 2516 302 2547 (ludium
322 2524 409 2546 tuum
420 2514 538 2545 dedisti.
561 2514 699 2545 Tantum
709 2515 806 2544 dicam
820 2533 827 2547 ,
850 2513 932 2554 quod
943 2522 971 2543 te
982 2514 1067 2553 spero
1078 2523 1127 2553 ap-

169 2560 373 2600 probaturum,
386 2568 446 2592 me,
456 2556 557 2598 poste-fi
567 2556 658 2598 quam
669 2556 715 2586 illi
725 2558 792 2590 arti,
804 2557 853 2586 cui
863 2555 1130 2589 studueram,nihil

211 2679 220 2696 ι
228 2691 233 2696 ,
253 2673 314 2697 Alto
323 2677 398 2697 wirma
408 2673 501 2698 atsi-lum
511 2673 538 2704 (f
549 2671 652 2704 afflmnt
671 2674 696 2697 d:
704 2672 768 2706 firm]
797 2670 854 2697 Pal.
866 2670 914 2696 sec.
926 2670 1037 2704 offerunt.
1048 2671 1135 2698 Vatic.
1156 2680 1158 2693 '1

172 2713 259 2733 tamen
272 2708 445 2734 must-amiciunt
457 2728 466 2741 ,
483 2710 625 2743 utaffirant
643 2709 669 2734 de
682 2709 736 2742 suo.
757 2709 848 2744 inqua
866 2706 983 2734 leStione
1003 2707 1136 2735 occultam

174 2751 272 2769 :i-roror
283 2743 455 2778 elegantiam.
1006 2772 1009 2773 γ

207 2787 234 2804 2.
255 2780 475 2805 1211anssssrer1c11ris
485 2781 513 2811 (If
523 2780 720 2813 quastparictinis
732 2779 814 2815 Reip]
832 2779 900 2806 Elusi
912 2777 953 2805 seu
964 2778 1083 2807 destituti
1096 2778 1138 2806 su-

172 2822 229 2840 mtis
241 2823 293 2845 jain
305 2816 346 2852 hic
357 2817 370 2841 a
383 2816 561 2853 :uanus-*riptss
573 2818 666 2843 nostris
678 2816 753 2843 libris
768 2836 774 2845 ,
795 2816 916 2842 omnibus
929 2823 973 2841 aut
993 2814 1036 2842 sua
1047 2815 1138 2844 indole

173 2853 410 2890 καρυκκῶνιιω
421 2854 542 2879 incur-ati
554 2863 614 2879 cura
624 2853 771 2890 depravatis
785 2871 792 2884 ,
805 2861 916 2887 quor-im
930 2852 1048 2888 primus:
1066 2859 1139 2885 par-te
1156 2861 1158 2885 ς

172 2896 249 2912 «.ι),;;
268 2887 390 2920 abituro,
405 2888 475 2922 quod
487 2891 514 2915 §.k-
530 2891 630 2915 Jlanut.
642 2888 944 2922 iiotatfferditiwis5a'ii
956 2888 1040 2924 pejus.
1063 2889 1137 2925 Qia
1157 2889 1158 2906 ἶ

178 2923 351 2961 irrupimus
367 2925 487 2959 proi'ivnt—
505 2924 657 2952 azlambulat
668 2925 797 2952 Medicam
809 2934 816 2956 3
839 2924 1014 2961 probavitque
1026 2933 1054 2950 ac
1066 2933 1138 2950 rece-

175 2967 212 2992 ξνῑ
228 2961 235 2982 l
249 2961 345 2998 rclorir
359 2961 570 2987 cmmnhflouczn
591 2971 649 2988 cum
666 2963 768 2988 Manut,
790 2960 887 2987 Lamb.
900 2960 963 2997 qnid
975 2959 1137 2987 fastidiamus

175 3001 310 3034 {actorum
324 3004 438 3034 vizorum
451 2997 597 3024 concordia:
607 2996 709 3025 nosmet
729 2996 894 3033 adjungere?
917 2996 997 3033 vulgo
1008 2996 1116 3033 pessimi:
1129 3008 1134 3023 :

177 3040 205 3059 gv*
213 3032 400 3064 quasisrvpi’mu
412 3035 478 3065 Rtip·

216 3074 240 3100 3.
259 3070 316 3101 Ἱζςε
324 3069 385 3099 nasio
398 3086 405 3097 ‚
416 3077 456 3092 mc
464 3069 558 3103 proba]
581 3070 638 3095 Cur
649 3069 702 3095 li‘ec
712 3067 795 3096 leffio
805 3067 898 3095 cedere
907 3068 1031 3096 debuerit
1041 3078 1075 3095 vu
1081 3066 1138 3105 lga—

176 3109 227 3143 122)
248 3111 288 3128 mc
298 3104 513 3143 agncsrss'mr'probu
526 3124 532 3136 ,
552 3105 657 3140 ignoro.
678 3106 721 3132 Sic
733 3108 804 3133 certe
815 3113 949 3142 pumero.
970 3105 1039 3132 Pau.
1052 3104 1138 3132 editio

175 3147 293 3173 princeps
305 3140 333 3163 ὅ(
347 3139 471 3166 victorii.

206 3182 234 3207 4.
253 3176 297 3200 ubi
307 3175 387 3208 ipfisff
399 3193 407 3205 ‚
427 3176 504 3208 mfibi
512 3176 607 3209 quisque
624 3177 768 3209 misti-rimisa
787 3179 827 3212 effi
837 3178 978 3213 videatur]
1001 3179 1043 3205 lta
1053 3176 1136 3205 editio

172 3210 290 3246 princeps
301 3220 331 3239 ac
342 3209 473 3239 'r'iCioriiz
496 3211 529 3239 sic
540 3211 607 3239 Pall-
621 3211 668 3239 [εει
681 3222 720 3250 pr.
742 3220 804 3240 tert.
825 3214 961 3250 paululum
974 3213 1029 3242 abit
1047 3215 1137 3250 quint.

1138 149 1724 199 CICERONIS-

1150 231 1208 263 cssc
1232 233 1289 263 loci
1300 243 1397 274 neque
1407 234 1440 262 in
1450 236 1545 268 curia,
1567 246 1664 278 neque
1674 239 1707 267 in
1716 235 1783 267 foro
1793 235 1928 267 viderem
1939 254 1947 269 ‚
1973 243 2107 266 omnem

1152 285 1250 306 mcum
1271 285 1371 306 curam
1384 295 1392 309 2
1410 283 1496 316 atque
1513 287 1634 317 operam
1655 279 1689 310 ad
1700 279 1922 320 philosophum
1934 275 2106 308 contuliss'e.

1154 321 1229 348 Tuae
1241 318 1370 348 scientiae
1381 318 1552 352 excellenti,
1563 330 1594 350 ac
1605 320 1741 362 singulari
1751 331 1814 352 non
1827 321 1926 351 multo
1935 318 2110 360 plusquam

1156 360 1261 391 nostra:
1274 380 1282 393 2
1302 358 1443 389 renerum
1456 359 1498 390 est
1509 360 1578 391 loci.
1600 365 1698 404 Qare
1710 374 1774 394 non
1785 363 1926 404 equidem
1939 371 1965 392 te
1977 369 2112 391 moneo:

1156 403 1204 432 sed
1226 403 1303 431 mihi
1322 403 1360 431 ita
1382 399 1505 441 persuasi
1518 423 1528 435 ‚
1551 411 1578 432 te
1588 414 1708 445 quoque
1722 407 1871 436 iniisdem
1882 405 1989 434 versari
2003 402 2112 435 rebus,

1155 455 1219 485 quae
1232 463 1240 477 ,
1259 445 1351 473 etiam
1362 441 1382 472 fi
1394 444 1458 473 min
1465 442 1499 473 us
1509 444 1679 483 prodeffent
1689 466 1697 480 ,
1709 449 1848 485 animum
1861 456 1962 477 tamen
1972 446 1988 475 a
2001 444 2116 477 sollici-

1156 487 1260 516 tudine
1279 485 1468 515 abducerent.
1491 489 1611 517 Servius
1630 485 1753 528 quidem
1770 498 1839 519 tuus
1859 490 1891 518 in
1911 487 2056 518 omnibus
2066 487 2117 514 in-

1155 530 1260 570 genuis
1270 527 1380 561 artibus
1390 547 1398 560 ‚
1420 529 1451 556 in
1462 529 1626 569 primisque
1638 531 1691 559 hac
1701 550 1711 563 ‚
1723 532 1755 560 in
1766 541 1824 571 qua
1835 540 1891 571 ego
1902 540 1951 559 me
1962 526 2060 568 scripsi
2069 536 2118 557 ac-

1157 571 1307 612 quiescere
1318 590 1326 603 ,
1339 571 1378 599 ita
1389 569 1530 602 versatur,
1544 580 1575 600 ut
1585 571 1718 601 excellat.
1743 575 1769 602 A
1779 582 1828 602 me
1839 571 1911 602 vero
1922 570 1959 601 fic
1969 571 2117 610 diligitur,

1159 621 1190 643 ut
1212 611 1267 642 tibi
1289 614 1341 641 uni
1360 611 1522 641 concedam
1537 632 1544 644 ‚
1565 621 1703 652 pi·a:terea
1721 615 1849 643 nemini.
1874 614 2010 653 mihique
2028 611 2064 641 ab
2080 620 2118 641 eo

1157 656 1246 697 gratia
1257 652 1380 683 refertur
1395 655 1442 682 :in
1455 663 1515 693 quo
1529 654 1578 683 ille
1595 653 1759 688 existimat,
1770 654 1853 695 quod
1866 654 1955 684 facile
1967 661 2100 694 appareat
2110 671 2120 685 ‚

1158 706 1228 726 curn
1252 704 1301 741 me
1320 696 1398 726 colat
1409 715 1417 727 ‚
1448 696 1480 725 δε
1502 695 1640 726 observet
1652 721 1660 734 ,
1680 696 1735 727 tibi
1757 706 1876 738 quoque
1896 698 1928 726 in
1942 706 1978 726 eo
1989 694 2121 726 sefacere

1157 735 1369 780 gratissimum.
1393 737 1476 767 Vale.

1313 789 1411 817 MT.
1424 789 1457 817 c.
1479 790 1506 818 s.
1521 791 1560 818 D.
1584 791 1684 820 SER.
1708 790 1962 820 SULP1C1oi

1166 832 1246 910 A
1261 834 1285 862 C
1297 842 1316 862 c
1329 844 1339 862 1
1354 843 1370 863 P
1385 843 1396 862 1
1411 843 1430 863 o
1441 835 1666 866 excusationem
1676 846 1756 866 tuam
1769 856 1777 869 ‚
1789 846 1846 876 qua
1855 835 1922 866 usus
1942 845 1972 865 es
1983 854 1991 868 ‚
2010 843 2062 865 cur
2070 833 2124 864 sae-

1252 877 1318 915 pius
1332 875 1367 905 ad
1379 885 1427 905 me
1440 877 1550 907 litteras
1561 888 1623 908 uno
1633 879 1777 918 exemplo
1788 876 1914 908 dedisses
1926 888 1931 906 ·.
1945 876 1993 907 sed
2008 877 2125 916 accipio

1162 926 1201 947 ex
1212 926 1244 946 ca
1254 926 1333 957 parte
1345 937 1353 950 ‚
1369 927 1514 958 quatenus
1525 929 1574 950 aut
1585 920 1768 961 negligentia
1781 939 1789 953 ,
1808 929 1857 950 aut
1869 918 2059 959 improbitate
2069 927 2123 947 eo-

1163 969 1230 990 rum
1245 978 1252 991 ,
1263 960 1316 1000 qui
1325 959 1465 999 epistolas
1475 963 1622 1002 accipiant
1634 983 1643 995 ,
1655 962 1719 993 fieri
1735 962 1836 993 scribis
1848 983 1856 995 ,
1869 972 1907 991 ne
1916 961 1954 991 ad
1962 969 2016 990 nos
2027 958 2125 1000 perfe-

1162 1009 1271 1031 rantur.
1295 1002 1378 1032 illam
1390 1011 1502 1041 partem
1515 1005 1714 1035 excusationis
1725 1024 1734 1038 ,
1759 1014 1815 1044 qua
1826 1013 1853 1034 te
1864 1003 1966 1034 scribis
1977 1002 2126 1032 orationis

1164 1052 1330 1089 paupertate
1358 1043 1367 1082 (
1380 1043 1417 1074 sic
1445 1048 1528 1075 enim
1558 1046 1705 1088 appellas)
1730 1046 1837 1076 iisdem
1865 1045 1963 1076 verbis
1985 1041 2125 1084 epistolas

1165 1087 1271 1124 iaepius
1285 1087 1404 1114 mittere
1415 1105 1423 1118 ,
1437 1090 1448 1113 3
1463 1097 1517 1117 nec
1527 1089 1628 1121 nosco,
1642 1098 1697 1118 nec
1707 1088 1812 1128 probo.
1836 1090 1873 1118 Et
1883 1097 1938 1127 ego
1948 1086 2020 1126 ipse,
2031 1094 2125 1125 quem

1165 1135 1196 1155 tu
1215 1135 1267 1165 per
1283 1127 1388 1165 jocum
1408 1128 1417 1165 (
1432 1126 1469 1158 slc
1479 1131 1563 1159 enim
1578 1132 1693 1170 accipio
1707 1132 1716 1170 )
1736 1130 1854 1160 divitias
1863 1130 2006 1159 orationis
2016 1127 2124 1158 habere

1164 1167 1240 1198 dicis
1252 1187 1260 1200 ,
1289 1177 1339 1197 me
1349 1177 1413 1197 non
1424 1168 1481 1199 effe
1491 1170 1653 1200 verborum
1662 1171 1829 1201 admodum
1840 1172 1965 1211 inopem
1976 1169 2104 1210 agnosco
2117 1178 2124 1198 :

1166 1207 1353 1249 εἰρωνόᾙεᾶὶοη
1374 1212 1457 1240 enim
1477 1221 1541 1242 non
1564 1211 1677 1243 necesse
1700 1212 1756 1242 est:
1776 1212 1823 1243 sed
1836 1222 1936 1243 tamen
1947 1212 2030 1241 idem
2048 1210 2127 1249 (nec

1166 1256 1224 1285 hoc
1244 1254 1485 1295 εἰρωνόὺόμᾲῶυ)
1504 1254 1591 1284 facile
1601 1255 1677 1285 cedo
1690 1264 1811 1285 tuorum
1825 1254 1999 1294 scriptorum
2011 1253 2129 1283 subtili-

1166 1299 1238 1331 tati,
1262 1299 1468 1340 &elegantiae.
1492 1297 1661 1329 Consilium
1671 1307 1756 1328 tuum
1771 1318 1780 1331 ‚
1793 1307 1890 1338 quote
1901 1297 1988 1327 usum
1999 1295 2101 1327 scribis
2114 1315 2126 1330 2

1167 1342 1224 1372 hoc
1232 1342 1397 1375 Achaicum
1409 1342 1565 1383 negotium
1577 1351 1640 1370 non
1649 1339 1823 1371 recusaviss'e
1834 1338 1923 1373 ‚cum
1935 1339 2049 1378 semper
2057 1347 2128 1378 pro-

1168 1382 1313 1414 bavissem
1326 1404 1334 1417 ‚
1356 1382 1422 1413 turn
1435 1383 1533 1413 multo
1544 1385 1638 1424 magis
1646 1383 1771 1423 probavi
1783 1402 1792 1416 ‚
1814 1380 1899 1411 lestis
1910 1383 1968 1411 tuis
1976 1380 2131 1420 proximis

1169 1426 1286 1456 litteris.
1310 1428 1424 1456 Omnes
1435 1426 1518 1455 enim
1530 1426 1621 1455 causae
1634 1444 1642 1458 ‚
1665 1434 1735 1465 quas
1746 1433 1970 1454 commemoras
1982 1442 1992 1456 ‚
2002 1420 2129 1461 justini-

1170 1477 1228 1498 mae
1240 1467 1307 1498 sunt
1321 1487 1330 1502 ‚
1351 1476 1458 1508 tuaque
1469 1467 1501 1498 &
1510 1466 1683 1497 :infirmitate
1695 1486 1703 1500 ,
1728 1465 1926 1506 &prudentia
1934 1463 2128 1506 digniss'imae.

1171 1508 1262 1551 Qod
1273 1510 1357 1540 aliter
1367 1508 1504 1540 cecidisse
1514 1519 1578 1539 rem
1589 1507 1743 1539 existimas
1754 1528 1764 1542 ,
1774 1516 1861 1548 atque
1871 1508 2011 1547 opinatus
2021 1505 2073 1537 fis:
2094 1508 2128 1539 id

1169 1553 1227 1583 tibi
1243 1552 1331 1582 nullo
1356 1551 1452 1582 modo
1462 1549 1610 1581 assentior.
1633 1551 1690 1581 Sed
1703 1552 1772 1591 quia
1782 1558 1861 1579 tanta
1870 1548 2071 1589 perturbatio,
2096 1549 2131 1580 δε

1168 1592 1310 1626 confusio
1327 1593 1371 1624 est
1388 1603 1506 1625 rerum:
1527 1595 1568 1623 ita
1586 1592 1735 1633 perculsa,
1762 1591 1795 1622 δε
1812 1588 2132 1631 prostratasoedist'imo

1167 1636 1359 1676 bellojacent
1371 1638 1521 1670 omnia,ut
1530 1636 1556 1665 is
1567 1638 1675 1675 cuique
1686 1635 1786 1667 locus,
1807 1632 1884 1663 4ubi
1894 1633 1954 1673 ipse
1968 1630 2001 1662 fit
2014 1652 2022 1666 ‚
2034 1643 2067 1664 ut
2077 1632 2134 1664 fibi

1171 1679 1295 1721 quisque
1314 1679 1503 1709 miserrimus
1518 1675 1575 1708 effe
1586 1678 1720 1707 videatur
1733 1687 1739 1705 :
1756 1676 1909 1716 propterea
1920 1674 2006 1704 &tui
2019 1684 2044 1705 te
2055 1685 2134 1706 con-

1172 1720 1228 1751 silii
1237 1722 1366 1761 poenitet
1377 1730 1384 1749 t
1396 1721 1428 1750 δε
1440 1729 1496 1750 nos
1509 1739 1517 1752 ,
1530 1721 1581 1760 qui
1593 1719 1679 1749 domi
1692 1718 1806 1751 sumus,
1818 1717 1873 1747 tibi
1884 1717 1959 1746 beati
1972 1716 2132 1747 videmur:

1171 1771 1310 1793 arcontra
1321 1762 1410 1793 nobis
1422 1782 1431 1796 ‚
1455 1772 1520 1792 non
1534 1771 1564 1791 tu
1575 1760 1700 1802 quidem
1711 1768 1820 1790 vacuus
1832 1757 1978 1789 molestiis
1991 1778 2002 1792 ,
2014 1759 2061 1789 sed
2073 1769 2134 1799 pra:

1173 1805 1264 1836 nobis
1275 1804 1386 1834 beatus.
1409 1807 1504 1844 Atque
1516 1804 1573 1833 hoc
1584 1804 1648 1843 ipso
1660 1803 1771 1832 melior
1781 1800 1824 1831 est
1833 1810 1892 1835 tua,
1904 1801 1997 1840 quam
2007 1800 2108 1832 nostra
2118 1820 2130 1836 ‚

1172 1846 1311 1878 conditio
1321 1866 1330 1879 ‚
1351 1845 1435 1887 quod
1451 1855 1482 1876 tu
1496 1865 1505 1880 ‚
1529 1846 1601 1886 quid
1612 1845 1729 1878 doleat,
1745 1844 1869 1873 scribere
1879 1842 1969 1872 audes
1983 1852 1991 1871 τ
2006 1852 2062 1873 nos
2073 1862 2084 1877 ,
2094 1852 2135 1873 ne

1176 1888 1206 1918 id
1217 1887 1341 1929 quidem
1353 1887 1419 1918 tuto
1428 1886 1599 1928 possumus:
1622 1897 1677 1916 nec
1688 1885 1718 1915 id
1732 1885 1857 1916 vi&oris
1866 1886 1943 1914 vitio
1954 1904 1969 1917 ,
1983 1893 2045 1924 quo
2055 1884 2136 1915 nihil

1174 1930 1371 1964 moderatius,
1384 1930 1433 1960 scd
1444 1928 1534 1970 ipsius
1543 1928 1690 1961 vi&01·iae‚
1701 1938 1766 1969 qnae
1774 1926 1915 1957 civilibus
1923 1926 2011 1956 bellis
2018 1927 2137 1967 semper

1175 1971 1218 2003 est
1237 1972 1383 2002 insolens.
1407 1975 1480 2002 Uno
1490 1981 1516 2002 te
1526 1972 1674 2001 vicimus:
1697 1969 1781 2011 quod
1791 1969 1827 1999 de
1839 1968 1992 2001 Marcelli,
2012 1969 2135 2010 collegae

1174 2016 1217 2045 tui
1230 2034 1239 2049 ,
1261 2014 1351 2045 salute
1362 2014 1452 2054 paulo
1459 2013 1527 2044 ante
1544 2033 1552 2048 ,
1563 2014 1654 2054 quam
1665 2022 1697 2042 tu
1709 2032 1717 2046 ‚
1729 2013 1950 2052 cognovimus:
1969 2012 2060 2041 etiam
2070 2019 2137 2041 me·

1173 2057 1295 2086 hercule
1306 2076 1315 2090 ,
1335 2056 1418 2097 quod
1427 2077 1437 2090 ‚
1448 2054 1708 2097 quemadmodum
1719 2064 1751 2084 ea
1764 2064 1809 2084 res
1818 2061 1951 2094 ageretur
1960 2072 1969 2086 ‚
1984 2052 2134 2083 vidimus.

1175 2101 1260 2128 Nam*
1268 2096 1306 2128 slc
1315 2097 1359 2129 sac
1370 2097 1526 2129 existimes
1537 2108 1542 2126 :
1554 2096 1619 2138 post
1628 2099 1678 2127 has
1692 2096 1823 2126 miserias
1833 2115 1842 2129 ,
1855 2094 1886 2124 id
1900 2093 1943 2125 est
1953 2114 1963 2128 ,
1973 2093 2134 2135 postquam

1175 2142 1267 2171 armis
1285 2140 1442 2181 disceptari
1463 2149 1598 2178 coeptum
1619 2138 1662 2168 est
1676 2138 1714 2167 de
1729 2139 1796 2178 jure
1817 2135 1941 2177 publico
1951 2155 1960 2170 ,
1989 2133 2136 2166 nihiless‘e

1175 2181 1277 2212 aditum
1295 2182 1377 2211 aliud
1396 2190 1466 2211 cum
1487 2181 1643 2222 dignitate.
1667 2182 1749 2209 Nam
1769 2179 1803 2209 &
1828 2177 1889 2218 ipse
1907 2177 2000 2208 Caesar
2007 2177 2137 2208 accusata

1174 2223 1331 2254 acerbitate
1342 2223 1478 2253 Marcelli
1490 2242 1498 2256 ,
1526 2227 1535 2261 (
1547 2221 1585 2252 fic
1595 2224 1678 2252 enim
1689 2220 1852 2262 appellabat
1866 2220 1876 2259 )
1896 2219 2068 2260 laudataque
2078 2219 2136 2248 ho·

1176 2263 1437 2296 norificentiffime
1456 2265 1489 2295 &
1511 2266 1706 2306 aequitatetua
1719 2284 1731 2296 ,
1751 2261 1968 2302 &prudentia‚
1986 2259 2109 2301 repente
2121 2279 2132 2294 .

1175 2316 1277 2347 praeter
1303 2307 1386 2347 spem
1407 2307 1503 2340 dixit,
1525 2306 1554 2336 se
1572 2306 1685 2336 senatui
1701 2305 1817 2346 roganti
1837 2303 1872 2333 de
1887 2303 2052 2336 Marcello,
2070 2300 2136 2333 ⁶ne

1177 2349 1315 2379 hominis
1334 2348 1458 2388 quidem
1479 2348 1562 2378 causa
1573 2356 1760 2388 negaturum.
1784 2347 1902 2375 Fecerat
1911 2353 2013 2375 autem
2025 2345 2082 2375 hoc
2091 2343 2137 2374 se-

1178 2398 1264 2420 natus
1274 2408 1284 2422 ,
1297 2398 1340 2423 ut,
1353 2389 1424 2419 cum
1435 2390 1450 2419 a
1460 2391 1495 2418 L.
1508 2389 1614 2419 Pisone
1625 2389 1743 2418 mentio
1755 2385 1826 2416 ess'et
1836 2385 1912 2418 saera
1922 2386 1959 2416 de
1969 2387 2115 2416 Marcello
2126 2405 2136 2420 2

1179 2431 1212 2461 δε
1220 2441 1290 2460 cum
1301 2433 1334 2461 C.
1344 2430 1506 2460 Marcellus
1517 2431 1545 2460 se
1555 2429 1589 2460 ad
1601 2430 1719 2460 Caesaris
1729 2429 1819 2469 pedes
1834 2427 1980 2467 abjecisset
1992 2449 2001 2462 ,
2010 2427 2139 2459 cunCms

1179 2473 1370 2513 consurgeret
1381 2492 1390 2506 ‚
1404 2472 1436 2502 ὃς
1445 2471 1481 2502 ad
1497 2472 1640 2502 Caesarem
1653 2471 1776 2511 supplex
1786 2471 1946 2502 accederet.
1970 2471 2047 2501 Noli
2057 2480 2140 2511 quae-

1179 2524 1254 2544 rere.
1265 2516 1305 2544 ira
1317 2515 1393 2544 mihi
1404 2515 1526 2554 pulcher
1534 2515 1584 2543 hic
1593 2514 1657 2544 dies
1667 2514 1748 2544 uisus
1758 2512 1800 2543 est
1811 2523 1860 2547 3ut
1869 2513 1998 2553 speciem
2007 2513 2140 2553 aliquam

1180 2556 1301 2587 viderer
1320 2556 1423 2587 videre
1433 2554 1511 2597 quasi
1522 2556 1727 2587 reviviscentis
1737 2557 1810 2596 reip.
1834 2558 1936 2596 Itaque
1946 2554 2018 2585 cum
2029 2563 2140 2585 omnes

2069 2604 2139 2626 ante

1157 2700 1159 2714 ‚
1177 2687 1238 2704 nam
1248 2687 1296 2714 pro
1306 2684 1344 2710 ut,
1355 2686 1384 2703 ac
1393 2677 1472 2705 habet
1483 2677 1617 2705 stewech.
1627 2677 1713 2704 Vatic.
1728 2677 1808 2713 vulgo
1823 2688 1829 2705 ς
1842 2678 1882 2703 ubi
1891 2677 1983 2712 lpfifit,
1994 2676 2142 2711 miserrimus·

1156 2725 1160 2740 l
1178 2715 1219 2748 esse
1228 2715 1356 2741 videatur.

1216 2767 1242 2792 5.
1261 2759 1329 2790 Qud
1337 2765 1373 2790 ru,
1384 2759 1442 2792 quid
1449 2757 1643 2792 dolcat,scribere
1652 2758 1751 2793 mdes]
1773 2757 1871 2784 Melius
1881 2755 1914 2783 fic
1923 2754 2068 2782 Victorius.
2080 2755 2140 2783 Pit.

1157 2814 1158 2818 ,
1178 2804 1218 2828 pr.
1233 2796 1294 2821 Vnt.
1307 2794 1392 2830 licque
1403 2803 1435 2820 ex
1450 2794 1578 2821 Medic-xo
1591 2814 1598 2826 ,
1618 2794 1649 2821 ad
1661 2795 1773 2829 primam
1784 2791 1980 2829 imprcffionem
1989 2792 2143 2822 emendarit

1180 2831 1321 2866 Egnatius.
1341 2830 1422 2857 ceteri
1435 2839 1461 2856 ο,
1471 2830 1557 2856 doleas.

1215 2880 1234 2905 6
1239 2900 1244 2906 .
1264 2884 1299 2906 Ne
1309 2880 1407 2905 hominis
1416 2879 1508 2913 quidem
1518 2879 1590 2912 causa
1600 2878 1765 2912 negaturum]
1788 2878 1866 2903 Hanc
1876 2877 2021 2906 leffionem
2032 2886 2144 2908 tuentur

1156 2923 1158 2951 j
1180 2923 1296 2951 quatuor
1306 2915 1374 2942 Pall.
1395 2915 1543 2941 Grut.t1·es
1555 2914 1704 2940 urilielmio
1725 2913 1855 2941 consulti:
1878 2923 1964 2950 neque
1973 2916 2052 2943 aliter
2062 2917 2146 2953 prisea

1156 2952 1157 2975 l
1180 2953 1281 2979 editio:
1302 2950 1457 2988 particulam
1469 2949 1613 2976 immiscuit
1627 2950 1734 2986 quintus
1747 2968 1755 2981 ,
1775 2959 1808 2977 ex
1820 2959 1870 2986 qua
1890 2959 1978 2978 tamen
1996 2954 2084 2989 potius
2095 2962 2146 2980 no-

1180 2990 1237 3016 strae
1247 2988 1357 3015 lectioni
1369 2986 1471 3023 pondus
1482 2985 1581 3012 accedi:
1593 2995 1601 3016 ι,
1623 2986 1670 3013 'troc
1681 2985 1760 3013 modo
1772 2997 1778 3013 2
1800 2996 1828 3012 ne
1838 2986 1863 3010 de
1872 2988 2072 3024 hominisquidem
2085 2997 2144 3015 cau.

1171 3025 1215 3058 sa.
1251 3024 1365 3051 Victorii
1385 3021 1536 3049 emendatio
1556 3022 1613 3057 plus
1644 3022 1771 3049 acuminis
1791 3022 1878 3059 primo
1896 3024 1998 3051 intuitu
2016 3024 2144 3056 ostendit‚·

1180 3062 1260 3096 quam
1277 3060 1373 3086 veritas
1386 3058 1489 3085 excussa
1500 3059 1601 3094 praestct
1615 3068 1619 3084 :
1645 3059 1742 3099 quippe
1762 3059 1883 3086 volebat:
1906 3070 1934 3086 m
1952 3061 2035 3088 ominis
2052 3061 2148 3095 quidem

1180 3097 1267 3129 cauſsa:
1278 3095 1357 3122 sedin
1368 3095 1417 3122 illo
1439 3094 1610 3121 vetustissimo
1621 3094 1680 3122 cod.
1702 3095 1787 3122 solens
1799 3095 1923 3131 aspiratio
1933 3096 2057 3133 neglcsta
2075 3104 2146 3129 erat,

1180 3145 1209 3164 ut
1223 3137 1248 3163 in
1261 3136 1417 3163 innumeris.
1438 3135 1583 3162 Lambinus
1602 3144 1633 3162 rie
1645 3136 1707 3163 esset
1720 3129 1908 3173 ἐσύμξολῶι
1920 3157 1929 3171 ,
1943 3138 2044 3165 multos
2055 3136 2149 3164 futiles

1178 3176 1253 3212 logos
1266 3176 1371 3216 attulit:
1390 3174 1519 3216 Videatur
1539 3185 1644 3211 quoque
1664 3177 1819 3207 Manutius:
1841 3186 1903 3216 nam
1916 3187 1974 3215 quae
1994 3176 2149 3205 volebamus

1177 3211 1453 3245 coiitraLambmum‚
1464 3211 1512 3240 ille
1526 3212 1661 3250 praecepit.
1922 3222 1940 3228 ‘⁴

2038 3256 2051 3276 ι
2057 3267 2063 3275 .
2073 3251 2154 3276 (ἵει-ι’)
