2337 3400
132 700 156 732 9

116 2010 160 2034 10

169 86 270 164 9244
578 90 1091 140 M.Tu1.r,11

168 183 290 219 scribis)
309 179 442 219 praesenti
469 175 599 206 sermoni
632 172 826 202 reserventur.
858 168 916 197 hoc
934 174 1034 196 tamen
1053 172 1117 193 non

168 234 246 263 queo
265 221 391 253 differre.
416 219 458 248 Id.
481 218 568 255 Majis
579 215 694 244 senatus
705 211 864 252 frequenS,
885 209 1007 238 divinus
1021 205 1119 235 fuitin

169 264 382 302 supplicatione
407 259 538 289 Gabinio
558 254 739 296 deneganda.
762 252 887 291 Adjurat
905 249 1049 280 Procilius
1067 247 1125 275 hoc

171 306 286 334 nemini
305 300 448 333 accidisl‘e.
482 299 564 329 Foris
583 298 667 327 valde
688 294 848 336 plauditur.
882 293 959 321 milii
982 288 1054 320 cum
1076 288 1126 318 sua

169 344 451 384 fponrejucundum
463 361 471 375 ‚
491 337 726 379 tum-jucundius
738 355 747 370 >
773 333 856 376 quod
867 343 915 363 me
926 332 1043 363 absente
1063 327 1125 369 (est

170 397 255 425 enim
268 386 429 429 εἱλικρινὲς
442 388 614 430 judicium)
634 387 693 416 sine
705 385 929 425 oppugnatione
941 402 949 414 ,
969 380 1028 410 fine
1036 382 1128 421 gratia

170 436 279 466 nostra.
298 443 378 464 eram
402 434 495 463 Antii.
519 429 610 471 Qod
630 428 732 458 Idibus
745 447 752 460 ‚
775 427 807 455 &
827 424 967 465 postridie
977 421 1125 452 fueratdi-

173 478 255 508 (stum
272 498 280 511 ,
300 477 336 507 de
348 485 415 517 agro
426 477 579 513 Campano
593 470 693 501 aftum
705 471 754 502 iri,
764 477 827 497 non
839 465 881 496 est
894 465 1005 496 ackum.
1028 466 1064 493 In
1075 464 1128 493 hac

172 521 256 550 causa
290 519 367 548 mihi
394 526 471 558 aqua
497 516 584 543 haret.
617 511 674 542 Sed
693 512 776 551 plura
791 509 883 550 quam
902 506 1126 538 constitueram.

172 563 272 592 corum
291 561 384 591 enim.
409 559 500 591 Vale,
521 558 564 585 mi
574 556 710 595 optime,
732 548 952 591 &optatissime
965 547 1072 580 frater,
1093 546 1125 575 δε

169 604 288 651 advola.
311 601 397 631 Idem
408 610 436 630 te
447 598 541 629 nostri
550 605 654 637 rogant
661 596 748 642 pueri
759 592 851 623 :illud
861 592 973 622 scilicet
987 610 996 625 ‚
1007 588 1128 620 cenabis

174 655 245 676 cum
259 653 385 675 veneris.

365 683 574 714 MARCUS
595 683 632 719 Q.
656 679 858 710 FRATRI
872 696 880 709 2
904 678 934 706 S.

253 730 467 758 LAchonuM
486 725 541 754 tibi
560 721 616 753 essc
627 721 740 751 librum
754 729 859 749 meum
873 714 1053 757 suspicabar:
1068 723 1128 744 tam

252 771 336 800 valde
354 765 512 809 placuiss'e‚
535 765 625 806 quam
643 763 746 794 scribis
758 782 766 795 ,
784 760 870 791 valde
891 758 1015 801 gaudeo.
1038 755 1130 797 Qod

174 823 225 843 me
236 813 380 843 admones
392 814 400 829 ¹
414 809 449 840 de
462 807 560 838 nostra
570 807 692 838 Urania,
705 803 864 842 suadesque
877 810 909 830 ut
920 801 1128 829 meminerim.

170 857 258 897 Jovis
277 855 445 884 orationem
457 871 466 884 ,
484 859 550 891 quae
560 848 644 878 estin
653 845 855 877 extremoillo
877 842 974 872 libro:
993 850 1048 882 ego
1059 838 1132 869 vero

175 898 329 928 memini,
351 895 383 925 &
405 894 455 923 illa
465 893 569 922 omnia
579 891 654 919 mihi
668 889 762 929 magis
775 879 870 925 scripsi
884 905 893 918 ,
912 883 1003 925 quam
1013 883 1130 912 ceteris.

174 938 232 970 Sed
251 947 350 968 tamen
368 934 510 977 postridie
522 954 530 967 ‚
555 931 644 971 quam
666 939 697 960 tu
707 939 737 959 es
747 926 898 968 profe&us
909 945 918 960 ,
936 925 1031 955 multa
1042 921 1133 953 nofflze

175 991 246 1012 cum
259 979 398 1009 Vibullio
407 978 477 1008 veni
486 975 520 1005 ad
534 973 725 1012 Pompejum.
749 972 885 1010 Cumque
896 977 951 1008 ego
961 964 1083 1008 egill'em
1095 964 1132 994 de

174 1022 240 1053 istis
262 1021 421 1061 operibus,
441 1027 527 1058 atque
547 1012 813 1054 inscriptionibus,
831 1020 883 1051 per
901 1010 978 1039 mihi
1000 1006 1130 1048 benigne.

169 1064 343 1105 respondit:
361 1057 501 1102 magnam
527 1058 608 1098 spem
630 1055 739 1086 attulit.
762 1063 832 1084 cum
847 1050 945 1082 Crass‘o
955 1051 983 1080 se
993 1050 1071 1079 dixit
1086 1050 1132 1077 lo—

176 1106 314 1148 quivellc
328 1115 333 1134 ;
353 1104 488 1142 mihique
501 1109 532 1130 ut
544 1100 624 1129 idem
635 1097 763 1127 facerem
775 1116 783 1129 ,
802 1093 895 1126 suasit.
919 1090 1052 1123 Crassum
1063 1099 1130 1118 cos.

175 1158 216 1178 ex
241 1149 341 1177 senatu
360 1145 489 1175 domum
509 1141 615 1172 reduxi
637 1151 642 1169 z
662 1139 786 1178 suscepit
804 1146 868 1167 rem
891 1146 896 1164 ;
915 1135 1051 1173 dixitque
1073 1129 1131 1161 effe

171 1189 255 1230 quod
266 1188 390 1219 Clodius
399 1188 458 1216 hoc
467 1193 602 1224 tempore
611 1189 730 1221 cuperet
739 1190 790 1220 pei·
801 1179 876 1211 se,&
885 1187 937 1217 per
947 1173 1130 1213 Pompejum

172 1232 317 1272 consequi
335 1237 450 1269 :putare
461 1228 500 1260 se,
510 1225 530 1255 si
540 1235 595 1266 ego
605 1234 674 1254 eum
687 1233 753 1252 non
766 1219 947 1261 impedirem
959 1238 968 1250 ,
986 1213 1068 1256 posse
1080 1223 1131 1243 me

173 1273 297 1314 adipisci
309 1271 368 1301 fine
376 1271 572 1300 contentione
580 1266 662 1307 quod
673 1265 796 1295 vellem.
821 1270 919 1293 totum
933 1261 960 1289 ei
972 1259 1129 1298 negotium

196 1313 294 1345 ermisi
307 1335 315 1348 ‚
339 1322 448 1353 meque
466 1314 497 1341 in
514 1311 577 1350 ejus
588 1306 805 1349 potestatedixi
816 1304 890 1335 fore.
909 1299 1052 1332 Interfuit
1061 1299 1131 1328 huic

174 1359 307 1388 sermoni
319 1359 348 1386 P.
360 1352 473 1385 Crassus
485 1351 656 1383 adolescens
667 1369 675 1383 ,
690 1347 782 1379 nostri
801 1346 854 1385 (ut
864 1345 939 1384 scis)
960 1338 1130 1373 studiosissi-

173 1409 257 1429 mus·
283 1397 362 1428 Illud
370 1406 470 1426 autem
483 1416 491 1429 ‚
504 1393 586 1435 quod
596 1389 816 1432 cupitClodius
830 1408 838 1421 ,
851 1386 893 1418 est
904 1386 1012 1427 legatio
1022 1384 1130 1423 aliqua:

174 1440 196 1471 si
209 1440 315 1470 minus
325 1449 375 1480 per
384 1438 531 1470 senatum,
540 1435 597 1476 'per
607 1433 767 1475 populum,
780 1429 877 1463 ubera,
889 1437 938 1458 aut
950 1427 1130 1467 Byzantium

172 1486 189 1502 ²
200 1492 249 1513 aut
258 1482 292 1512 ad
302 1482 498 1521 Brogitarum,
507 1487 556 1508 aut
565 1485 739 1515 utrumque.
762 1473 853 1504 Plena
862 1480 907 1501 res
916 1476 1130 1500 nummorum.

176 1523 269 1565 Qod
287 1534 342 1564 ego
365 1531 429 1552 non
447 1519 583 1551 nimium
598 1518 718 1549 laboro,
737 1517 828 1545 etiam
840 1512 860 1543 si
871 1510 975 1542 minus
985 1508 1131 1549 ass'equor,

172 1565 256 1606 quod
278 1565 362 1595 volo.
385 1562 545 1602 Pompejus
561 1569 662 1590 tamen
680 1567 750 1588 cum
761 1553 862 1586 Crasso
872 1550 1040 1584 locutusest
1052 1570 1062 1584 ,
1086 1551 1135 1579 vi-

174 1610 284 1638 dentur
301 1606 459 1647 negotium
479 1599 643 1641 suscepisse.
666 1599 686 1628 fi
707 1596 865 1638 perficiunt
890 1605 896 1624 :
929 1592 1056 1634 optime.
1088 1589 1130 1620 fin

174 1649 300 1680 minus:
317 1649 352 1678 ad
377 1646 514 1676 nostrum
533 1645 642 1685 Jovem
661 1648 853 1670 revertamur.
879 1640 892 1664 3
909 1636 984 1666 A.d.
999 1644 1059 1664 111.
1082 1633 1128 1662 Id.

176 1692 263 1731 Maij.
284 1701 305 1720 s.
328 1699 356 1719 c.
375 1686 417 1718 est
438 1687 552 1717 fastum
575 1685 611 1714 de
629 1683 746 1712 ambitu
768 1684 799 1710 in
811 1679 926 1710 Afranii
940 1677 1128 1708 sententiam,

174 1743 267 1773 quam
277 1741 332 1772 ego
342 1731 490 1762 dixeram,
499 1727 569 1758 cum
580 1723 747 1756 tu'adess'es:
760 1722 808 1752 sed
819 1730 929 1761 magno
939 1729 1007 1749 cum
1017 1719 1132 1759 gemitu

176 1776 304 1805 senatus.
322 1775 408 1802 Coss.
429 1780 492 1801 non
511 1771 579 1799 sunt
596 1766 740 1807 persecuti
762 1773 868 1794 eorum
882 1761 1060 1791 sententias:
1081 1759 1133 1798 qui

176 1816 302 1846 Afranio
317 1824 388 1845 cum
401 1812 493 1844 essent
505 1808 604 1841 ass'ensi
617 1828 624 1841 ,
637 1806 815 1837 addiderunt
828 1824 836 1838 ‚
848 1813 892 1834 υτ
904 1810 1082 1832 PRAETORES
1092 1809 1133 1829 ita

177 1866 345 1891 crearentur
364 1876 373 1890 ,
406 1854 511 1885 utdies
531 1861 585 1881 Lx.
610 1850 716 1889 privati
737 1846 841 1876 ess'cnt.
860 1854 897 1874 eo
913 1843 961 1874 die
983 1845 1131 1872 Catonem

175 1901 264 1942 plane
284 1898 485 1939 repudiarunt.
508 1892 589 1933 Quid
608 1891 727 1920 multa?
746 1896 850 1919 tenent
861 1885 1084 1924 omniazidque
1094 1884 1134 1913 ita

176 1943 299 1974 omneis
309 1940 476 1980 intelligere
486 1938 605 1967 volunt.

378 1980 590 2011 MARCUS
613 1978 651 2014 Q.
673 1974 871 2005 FRATR1
886 1991 895 2004 ,
911 1974 941 2002 s.

273 2029 302 2056 U
315 2025 435 2057 metuis,
447 2032 484 2051 ne
496 2030 544 2049 me
557 2017 749 2057 interpelles?
768 2013 869 2055 primo
883 2012 904 2042 si
913 2016 946 2043 in
958 2010 1015 2042 isto
1025 2009 1129 2042 essem,

275 2078 305 2099 tu
317 2068 382 2100 scis,
393 2064 479 2106 quid,
491 2061 523 2091 sit
533 2059 731 2100 interpellare.
753 2061 770 2084 4
779 2061 828 2087 An
839 2065 866 2086 te
878 2056 981 2094 Atejus
994 2054 1131 2083 ?meher-

175 2111 243 2142 cule
272 2110 350 2139 mihi
370 2108 477 2138 docere
496 2103 643 2134 videbaris
663 2100 750 2130 istius
768 2099 884 2140 generis
902 2097 1130 2126 humanitatem:

175 2163 234 2195 qua
250 2151 375 2192 quidem
400 2158 456 2189 ego
474 2145 552 2176 nihil
564 2153 631 2174 utor
641 2143 691 2174 abs
701 2151 739 2172 te.
763 2144 814 2171 Tu
825 2139 897 2170 verb
908 2160 916 2173 ‚
940 2148 970 2168 ut
981 2147 1031 2167 me
1041 2137 1073 2167 δε
1084 2147 1128 2177 apr

176 2194 270 2235 pelles
280 2213 289 2227 ,
313 2189 526 2230 &interpelles
537 2208 544 2221 ,
558 2187 591 2216 ὃς
605 2185 769 2224 obloquare
781 2202 789 2216 ,
802 2182 835 2212 δε
845 2181 1015 2221 colloquare
1024 2182 1131 2210 velim.

176 2235 260 2277 Qid
282 2236 366 2265 enim
379 2233 456 2262 mihi
466 2231 607 2260 suavius?
625 2229 701 2257 Non
712 2222 885 2255 mehercule
894 2223 1051 2263 quisquam
1062 2235 1131 2267 με-

1173 86 1711 139 CICERoN1s

1165 175 1220 220 ego
1240 174 1267 196 te
1286 166 1375 196 audio
1385 177 1573 212 quacumque
1585 171 1620 201 de
1631 182 1661 202 re
1671 192 1680 206 ,
1700 171 1835 212 publica,
1850 173 1961 215 privata
1972 190 1981 205 ‚
2000 170 2118 202 rust-icas

1167 207 1287 254 urbana.
1310 207 1367 238 Sed
1385 218 1452 238 mea
1469 209 1584 240 iactum
1604 212 1646 243 est
1663 217 1676 241 5
1695 215 1802 245 insulsa
1820 214 2017 248 verecundia,
2037 222 2068 244 ut
2088 222 2119 244 te

1166 248 1357 288 proficiscens
1368 259 1431 279 non
1441 251 1593 281 tollerem.
1608 255 1777 294 opposuisti
1786 257 1877 288 semel
1887 256 1902 278 ⁶
1912 257 2121 291 ω’νπίσῑικτυν

1167 299 1282 344 causam
1296 318 1304 332 ‚
1329 300 1484 347 Ciceronis
1495 299 1795 335 nostrivalitudinem
1806 316 1812 335 :
1823 307 1968 337 conticui·
1987 306 2120 334 7iter¹³m

1170 342 1347 370 Cicerones:
1366 349 1482 388 quievi..
1502 344 1594 373 Nunc
1612 345 1890 385 mihijucunditatis
1898 348 1986 388 plena
1996 345 2122 386 epistola

1172 383 1229 429 hoc
1238 380 1354 427 aspersit
1365 382 1521 418 molestiae,
1532 383 1614 424 quod
1623 384 1786 419 viderisme
1797 390 1874 419 mihi
1883 389 2028 421 molestus
2038 386 2122 420 esses,

1171 433 1283 453 veritus
1300 422 1379 469 elle,
1398 433 1483 465 atque
1503 435 1592 456 etiam
1612 435 1695 457 nunc
1706 429 1810 457 vereri.
1833 431 1996 472 Litigarem
2008 438 2121 462 tecum,

1171 463 1190 494 fi
1198 464 1244 513 .f²¹.⁵
1268 464 1340 512 estet
1353 476 1358 494 :
1379 466 1427 513 sed
1439 467 1609 498 mehercule
1621 467 1697 498 istuc
1708 467 1727 497 fi
1738 478 1881 510 umquam
1891 473 2049 512 suspicatus
2060 480 2122 504 ero,

1173 507 1249 536 nihil
1263 506 1360 556 dicam
1370 508 1450 538 aliud
1466 527 1475 541 ,
1502 508 1559 539 nist
1567 510 1693 540 verebor
1704 530 1712 544 ,
1731 512 1890 551 nequando
1901 523 1955 543 eoo
1965 515 2020 544 tibi
2032 533 2040 545 ‚
2052 511 2123 542 cum

1174 549 1240 597 sum
1252 559 1312 579 una
1322 569 1330 584 ,
1344 549 1489 580 molestus
1500 549 1565 580 sim.
1589 551 1686 581 Video
1697 561 1724 582 te
1734 537 1981 594 ingemuiffffsic
1991 554 2023 585 fit
2033 574 2042 587 ‚
2057 553 2127 596 c-i'ds

1252 589 1263 599 's
1295 588 1309 599 7!

1175 604 1210 645 cfv
1225 604 1287 639 0⁶14
1299 591 1427 642 ἑζησοις.
1447 608 1612 641 numquam
1632 602 1716 630 enirn
1726 600 1824 631 dicam
1837 620 1845 634 ,
1864 592 1903 628 ἔοι
1917 595 2038 632 ποία-ως,
2057 604 2125 632 Ma-

1173 649 1259 686 rium¹
1275 642 1380 669 autern
1392 640 1530 688 nostrum
1549 643 1582 671 in
1594 641 1728 672 lefficam
1740 642 1909 673 mehercule
1918 642 2124 682 conjecissem,

1174 691 1237 711 non
1253 682 1338 728 illam
1358 691 1432 723 regis
1443 684 1598 713 Ptolemaei
1607 685 1795 714 Anicianam.
1819 687 2042 715 meminienim
2050 683 2125 715 cum

1175 724 1334 769 hominem
1353 733 1502 763 portarem
1525 724 1561 755 ad
1572 726 1674 765 Bajas,
1698 726 1847 766 Neapoli,
1867 726 2038 767 cistophoro
2049 727 2126 755 Ani-

1174 775 1260 795 ciano
1273 785 1284 798 ,
1302 766 1546 814 maclierophoris
1566 776 1689 797 centum
1712 767 1924 808 sequentibus,
1945 769 2041 798 miros
2053 767 2127 797 risus
2166 766 2169 767 ⁷

1175 816 1231 837 nos
1239 808 1343 854 edere,
1357 817 1429 838 cum
1442 808 1492 838 ille
1503 809 1618 849 ignarm
1628 809 1842 840 suicomitatus
1864 830 1873 843 ,
1886 811 2006 850 repente
2016 810 2129 849 aperuit

1174 848 1310 898 lecticam
1323 869 1331 883 ‚
1351 849 1479 898 &paene
1491 851 1541 895 ille
1550 853 1678 885 timore,
1702 861 1758 891 ego
1767 852 1825 881 risu
1836 855 1948 882 corrui.
1971 855 2078 884 Tunc,
2100 859 2132 880 ut

1175 892 1261 924 dico,
1284 900 1362 939 certe
1384 890 1562 922 sustulissem
1574 913 1583 926 ‚
1606 893 1808 933 utaliquando
1819 894 2012 924 subtilitatem
2023 893 2133 924 veteris

1177 933 1350 981 urbanitatis
1361 953 1369 967 ‚
1391 934 1423 964 &
1433 933 1638 964 humaniffimi
1649 935 1795 966 sermonis
1805 938 1993 976 attingerem.
2016 934 2065 966 sed
2074 935 2132 963 ho-

1179 985 1299 1023 minem
1320 974 1479 1005 infirmum
1501 978 1531 1005 in
1542 977 1646 1006 villam
1658 986 1785 1016 apertam
1799 997 1807 1010 ‚
1829 972 1842 995 8
1854 987 1885 1007 ac
1896 987 1933 1007 ne
1944 977 2050 1007 rudem
2060 977 2131 1017 qui-

1175 1019 1249 1064 dem*
1261 1026 1352 1065 etiam
1364 1027 1443 1047 nunc
1453 1038 1462 1051 ,
1475 1019 1599 1048 invitare
1608 1019 1703 1047 nolui.
1729 1020 1799 1049 Hoc
1811 1017 1884 1048 vero
1895 1020 1972 1048 mihi
1982 1019 2131 1058 peculiare

1175 1060 1284 1108 fuerit,
1308 1060 1356 1106 liic
1372 1062 1462 1089 etiam
1482 1058 1538 1088 isto
1558 1058 1625 1088 frui.
1647 1069 1716 1089 nam
1728 1060 1853 1090 illorum
1863 1061 2044 1100 praediorum
2055 1060 2130 1090 scito

1173 1103 1251 1149 mihi
1269 1104 1435 1148 ?vicinum
1455 1102 1604 1133 Marium,
1626 1101 1732 1130 lumen
1758 1099 1826 1132 effe.
1853 1102 1930 1141 apud
1959 1103 2129 1132 Annicium

1175 1143 1347 1174 videbimus
1365 1150 1397 1171 ut
1414 1151 1546 1181 paratum
1569 1140 1611 1171 sit.
1636 1152 1693 1172 nos
1711 1144 1792 1172 enim
1804 1144 2000 1184 itaphilologi
2015 1144 2128 1175 sumus,

1176 1195 1209 1215 ut
1218 1185 1266 1232 vel
1282 1193 1352 1214 curn
1363 1182 1454 1214 fabris
1463 1183 1592 1214 habitare
1603 1182 1758 1224 poffimus.
1782 1185 1925 1214 habemus
1939 1186 2014 1216 hanc
2029 1185 2132 1225 philo-

1178 1227 1313 1273 sophiam
1324 1246 1334 1259 ,
1346 1235 1411 1256 non
1420 1226 1455 1256 ab
1466 1228 1614 1265 Hymetto
1626 1246 1633 1259 ‚
1647 1228 1678 1245 ¹0
1688 1225 1736 1255 sed
1745 1225 1781 1256 ab
1791 1236 1855 1256 area
1864 1229 1947 1267 Syra.
1961 1229 2084 1260 Marius,
2096 1226 2130 1255 ὃς

1175 1268 1342 1300 valitudine
1359 1266 1421 1302 est,
1440 1267 1474 1297 &
1491 1276 1592 1297 natura
1610 1268 1802 1298 imbecillior.
1826 1270 1874 1298 De
1894 1268 2132 1308 interpellatione

1177 1320 1296 1359 tant-um
1307 1309 1422 1340 sumam
1432 1309 1447 1340 ὲ
1457 1310 1546 1339 vobis
1557 1309 1745 1350 temporisad
1760 1309 1948 1340 scribendum
1959 1329 1968 1343 ‚
1979 1318 2130 1351 quantum

1178 1353 1296 1401 dabitis.
1320 1354 1436 1382 utinam
1451 1351 1531 1397 nihil
1540 1351 1628 1385 detis,
1640 1360 1672 1382 ut
1681 1350 1783 1392 potius
1792 1351 1885 1382 vestra
1898 1352 2007 1388 injuria
2019 1372 2028 1385 ,
2039 1351 2131 1392 quarn

1176 1404 1295 1442 ignavia
1320 1403 1388 1423 mea
1405 1392 1523 1424 cessem.
1547 1396 1595 1439 Pe
1614 1404 1673 1433 rep.
1694 1394 1829 1432 nimium
1850 1402 1877 1424 te
1886 1389 2017 1424 laborare
2028 1394 2130 1428 doleo,

1177 1438 1210 1485 βε
1221 1437 1381 1466 meliorem
1400 1437 1498 1465 civem
1509 1433 1567 1465 efle
1580 1455 1590 1469 ,
1609 1437 1700 1477 quam
1710 1434 1910 1467 Philocletem
1923 1455 1931 1468 ‚
1952 1436 2004 1476 qui
2015 1444 2134 1475 accepta

1176 1480 1286 1519 injuria
1293 1497 1301 1511 ,
1315 1478 1365 1507 illa
1367 1475 1526 1515 spestacula
1535 1478 1684 1517 quaerebat
1694 1498 1703 1512 ,
1713 1487 1778 1518 quae
1788 1477 1842 1507 tibi
1852 1477 1953 1507 acerba
1962 1475 2020 1506 ess‘e
2031 1476 2130 1507 video.

1178 1520 1297 1551 Amabo
1309 1527 1335 1549 te
1348 1539 1356 1550 .
1376 1518 1501 1549 advola:
1524 1519 1703 1549 consolabor
1713 1529 1759 1552 te,
1780 1519 1948 1548 &omnem
1959 1517 2132 1559 abstergebo

1178 1562 1328 1593 dolorem,
1343 1560 1375 1590 δε
1383 1560 1477 1591 adduc
1487 1581 1497 1594 ,
1509 1559 1530 1590 fi
1540 1571 1590 1591 me
1600 1570 1692 1595 arnas²
1704 1562 1848 1591 Marium.
1872 1559 1920 1590 sed
1929 1560 2130 1601 adproperate.

1178 1606 1293 1634 Hortus
1303 1602 1389 1633 domi
1397 1600 1450 1632 est.

1366 1669 1587 1698 MARCUS
1608 1670 1646 1706 Q.
1670 1668 1895 1700 FRATRI,
1913 1667 1942 1697 S.

1254 1729 1428 1757 PisrocAM
1454 1726 1530 1754 hanc
1546 1725 1687 1754 convicio
1708 1723 1905 1764 efflagitarunt
1922 1722 2056 1753 codicilli
2074 1722 2130 1752 tui.

1256 1777 1327 1797 nam
1343 1776 1388 1797 res
1398 1766 1590 1806 quidemipsa
1606 1785 1615 1799 ‚
1634 1766 1667 1795 δε
1678 1767 1704 1795 is
1713 1766 1776 1794 dies
1787 1784 1796 1798 ,
1815 1772 1918 1804 quotu
1928 1774 1958 1794 es
1967 1763 2131 1804 profectus,

1177 1810 1256 1840 nihil
1285 1809 1363 1839 mihi
1396 1807 1432 1838 ad
1461 1806 1652 1837 scribendum
1679 1807 1846 1847 argumenti
1864 1805 1932 1836 sane
1949 1805 2043 1835 dabat.
2074 1805 2131 1835 sed

1178 1848 1439 1892 quemadmodum
1450 1850 1551 1879 coram
1560 1847 1631 1878 cum
1644 1847 1852 1887 sumus‚skrmo
1863 1847 1951 1877 nobis
1961 1845 2057 1877 deesse
2067 1856 2132 1876 non

1175 1894 1249 1924 solet
1259 1905 1268 1928 3
1280 1891 1317 1922 sic
1331 1891 1464 1932 epistolae
1475 1890 1581 1920 nostrae
1589 1889 1699 1920 debent
1708 1889 1861 1920 interdum
1872 1890 2046 1919 halucinari.
2069 1891 2135 1919 Te-

1179 1936 1343 1966 nediorurn
1354 1935 1443 1975 igitur
1455 1932 1699 1965 libertas‚securi
1710 1931 1972 1971 Tenediapraecisa
1982 1930 2035 1961 est.
2057 1929 2131 1960 cum
2164 1940 2167 1942 ’
2188 1922 2189 1925 “

1178 1988 1230 2008 eos
1249 1986 1352 2018 praeter
1372 1985 1421 2005 me
1432 1995 1440 2009 ,
1458 1975 1489 2004 δε
1499 1974 1641 2004 Bibulum
1653 1993 1662 2007 ‚
1683 1974 1715 2004 &
1726 1973 1876 2004 Calidium
1888 1993 1896 2007 ‚
1916 1973 1949 2003 δε
1960 1974 2131 2003 Favonium

1178 2030 1272 2050 nemo
1286 2017 1470 2063 defenderet.
1493 2020 1519 2035 ¹¹
1533 2018 1618 2045 Dete
1629 2018 1724 2057 magis
1736 2016 1773 2046 ab
1783 2016 1886 2054 Sipylo
1894 2016 2014 2044 mentio
2024 2013 2065 2044 est
2075 2015 2132 2044 ho-

1177 2060 1304 2092 norifica
1312 2059 1399 2092 facia,
1408 2058 1484 2104 cum
1494 2067 1522 2088 te
1533 2068 1627 2087 unum
1640 2057 1773 2088 dicerent
1782 2057 1977 2097 postulationi
1986 2058 2021 2086 L.
2036 2056 2133 2086 Sextii

1178 2103 1276 2134 Pansae
1293 2100 1436 2132 restitisse.
1467 2101 1606 2140 Reliquis
1627 2099 1732 2130 diebus
1751 2119 1760 2133 ‚
1786 2097 1806 2128 fi
1825 2098 1898 2140 quid
1920 2100 1992 2133 erit,
2011 2097 2132 2138 quodte

1179 2146 1250 2176 scire
1261 2154 1335 2184 opus
1347 2143 1390 2176 sit,
1404 2152 1454 2173 aut
1463 2144 1552 2173 etiam
1568 2139 1587 2170 si
1598 2142 1854 2174 nihilei·it,tamen
1864 2140 1988 2171 scribam
1997 2138 2134 2180 quotidie

1178 2188 1303 2228 aliquid.
1335 2185 1412 2216 Prid.
1437 2185 1480 2215 Id.
1503 2193 1600 2223 neque
1617 2184 1695 2216 tibi,
1723 2193 1822 2223 neque
1840 2182 2012 2222 Pomponio
2031 2180 2130 2211 deero.

1178 2233 1207 2249 ¹2
1219 2229 1350 2259 Lucretii
1360 2229 1497 2266 po'e'mata
1513 2226 1559 2265 (ut
1571 2225 1671 2256 scribis
1682 2226 1692 2263 )
1702 2225 1754 2255 lita
1765 2225 1833 2254 sunt
1847 2225 1950 2253 multis
1960 2222 2131 2253 luminibus

178 2275 413 2313 canthum&
429 2280 574 2311 libentius
583 2278 633 2310 sua
644 2276 774 2308 recentia
785 2273 1025 2316 poematalegit,
1044 2271 1134 2312 quarn
1181 2272 1308 2313 ingenii.
1329 2269 1433 2302 multae
1452 2278 1553 2301 tamen
1571 2270 1649 2300 artis.
1673 2266 1730 2299 Sed
1747 2276 1818 2298 cum
1836 2266 1971 2300 veneris,
1988 2266 2089 2295 virum
2102 2273 2130 2293 te

2008 2305 2133 2347 putabo,

217 2457 227 2474 r
236 2468 241 2474 .
261 2451 294 2474 De
311 2447 387 2480 nifira
406 2443 524 2476 Urania.]
555 2441 598 2468 Est
618 2438 770 2471 coniessura
788 2436 949 2472 Malnspinae.
974 2433 1137 2461 Membranae

179 2484 250 2511 enim
261 2483 353 2510 nostrat
364 2482 542 2515 aliorumque,
554 2478 617 2504 item
629 2475 715 2502 excusi
726 2475 800 2510 prins
816 2473 841 2498 dc
850 2482 895 2498 non
905 2474 1029 2497 curantia.

215 2528 243 2545 2.
262 2523 312 2545 Aut
323 2518 356 2543 ad
370 2514 548 2550 Brogitarum]
570 2512 651 2539 Hiud
662 2511 742 2538 aliter
758 2510 901 2535 Lambinus
915 2527 922 2539 ,
942 2506 982 2532 scd
995 2513 1090 2541 praeter
1104 2506 1137 2531 li-

177 2555 238 2582 bros
250 2565 258 2586 3
280 2555 314 2581 iic
323 2553 406 2580 solum
416 2549 609 2578 emendandum
621 2549 735 2574 duxerat
745 2546 882 2573 Manutius
894 2563 903 2576 ‚
922 2544 985 2569 cum
1003 2542 1076 2577 prius
1090 2541 1137 2567 ab·

177 2591 267 2619 fuisset
278 2589 438 2627 praepofitio.

216 2636 229 2662 3
239 2649 245 2655 .
262 2631 295 2654 A.
307 2623 537 2657 d.111.1d.Maji.]
557 2621 631 2648 Petri
643 2619 756 2647 Vifiorii
777 2617 861 2644 editio
872 2617 941 2642 Febr.
961 2623 1046 2649 neque
1057 2614 1136 2641 :iliter

179 2664 247 2690 Pali.
259 2671 384 2700 quatuor,
396 2661 441 2688 nili
452 2659 523 2696 quod
534 2666 623 2695 quart.
633 2660 679 2684 αἵ.
690 2656 714 2682 d.
725 2658 766 2682 Vl.
778 2655 814 2680 ld.
824 2655 893 2679 Febr.

215 2707 243 2733 4.
262 2703 315 2727 απ
326 2706 348 2723 re
357 2700 462 2732 Atey'm?
479 2696 606 2721 mehercule
618 2713 626 2725 ‚
643 2693 711 2726 (ly-cg]
739 2690 793 2717 Pal.
816 2699 858 2726 pr.
876 2690 903 2715 St
915 2694 980 2714 tert.
998 2688 1079 2713 An'tca
1087 2685 1138 2711 reis
1154 2695 1156 2699 ·

179 2737 316 2761 mehercule.
338 2734 386 2760 lec.
397 2734 505 2760 Antehac
514 2731 648 2756 mehercule.
659 2735 747 2764 quart.
766 2729 846 2753 Antea
856 2732 876 2750 te
886 2725 921 2750 his
930 2724 1065 2749 mehercule.
1077 2730 1136 2757 quae

180 2771 310 2806 produco,
321 2777 350 2797 ut
359 2776 480 2806 appareat
492 2787 500 2799 ,
511 2764 685 2794 recedendum
697 2766 712 2790 :i
723 2761 893 2798 conjetstaneo
904 2759 1027 2786 Lambini
1040 2777 1048 2790 ,
1067 2761 1139 2785 Ante

182 2810 275 2831 statim
287 2811 296 2833 ,²

221 2850 246 2874 5.
264 2843 353 2875 Insusa
363 2839 533 2873 verecundia]
554 2837 596 2863 Sic
605 2836 713 2871 conjicit
723 2833 858 2860 Victorius
870 2832 918 2858 lib.
930 2841 972 2858 vr.
994 2832 1056 2857 Var.
1068 2829 1132 2856 lest.

183 2885 239 2911 (Ἀρ.
250 2878 277 2902 6·.
289 2887 346 2903 cum
359 2877 421 2903 effe—t
439 2878 465 2902 in
478 2875 551 2901 libris
561 2874 641 2907 insufiz
654 2892 661 2904 ‚
681 2873 707 2898 in
719 2870 797 2897 editis
817 2869 907 2902 invisa.
929 2868 998 2893 idem
1011 2876 1060 2893 non
1074 2866 1137 2899 reji—

181 2913 334 2946 ciatflnfita.
356 2912 506 2938 wouwerii
518 2909 602 2936 codex
614 2908 743 2937 habebat,
763 2907 840 2932 Sedin
850 2914 884 2930 me
902 2904 995 2937 affinim
1005 2905 1040 2928 cf?
1057 2902 1138 2936 infusa
1153 2925 1155 2940 ‚
1175 2910 1189 2935 q

182 2949 343 2979 ‘b'u'rccuna¹la,'
364 2948 432 2982 quod
444 2948 552 2974 omnino
563 2945 626 2981 sapit
637 2943 759 2979 gloll'am.

217 2984 247 3010 6.
267 2984 461 3017 A'vrim-mlw.)
484 2986 522 3010 lta
541 2983 655 3008 restituit
673 2990 705 3006 ex
718 2977 873 3005 Bcffiirionis
894 2974 1086 3002 P.Manntius.
1106 2973 1134 2999 δί

182 3020 305 3056 proxi-ime
324 3018 425 3045 accedit
453 3019 519 3044 Pali.
539 3025 660 3053 quartus,
680 3025 738 3043 nam
758 3015 838 3041 ceteri
858 3012 992 3039 adhaerent
1011 3011 1134 3045 vulgate,

181 3057 294 3120 ἐντὶεκῗου
306 3074 314 3087 ,
334 3053 404 3090 quod
415 3054 531 3080 mutabat
542 3055 567 3081 in
588 3054 725 3080 &miamin
737 3051 873 3078 Victorius
883 3049 910 3074 d.
922 3048 1016 3084 cap.6.
1036 3047 1082 3082 qui
1095 3046 1134 3071 vi-

201 3101 288 3120 eatur.
1069 3089 1071 3091 ’

214 3136 243 3164 7.
262 3131 348 3154 Iterum
357 3128 492 3159 Ciceroncs5
511 3125 616 3162 quarn]
639 3124 716 3152 Haud
728 3124 798 3152 secus
809 3121 882 3150 Rob.
894 3119 1019 3157 Stephani
1039 3117 1134 3152 editio,

1156 2438 1157 2441 ’
1175 2433 1204 2458 &
1216 2431 1364 2458 neoterieae.
1376 2431 1469 2457 verum
1481 2429 1652 2460 remotiores,
1662 2429 1747 2455 iterum
1756 2427 1827 2452 ceteri
1835 2432 1928 2457 omnes,·
1938 2425 2027 2459 quic-oi.
2037 2420 2134 2458 qnod&

1175 2471 1201 2494 in
1210 2469 1273 2493 Pau.
1285 2469 1399 2492 omnihus.

1213 2503 1241 2529 8.
1262 2505 1312 2542 cAc
1330 2511 1357 2527 ne
1376 2502 1457 2526 rudem
1477 2500 1594 2537 widem]
1615 2499 1770 2525 Neotericoe
1788 2496 1848 2523 edd.
1870 2502 1958 2521 rutam.
1976 2495 2019 2522 sed
2034 2501 2135 2533 pro-“ter

1178 2538 1333 2565 vetustiores
1353 2539 1381 2563 Sc
1402 2537 1470 2563 Pali.
1491 2537 1602 2563 nostros.
1626 2535 1788 2562 Gulielmius
1809 2541 1898 2560 tamen
1918 2540 1953 2558 cx
1973 2532 2020 2559 illa
2035 2531 2133 2563 ciebat,

1176 2582 1266 2601 ’'Idam-

1209 2620 1238 2646 9.
1260 2610 1366 2638 Vicinum
1376 2612 1487 2637 Marium
1496 2610 1574 2634 lumen
1583 2608 1632 2642 effe.
1645 2608 1659 2642 ]
1681 2607 1712 2633 P.
1724 2605 1860 2632 Victorius
1872 2604 1946 2632 tollit
1957 2612 2047 2631 vocem
2057 2604 2134 2629 lumen

1174 2646 1223 2673 lib.
1235 2656 1277 2673 vr.
1289 2648 1352 2672 Var.
1363 2645 1425 2672 leet.
1439 2654 1494 2681 cap.
1504 2653 1532 2679 7.
1544 2643 1586 2669 stri
1598 2653 1649 2669 non
1662 2642 1814 2670 necessario.

1214 2692 1256 2711 ro„
1277 2683 1322 2707 Sed
1331 2684 1360 2708 ab
1370 2690 1428 2708 area
1436 2682 1520 2715 Syra]
1543 2680 1620 2706 Varii:
1640 2680 1725 2706 istlzaec
1735 2677 1882 2704 scribuntur
1892 2676 1919 2703 in
1931 2675 1999 2701 Pau.
2011 2683 2069 2700 nam
2088 2682 2130 2709 pr.

1154 2727 1156 2738 ¹
1167 2720 1212 2753 sed
1221 2721 1250 2745 ab
1260 2719 1390 2752 Arayfira.
1413 2717 1511 2750 semsi-d
1520 2717 1550 2742 ab
1559 2717 1680 2749 Araistra.
1691 2723 1757 2741 tert.
1776 2723 1822 2739 non
1832 2715 1864 2739 ab
1871 2713 1951 2745 injem
1963 2710 2008 2743 fid
2014 2711 2045 2744 ab
2054 2711 2134 2744 Aras-

1155 2782 1156 2785 ,
1167 2757 1230 2790 stra.
1250 2754 1473 2789 emendatumque
1483 2752 1560 2778 alias.
1587 2753 1619 2777 ab
1628 2751 1762 2784 himacosta
1773 2751 1803 2774 ab
1814 2749 1937 2780 arafin'a.
1957 2746 2094 2780 quart.fid
2102 2747 2134 2770 ab

1173 2794 1288 2817 araxira.
1310 2789 1445 2825 quomodo
1455 2788 1603 2815 correxerit
1617 2787 1715 2814 Caelius
1727 2783 1907 2818 Rhodiginus,
1919 2780 2062 2807 videndum
2073 2781 2134 2808 An-

1176 2829 1224 2864 tiq.
1239 2827 1303 2853 le&-
1315 2825 1362 2852 lib.
1373 2834 1486 2853 xxviii.
1498 2834 1553 2860 cap.
1565 2832 1612 2859 23.

1214 2872 1222 2889 1
1234 2872 1254 2889 i.
1281 2866 1313 2889 De
1323 2870 1344 2888 te
1353 2862 1426 2895 magis·
1436 2863 1466 2887 ab
1475 2862 1546 2894 Sipylo
1555 2860 1637 2885 mentio
1648 2877 1656 2890 ,
1674 2856 1740 2890 ἀι]
1765 2853 1821 2880 Pal.
1832 2862 1873 2889 pr.
1884 2853 1951 2880 nibil
1963 2853 2048 2879 variat
2060 2872 2068 2884 ,
2087 2853 2136 2881 nisi

1193 2898 1244 2925 uod
1256 2898 1272 2924 ἃ
1283 2898 1422 2924 collocarit
1440 2896 1532 2932 supra&
1545 2895 1613 2920 vocis
1624 2901 1654 2918 τε.
1666 2899 1730 2918 tert.
1750 2898 1814 2915 vero
1832 2888 1957 2924 expressit
1974 2895 2023 2914 tea.
2045 2890 2076 2915 P.
2087 2890 2135 2915 vi-

1175 2936 1275 2961 ctorius
1288 2934 1333 2961 lib.
1346 2943 1417 2962 xxx.
1429 2934 1491 2959 Var.
1502 2930 1566 2957 least.
1577 2939 1632 2964 cap.
1646 2937 1668 2954 r.
1688 2924 1810 2952 emendat
1822 2944 1830 2957 ,
1848 2926 1875 2950 λα
1886 2932 1906 2950 tc
1915 2924 1930 2950 [τ
1941 2926 2096 2958 Magnetibus
2104 2926 2136 2950 ab

1173 2973 1256 3006 »5'1's37t'o²
1267 2969 1337 3005 quod
1348 2969 1423 2995 illico
1432 2967 1546 3003 arripuit
1557 2964 1699 2991 Lambinus
1707 2983 1712 2988 .

1214 3017 1243 3033 η
1250 3008 1364 3033 ,Lucretii
1370 3007 1474 3037 primata
1488 3001 1618 3037 grttftribis.
1631 2999 1738 3031 lirasnmt
1747 2998 1825 3023 multis
1834 2998 1965 3023 lmninibm
1970 2995 2133 3030 ingenii‚&c.]

1174 3042 1287 3070 Retinui
1299 3041 1368 3077 quod
1381 3046 1438 3066 erat
1456 3039 1483 3063 in
1494 3035 1595 3063 Aldino
1606 3036 1689 3061 veteri
1703 3054 1711 3065 ‚
1732 3033 1800 3070 quod
1813 3033 1934 3069 proximi:
1945 3033 1969 3059 ei
1980 3032 2136 3058 accederent

1151 3083 1157 3115 l
1175 3080 1242 3106 Pali.
1256 3079 1281 3105 in
1292 3076 1386 3114 quibus
1396 3077 1442 3100 ita.
1464 3082 1523 3100 nam
1544 3071 1660 3107 subleqq.
1674 3070 1736 3097 edd.
1756 3068 1967 3105 interposuerant
1985 3068 2136 3105 negativam

1171 3125 1215 3144 non
1234 3113 1343 3150 itafimt,
1352 3112 1404 3144 dre.
1425 3107 1638 3138 Lambinus—heic
1648 3107 1732 3136 multa
1741 3105 1774 3133 de
1784 3105 1829 3134 suo
1838 3104 1952 3134 addidit.

2065 3148 2090 3168 ι.
2109 3141 2139 3174 lea
