2379 3400
283 122 406 154 1202
670 95 739 142 M.
807 91 1058 138 Tun-1.
1099 102 1170 134 ιι

277 186 409 218 accidere
423 203 431 218 ,
452 181 566 223 primus
586 177 602 207 ὲ
615 175 738 216 patritiis
748 171 901 203 Corneliis
912 169 1084 210 ignivoluit
1093 166 1230 198 cremari.

279 225 520 259 declaratetenim
534 221 648 250 Ennius
660 216 696 246 de
708 213 863 246 Africam,
873 214 918 242 Hx
929 220 948 240 c
960 220 1015 240 εςτ
1029 219 1112 240 ιιιε
1129 218 1231 239 sirus.

282 269 368 298 Vere.
392 275 460 296 nam
479 263 529 303 firi
547 258 739 290 dicunturii,
759 256 811 295 qui
829 253 944 284 conditi
966 252 1041 282 sunt.
1065 261 1121 282 nec
1131 259 1232 282 tamen

281 318 385 340 eorum
399 308 464 336 anti:
486 303 650 343 sepulcrum
671 297 713 329 est
724 318 732 331 ,
753 293 930 338 quamjusta
938 293 1014 324 fa&a
1025 314 1033 327 ‚
1056 293 1089 324 δε
1104 297 1113 313 ¹
1126 301 1235 332 corpus

281 349 436 381 incensum
449 345 501 376 est.
526 344 558 374 &
569 341 649 383 quod
659 349 742 371 nunc
751 338 958 368 communiter
968 337 999 366 in
1011 335 1156 367 omnibus
1167 338 1180 354 2
1191 333 1237 365 se-

281 392 371 432 pultis
389 390 523 429 penitus,
545 384 657 413 humati
675 382 829 412 dicantur:
850 377 879 408 id
890 377 1237 418 eratpropriumtumin

283 435 340 465 iis,
358 440 434 471 quos
455 430 565 458 humus
583 423 693 465 injeRa
710 429 897 462 contegeret:
918 429 1049 460 eumque
1060 419 1238 458 moremjus

282 471 454 513 pontificale
469 468 639 501 confirmat.
663 468 743 496 Nam
755 463 929 503 priusquam
942 463 973 491 in
987 471 1039 491 eos
1049 460 1162 500 injefika
1175 460 1239 501 gle-

285 516 320 546 ba
330 513 371 544 est
383 534 391 547 ,
412 514 497 543 locus
519 511 569 541 ille
585 530 593 542 .
611 508 664 538 ubi
687 515 852 537 crematum
864 503 1022 544 estcorpus
1035 524 1044 538 ‚
1065 503 1144 533 nihil
1154 502 1241 534 habet

283 556 448 597 religionis.
468 552 580 591 anQEta
599 550 682 592 gleba
704 552 793 578 3tum
813 547 846 577 δε
865 546 928 576 illic
949 547 1090 576 humatus
1099 544 1160 579 est,
1180 544 1242 574 4&

279 597 364 639 gleba
381 605 520 627 vocatur:
540 604 572 624 ac
591 602 656 623 tum
676 591 806 630 denique
824 588 920 619 multa
938 588 1146 629 religiosajura
1156 596 1242 617 com-

284 638 438 680 pleffitur.
461 640 561 677 Itdque
572 637 604 665 in
614 644 651 663 eo
661 654 670 667 ‚
681 634 732 673 qui
744 634 775 662 in
785 631 854 661 navi
864 639 984 660 necatus
995 650 1003 663 ,
1014 629 1124 660 deinde
1135 631 1167 659 in
1180 638 1244 659 ma-

285 692 318 712 re
327 680 476 721 projeEtus
497 676 590 711 esset,
611 675 754 706 decrevit.
776 674 959 706 P.Mucius‚
979 671 1243 715 familiampurarn

284 723 388 764 5quod
407 732 440 752 os
459 721 543 760 supra
561 727 668 750 terram
689 726 753 747 non
773 713 916 745 exstaret:
934 723 1055 754 porcam
1077 713 1178 743 heredi
1190 710 1247 742 esse

286 763 470 795 comi-attam
485 782 493 796 ‚
505 763 537 793 &
549 759 696 791 habendas
707 757 840 789 triduum
852 756 939 786 ferias
951 777 960 790 ‚
976 756 1009 786 &
1018 766 1113 796 porco
1124 754 1247 785 faemina

287 806 437 847 piaculum
448 806 518 845 pati.
539 801 559 832 si
578 805 610 833 in
628 802 704 831 mari
727 808 865 830 mortuus
887 796 978 832 effer,
997 798 1101 828 eadem
1115 818 1123 830 ,
1145 805 1249 836 praeter

225 848 267 881 23
287 848 440 889 piaculum
460 846 493 877 ὃ(
513 844 615 875 ferias.
628 842 775 874 A-Video
787 862 796 875 ,
814 850 880 882 qua:
892 839 989 870 sintin
1004 838 1247 880 pontificiojure.

286 890 343 921 Sed
355 898 466 930 quaero,
477 887 622 929 quidnam
634 884 668 916 sit
678 886 711 914 in
721 883 847 925 legibus.
857 885 901 912 M.
915 885 1006 913 Pauca
1016 882 1095 915 sane,
1110 883 1192 914 Tite,
1204 879 1248 913 &‚

287 933 333 963 uti
345 931 469 961 arbitror
483 950 491 964 ‚
513 939 577 959 non
591 930 694 969 ignota
702 926 800 956 vobis.
823 924 880 956 sed
891 934 924 954 ea
934 934 999 954 non
1011 933 1069 954 tarn
1081 923 1117 953 ad
1129 923 1251 963 religio-

286 983 357 1004 nem
369 971 510 1013 speEtant,
520 971 611 1012 quam
622 969 656 1000 ad
664 969 712 1008 jus
723 967 936 1008 sepulcrorum.
950 967 1086 995 hominem
1096 972 1252 996 mortuum,

283 1016 389 1056 inquit
409 1015 460 1045 lex
479 1017 512 1044 in
524 1023 592 1043 xi1.
617 1011 725 1042 tabulis
736 1029 744 1043 ,
766 1010 796 1038 in
813 1007 879 1037 urbe
898 1019 930 1037 ne
945 1008 1057 1049 sepeliti,
1068 1028 1076 1042 ,
1089 1017 1156 1036 neve
1166 1007 1251 1035 urito.

284 1055 300 1077 ⁶
312 1056 408 1088 Credo
419 1075 427 1090 ‚
446 1055 494 1087 vel
508 1062 628 1095 propter
638 1053 716 1094 ignis
725 1050 904 1091 periculum.
928 1050 1020 1089 Quod
1040 1059 1141 1080 autem
1155 1048 1250 1081 addit,

285 1109 354 1129 meve
363 1099 437 1127 urito
447 1117 455 1131 ,
468 1097 581 1128 indicat
592 1115 601 1129 ‚
618 1104 682 1124 non
693 1095 744 1135 qui
754 1101 865 1125 uratur,
879 1091 1014 1132 sepeliri,
1025 1091 1073 1122 sed
1083 1092 1135 1132 qui
1145 1092 1253 1120 hume-

285 1150 344 1171 tur.
357 1143 393 1170 A.
406 1139 489 1177 Quid
502 1159 510 1172 ,
532 1139 584 1179 qui
596 1136 660 1177 post
670 1145 735 1166 xxi.
758 1137 792 1165 in
802 1133 874 1164 urbe
883 1134 991 1174 sepulti
1000 1134 1067 1164 sunt
1077 1133 1170 1167 ,clari
1183 1133 1250 1161 viri.

287 1185 334 1213 M.
346 1182 444 1213 Credo
458 1201 466 1215 ,
486 1182 557 1211 Tite
570 1199 578 1213 ‚
603 1177 708 1212 fuiffe3
729 1185 780 1207 aut
799 1185 870 1209 eos,
888 1176 1000 1216 quibus
1021 1177 1077 1205 hoc
1100 1183 1168 1205 ante
1178 1173 1252 1202 hanc

287 1225 384 1266 legem
396 1223 518 1253 virturis
529 1221 612 1261 causiz
623 1219 769 1250 tributum
780 1217 822 1248 est
833 1237 841 1251 ,
856 1227 888 1248 ut
899 1217 1059 1249 Publicolae
1072 1237 1080 1250 ,
1094 1225 1125 1246 ut
1134 1215 1255 1246 Tuber—

287 1274 320 1296 to
333 1286 341 1298 ,
354 1265 436 1307 quod
446 1274 549 1295 eorum
564 1261 746 1304 posterijure
755 1269 932 1291 tenuerunt:
946 1268 995 1290 aut
1003 1268 1055 1289 eos
1066 1278 1074 1292 ,
1085 1257 1105 1288 sl
1114 1260 1166 1298 qui
1178 1258 1249 1289 hoc,

287 1310 362 1338 utC.
376 1307 549 1340 Fabricius,
569 1306 690 1335 virtutis
707 1302 810 1335 causa,
839 1301 930 1345 soluti
948 1299 1056 1342 legibus
1069 1321 1077 1335 ‚
1098 1299 1251 1330 consecuti

288 1350 366 1381 sunt.
389 1349 445 1380 Sed
466 1351 498 1378 in
516 1348 588 1378 urbe
607 1347 722 1386 sepeliri
738 1345 786 1375 lex
796 1353 883 1375 vetat.
900 1345 948 1375 Sic
958 1344 1077 1373 decretu
1125 1342 1140 1372 ὲ
1152 1342 1255 1382 ponti-

290 1390 384 1422 ficum
404 1391 535 1431 collegio
544 1409 553 1424 ,
575 1398 639 1419 non
657 1386 716 1418 esse
734 1388 784 1426 jus
796 1406 805 1420 ‚
828 1389 861 1417 in
872 1386 940 1416 loco
950 1385 1075 1425 publico
1106 1385 1147 1413 eri
1159 1382 1255 1423 sepul·

287 1442 384 1464 crum.
408 1431 502 1464 nostis
516 1440 598 1462 extra
608 1439 723 1471 portam
734 1429 888 1460 Collinam
901 1427 981 1457 talem
991 1427 1122 1456 Honoris:
1134 1426 1167 1456 δε
1176 1433 1255 1455 aram

289 1476 323 1506 in
334 1485 371 1505 eo
390 1476 459 1505 loco
468 1472 556 1504 fuiss'e
567 1493 576 1507 ‚
597 1473 755 1502 memoriae
765 1470 920 1510 proditum
936 1469 988 1500 est.
1008 1468 1043 1499 ad
1054 1478 1120 1498 eam
1131 1467 1204 1498 cum
1215 1467 1257 1496 la-

289 1519 376 1548 mina
387 1515 459 1546 effen
468 1518 591 1546 inventa
606 1534 615 1548 ‚
625 1514 703 1544 &in
714 1523 746 1543 ea
757 1514 911 1553 scriptum,
923 1516 936 1540 7
946 1519 1086 1541 DoiquA
1098 1517 1257 1540 HONOR152

290 1568 324 1590 ea
334 1558 417 1589 causa
437 1556 498 1587 fuit
515 1556 588 1586 aedis
607 1556 695 1595 hujus
715 1554 896 1585 dedicandae.
921 1553 977 1584 Sed
988 1552 1059 1582 cnm
1072 1553 1209 1583 multain
1220 1559 1258 1580 eo

291 1600 362 1630 loco
381 1599 513 1639 sepulcra
530 1595 670 1629 fuissent,
698 1604 815 1626 exarata
834 1596 910 1626 sunt.
934 1594 1035 1624 statuit
1056 1595 1141 1623 enim
1164 1593 1258 1623 colle-

290 1643 377 1682 gium
389 1660 397 1673 ,
418 1641 520 1669 locum
538 1638 695 1678 publicum
706 1647 771 1667 non
782 1635 912 1676 potuiss'e
922 1637 1036 1675 privata
1048 1635 1195 1675 religione
1206 1634 1258 1666 obt

292 1684 385 1726 ligari.
408 1683 477 1723 Jam
496 1689 589 1713 cetera
610 1681 644 1710 in
651 1689 712 1710 xix.
736 1678 899 1709 minuendi
910 1679 1026 1709 sumtus
1039 1695 1047 1710 ²
1068 1676 1260 1707 lamentatio-

1254 91 1803 139 thsnssou1s

1278 182 1314 202 ne
1320 172 1387 213 sque
1396 170 1522 204 funeris,
1532 170 1666 202 transsata
1676 170 1713 201 de
1722 171 1842 202 Solonis
1852 170 1915 203 fere
1923 171 2037 214 legibus
2047 166 2062 191 ⁸
2075 179 2141 202 1-10c
2152 175 2242 205 nus,

1280 216 1378 255 inquit
1388 233 1397 247 ,
1421 222 1466 243 NE
1484 222 1622 243 FAcxro.
1647 222 1764 243 aooum
1786 222 1887 243 Ascm
1910 224 1954 244 ΝΕ,
1976 224 2111 245 POL1'r0.
2136 212 2245 244 Nostis

1278 266 1344 298 quae
1356 256 1530 296 sequuntur.
1553 254 1752 286 Discebamus
1778 257 1861 286 enim
1881 258 1965 294 pueri
1984 266 2049 286 xu.
2068 266 2100 286 ut
2118 263 2241 285 carmen

1281 297 1474 328 necessarium
1490 307 1495 325 :
1505 306 1576 337 quas
1581 297 1645 336 jam
1655 307 1730 326 nemo
1738 296 1831 336 difiit.
1846 299 2014 328 EXtenuato
2025 300 2115 339 igitur
2126 298 2240 330 sumtu,

1279 344 1294 368 9
1306 340 1399 370 tribus
1409 340 1526 369 riciniis
1538 358 1546 372 ,
1560 338 1592 369 &
1605 341 1634 358 ¹0
1645 338 1775 370 vinculis
1785 348 1932 378 purpurae,
1947 339 1979 375 ὃς
1989 339 2092 370 decem
2107 338 2245 371 tibicini.-

1282 383 1349 416 bus,
1360 381 1440 411 tollit
1451 382 1542 410 etiam
1551 380 1811 411 lamentationem.
1831 380 1959 409 mulieres
1969 384 1993 399 ¹¹
2001 391 2086 421 genas
2095 393 2127 411 ne
2137 380 2243 409 radun-

1283 433 1310 454 το
1327 444 1335 458 ,
1354 433 1423 452 neve
1443 421 1540 460 leffum
1554 422 1663 462 funeris
1674 419 1736 463 ergo
1749 421 1874 451 habento.
1900 423 1969 452 Hoc
1978 432 2091 453 veteres
2100 427 2247 462 interpre-

1284 476 1344 499 tes,
1362 468 1430 496 Sex.
1454 465 1572 498 Ainus,
1590 467 1624 496 L.
1637 465 1764 496 Acillius
1782 474 1844 494 non
1864 463 1930 495 satis
1948 464 1976 494 se
1986 464 2150 505 intelligere
2160 464 2247 494 dixe·

1286 516 1376 541 runt,
1407 509 1434 526 ¹2
1447 506 1495 537 sed
1507 506 1647 546 suspicari
1660 505 1836 536 vestimenti
1854 505 1977 547 aliquod
1997 515 2092 546 genus
2101 506 2247 536 funebris:

1287 553 1317 577 ¹3
1329 551 1364 579 L.
1377 549 1475 579 AElius
1488 568 1496 582 ,
1518 547 1614 586 lessam
1625 546 1704 590 quasi
1727 548 1886 589 lugubrem
1911 548 2107 587 ejulationem
2117 567 2127 581 ,
2141 556 2173 577 ut
2183 554 2248 577 vox

1287 591 1348 631 ipsa
1357 589 1506 632 fignificat.
1529 590 1611 632 quod
1631 600 1668 621 eo
1685 590 1890 630 magisjudico
1900 600 2006 620 verum
2018 587 2076 619 effe
2088 609 2096 623 ‚
2119 590 2188 630 quia
2197 588 2250 618 lex

1286 634 1410 665 Solonis
1429 632 1461 662 id
1480 633 1579 672 ipsum
1600 641 1689 663 vetat.
1714 634 1788 663 Haec
1801 631 1979 666 laudabilia,
2006 629 2252 670 &locupletibus

1288 675 1351 706 fere
1361 684 1433 706 cum
1455 674 1542 714 plebe
1560 676 1750 705 communia.
1773 673 1864 715 Qod
1886 673 2010 714 quidem
2023 674 2158 703 maxime
2168 672 2185 702 ὲ
2198 681 2252 701 na-

1290 727 1353 748 tura
1363 717 1424 750 est,
1445 716 1506 746 rodi
1519 716 1792 756 fortunaedzscrimen
1804 717 1832 744 in
1843 723 1940 745 morte.
1964 718 2066 745 Cetera
2076 716 2149 744 item
2163 712 2252 743 fune-

1291 760 1353 790 bria
1365 779 1373 793 ,
1383 757 1494 800 quibus
1505 757 1603 789 lu&us
1612 767 1732 799 augetur
1747 778 1755 791 ,
1765 757 1928 788 duodecim
1940 755 2128 788 sustulerunt.
2141 764 2214 786 nom
2221 764 2253 784 1-

1292 811 1331 831 Νι
1345 821 1354 835 ‚
1384 802 1504 841 inquit,
1538 810 1675 830 mon-ruo
1685 809 1729 830 NE
1738 809 1815 830 ossA
1826 808 1950 829 LEG1T0
1959 818 1968 833 ,
1990 807 2052 838 Qo
2062 808 2137 828 posr
2149 806 2253 827 Funus

1292 853 1434 874 FAcmr.
1457 844 1579 883 Excipit
1589 842 1728 873 bellicam
1740 862 1748 875 ,
1759 843 2006 882 peregrinamque
2015 849 2158 870 mortem.
2181 840 2256 881 Haec

1292 894 1430 926 praeterea
1451 885 1518 915 sunt
1528 887 1561 915 in
1571 883 1686 924 legibus
1696 883 1732 914 de
1742 882 1884 914 unctura:
1903 884 2012 924 quibus
2023 891 2181 913 saavrms
2194 889 2256 911 υκ-

1295 936 1408 958 cruRA
1428 927 1545 957 tollitur
1558 946 1568 960 ,
1583 926 1744 966 omnisque
1763 934 2052 956 CIRCUMPOTATio.
2077 933 2142 965 quae
2166 923 2258 952 &re-

1294 969 1341 1000 &e
1360 969 1530 1002 tolluntur,
1549 978 1647 1009 neque
1668 968 1865 1000 tollerentur,
1885 965 1940 996 nisi
1962 964 2105 1000 fuiss‘ent3
2122 975 2154 994 ne
2169 964 2258 994 Sum-

1294 1011 1376 1051 tuofiz
1392 1010 1509 1050 respersio
1524 1021 1533 1044 3
1550 1020 1581 1038 ne
1592 1010 1674 1049 long-z
1685 1020 1782 1038 corona
1792 1028 1801 1041 ‚
1825 1012 1854 1035 ¹4
1872 1019 1918 1037 nec
1930 1018 2025 1037 acerra
2036 1014 2257 1047 praetereantur.

1293 1053 1349 1083 Illa
1368 1054 1427 1088 iam
1448 1050 1626 1092 significatio
1643 1050 1685 1080 est
1700 1070 1709 1083 ‚
1729 1050 1816 1079 lauda
1825 1058 1986 1079 ornamenta
1995 1050 2032 1078 ad
2042 1046 2260 1089 mortuusperti-

1295 1104 1365 1127 nere,
1377 1093 1469 1134 quod,
1486 1095 1514 1120 ¹5
1524 1102 1652 1122 coronam
1664 1092 1897 1133 virtutepartam
1909 1111 1918 1124 ,
1931 1091 1963 1121 &
1972 1101 2011 1124 el,
2021 1093 2072 1132 qui
2084 1087 2255 1131 peperisset,

1295 1136 1328 1166 &
1339 1136 1403 1175 ejus
1413 1137 1529 1175 parenti
1544 1154 1553 1167 ,
1574 1132 1635 1164 sme
1651 1133 1751 1164 fraude
1762 1132 1819 1163 ess'e
1829 1134 1880 1162 lex
1894 1131 2063 1172 impositam
2074 1133 2157 1171 jubet
2169 1142 2175 1161 t
2194 1140 2261 1171 cref-

1294 1178 1394 1218 doque
1406 1197 1414 1210 ‚
1427 1175 1510 1217 quod
1521 1184 1582 1206 erat
1591 1175 1759 1206 factitatum
1771 1195 1779 1209 ,
1792 1184 1823 1205 ut
1837 1177 1891 1205 uni
1901 1176 1984 1214 plura
1996 1172 2099 1204 fierent
2110 1194 2119 1207 ,
2131 1172 2262 1212 lectique

1291 1221 1394 1260 plures
1409 1218 1626 1251 sternerentur,
1648 1217 1679 1248 id
1690 1227 1810 1258 quoque
1820 1227 1858 1247 ne
1873 1215 1974 1250 fieret,
1986 1216 2050 1256 lege
2061 1215 2196 1245 sanfium
2209 1212 2263 1243 est.

1295 1263 1361 1303 Qa
1374 1263 1407 1290 in
1417 1261 1480 1301 lege
1494 1259 1566 1290 curn
1578 1258 1658 1293 effet,
1672 1269 1762 1290 Navis
1774 1268 1895 1288 Annum
1910 1267 2046 1291 Anni-ro,
2062 1258 2153 1298 quam
2167 1254 2196 1275 ¹⁶
2206 1257 2264 1285 hu-

1295 1302 1386 1333 mane
1406 1303 1530 1342 excipit.
1565 1302 1653 1332 altera
1673 1301 1722 1331 lex
1742 1310 1824 1340 Q01
1847 1311 1915 1330 auro
1934 1301 2025 1329 dentes
2044 1298 2137 1329 νιηῐΐι
2158 1297 2265 1337 escunt,

1293 1344 1336 1381 ast
1353 1346 1395 1374 im
1416 1355 1481 1373 cum
1502 1345 1547 1373 illo
1562 1343 1675 1384 fipelire
1693 1353 1820 1373 urere>ve
1833 1363 1841 1376 ,
1857 1342 2004 1382 sbfraude
2020 1340 2080 1377 esto.
2106 1340 2152 1370 ·&
2173 1337 2264 1368 simul

1296 1387 1373 1417 illud
1393 1387 1527 1417 videtote
1540 1405 1548 1419 ‚
1567 1386 1647 1416 aliud
1664 1385 1798 1416 habiturn
1817 1383 1895 1417 effe,
1913 1389 1939 1413 ¹7
1950 1384 2092 1424 sepelire,
2118 1383 2151 1413 ὃ(
2170 1390 2266 1411 urere.

1298 1432 1375 1460 Duae
1388 1429 1455 1459 sunt
1475 1437 1612 1468 praeterea
1632 1428 1711 1468 leges
1732 1427 1769 1457 de
1789 1427 1939 1466 sepulcris.
1962 1435 2088 1466 quarum
2099 1425 2190 1454 altera
2203 1423 2270 1463 pri-

1297 1480 1440 1502 vatorum
1459 1468 1597 1500 aedificiis
1609 1489 1618 1504 ‚
1639 1471 1727 1500 altera
1741 1467 1807 1508 ipsis
1822 1469 1962 1507 sepulcris
1972 1476 2064 1497 cavet.
2089 1469 2171 1496 Nam
2184 1462 2268 1505 quod

1298 1522 1398 1553 rogum
1409 1532 1417 1546 ‚
1438 1510 1547 1547 bustum
1555 1521 1587 1539 ve
1606 1520 1712 1540 novum
1728 1519 1807 1540 vetat
1813 1510 1925 1550 propius
1930 1509 2085 1548 sexaginta
2091 1512 2168 1549 pedes
2177 1504 2269 1545 adjici

1299 1555 1374 1583 adeis
1393 1554 1499 1582 alienas
1510 1573 1519 1586 ‚
1540 1552 1634 1581 invito
1644 1552 1755 1581 domino
1765 1571 1773 1584 ,
1795 1551 1972 1581 incendium
1987 1559 2105 1579 veretur
2114 1549 2267 1579 acerbum·

1303 1591 1332 1615 ¹8
1346 1593 1437 1636 Qod
1451 1603 1550 1624 autem
1567 1603 1682 1623 FORuM
1694 1613 1703 1626 ,
1726 1593 1758 1623 id
1770 1591 1811 1622 est
1826 1613 1835 1625 ,
1847 1592 2031 1622 vestibulum
2046 1591 2189 1631 sepulcri,
2213 1598 2271 1620 Bu-

1302 1646 1434 1666 STUMVE
1451 1656 1460 1669 ,
1488 1644 1627 1666 usucAPr
1645 1644 1744 1667 vetat,
1765 1644 1862 1665 tuetur
1884 1636 1929 1671 jus
1950 1634 2161 1672 sepulcrorum.
2195 1632 2273 1661 Haec

1305 1678 1450 1709 habemus
1467 1679 1501 1707 in
1519 1676 1720 1710 Duodecim,
1753 1676 1821 1706 sane
1841 1675 2004 1706 secundam
2027 1683 2182 1704 naturam:
2204 1680 2272 1714 quae

2172 1722 2277 1744 norma.

333 1815 356 1831 ι,
376 1809 408 1831 Et
427 1814 509 1839 corpus
528 1806 646 1839 incensum
665 1806 726 1840 effi]
748 1806 833 1832 Palat.
857 1811 945 1840 quart·
965 1805 1073 1836 inustum
1091 1806 1134 1829 eff.
1158 1802 1226 1829 liber
1237 1804 1264 1828 S.

293 1841 367 1868 Vist.
376 1843 405 1872 ὼ
414 1850 495 1875 corpur
503 1842 569 1874 orsus
579 1844 614 1867 ef?
625 1861 633 1873 ,
645 1841 782 1877 quomodo
794 1841 821 1866 &
832 1840 952 1866 Turnebi
965 1839 1012 1865 mi'.
1025 1849 1091 1866 unus
1105 1858 1113 1871 ,
1126 1848 1185 1865 nam
1197 1839 1265 1865 alius

292 1879 366 1911 cesi-ts.
388 1879 418 1904 1¹.
430 1879 568 1904 Manutius
582 1897 589 1909 ,
608 1884 686 1913 putat
697 1877 818 1903 Tullium
831 1876 887 1902 heic
900 1876 974 1911 loqui
990 1875 1023 1901 de
1042 1875 1080 1901 eis
1099 1875 1145 1910 qui
1166 1883 1267 1901 crema—

295 1917 402 1941 bantur.
424 1914 564 1940 Turnebus
576 1914 640 1940 vero
654 1921 758 1939 contra.
780 1912 849 1939 unde
861 1911 977 1937 lib.xiv.
988 1909 1103 1937 Advers.
1115 1920 1169 1947 cap.-
1179 1912 1206 1936 6.
1221 1919 1268 1937 cu-

294 1949 355 1986 pide
366 1959 396 1976 ae
406 1949 567 1986 perlibenter
578 1949 676 1985 legerit
688 1969 695 1982 ,
705 1950 735 1980 (3»-
744 1956 826 1982 coi-pue
836 1949 885 1982 ejus
895 1950 930 1974 ef?
940 1967 948 1980 ‚
968 1946 995 1974 id
1006 1947 1041 1975 est
1053 1956 1147 1983 corpus
1157 1946 1269 1983 sepulcri

298 1986 398 2014 xaktum
410 1987 456 2013 est.
1244 1998 1246 2001 ·

331 2032 358 2048 2.
377 2023 476 2055 Sepultii·
495 2025 589 2055 penitus
600 2041 608 2054 ,
629 2024 724 2047 humati
742 2020 882 2054 dicamur]
906 2020 972 2046 Hoec
992 2019 1027 2046 est
1051 2018 1218 2046 consentiens
1238 2029 1270 2045 o-

296 2059 398 2085 mnium
412 2066 477 2085 vett.
489 2058 619 2085 librorum
631 2057 724 2083 lectio.
746 2056 887 2083 Turnebus
899 2056 1018 2092 primum
1035 2054 1067 2081 de
1087 2054 1133 2082 suo
1152 2055 1217 2082 fecit
1229 2056 1270 2087 se-

294 2096 366 2127 pultis
380 2098 477 2128 ponitur
489 2114 496 2126 ‚
511 2102 538 2120 ut
548 2096 640 2119 humati
650 2095 674 2120 d.
686 2091 756 2129 quod
770 2092 914 2120 Lambinus
928 2111 935 2124 ,
947 2091 1033 2118 Aldus
1047 2092 1138 2128 Nepos
1153 2111 1160 2123 ,
1171 2092 1215 2117 alii
1227 2090 1269 2117 se-

296 2139 416 2166 quuntur
428 2150 436 2162 ,
454 2140 507 2166 quo
522 2131 584 2164 jure
603 2130 648 2166 ipsi
670 2129 796 2156 viderint.
818 2128 958 2155 Turnebus
970 2127 1029 2154 sine
1039 2135 1129 2163 aperte
1154 2127 1267 2160 fatetur,

296 2166 363 2194 illud
373 2170 469 2200 ponitur
478 2174 505 2191 nt
517 2185 525 2197 ,
536 2176 586 2193 non
599 2165 650 2192 else
661 2168 676 2192 a
687 2166 761 2192 libris
772 2185 779 2196 ,
793 2164 837 2191 sed.
849 2166 863 2191 a
875 2163 1032 2199 coujectura
1043 2163 1096 2191 sua.

335 2211 361 2238 3.
380 2204 437 2228 'T'um
446 2203 474 2234 415·
484 2204 531 2228 illic
540 2205 651 2228 humatus
661 2204 697 2228 es?
707 2221 714 2234 ‚
734 2203 836 2234 &gleba
845 2202 973 2235 vocatum]
997 2199 1116 2235 Expreffi
1127 2199 1199 2234 quod
1211 2207 1268 2226 erat

297 2238 323 2266 in
337 2239 393 2265 Pal.
404 2247 501 2274 quarto
512 2257 520 2269 ‚
541 2248 625 2274 neque
635 2238 691 2265 abit
704 2240 730 2264 S.
743 2237 861 2263 Vistoris
875 2256 883 2268 ,
903 2246 984 2273 quain
995 2236 1066 2272 quod
1078 2237 1098 2263 is
1109 2238 1164 2263 illu.
1184 2235 1227 2263 sed
1242 2237 1269 2262 ὃς

298 2282 348 2301 tum
359 2277 413 2301 Mis.
436 2282 492 2301 crat
503 2275 527 2301 in
542 2274 619 2301 Fabia
631 2274 751 2310 nihilque
761 2273 793 2300 ab
805 2274 849 2300 hac
859 2273 987 2308 scriptura
999 2273 1102 2299 recedit
1112 2272 1266 2304 'rui-nebus,

297 2313 379 2346 quam
391 2311 462 2347 quod
473 2310 532 2337 edit
543 2318 592 2336 tum
601 2311 683 2341 &illm
706 2309 840 2337 vic-“torius
853 2310 997 2336 lib.xx111.
1008 2309 1096 2345 cap.8.
1107 2308 1270 2337 emendabat

299 2355 348 2372 tum
356 2350 382 2373 in
391 2350 456 2373 hum.
468 2354 573 2382 recepta
583 2346 665 2372 lectio
677 2366 684 2378 ,
697 2347 793 2372 tumulis
802 2348 915 2371 humatus·
925 2348 960 2371 eff
973 2365 981 2376 ‚
995 2346 1046 2376 (ys.

335 2391 363 2416 4.
382 2385 488 2417 Etgleba
498 2383 626 2416 vocatum]
649 2383 691 2409 Sic
703 2383 771 2408 Pali.
782 2381 836 2408 duo
848 2392 854 2408 :
868 2381 901 2408 sic
915 2381 1061 2408 §.Vittoris
1075 2401 1085 2414 ,
1095 2381 1128 2408 sic
1138 2381 1274 2408 Fabricia-

302 2428 350 2446 nus
363 2428 370 2449 3
384 2428 468 2455 neque
479 2419 558 2445 aliter
570 2418 636 2453 legit
650 2419 676 2445 in
690 2418 834 2445 veterrimo
843 2417 889 2444 {uo
901 2417 1042 2444 Turnebus
1054 2437 1062 2450 ‚
1081 2417 1274 2453 adprobatque.

303 2454 449 2482 Lambinus
461 2465 492 2481 eo
505 2454 604 2489 rejefih)
614 2455 722 2490 oggerit
734 2463 768 2481 ex
779 2453 946 2481 Memmiana
958 2473 965 2484 ,
976 2454 1005 2484 ὠ·
1014 2455 1120 2479 tumulus
1129 2463 1182 2479 voc.
1203 2452 1274 2489 quod

305 2492 363 2526 quis
375 2501 426 2518 non
438 2491 512 2519 videt
522 2490 572 2518 esse
581 2490 710 2526 gloss'ema
723 2511 731 2524 ,
754 2499 829 2526 aeque
838 2499 869 2517 ac
879 2489 993 2518 Viftorii
1005 2508 1013 2522 ,
1035 2489 1064 2521 ὠ·
1075 2490 1210 2523 sepulcrum
1227 2498 1273 2515 vo-

293 2534 376 2553 ·aemur
390 2531 401 2553 ?

344 2572 369 2596 5.
389 2564 454 2597 Qud
465 2573 489 2589 os
500 2564 579 2597 fiaepra
591 2570 682 2589 terram
694 2571 739 2589 non
748 2568 842 2588 extaret
851 2573 858 2587 :
872 2569 970 2594 porcam
981 2562 1058 2587 heredi
1067 2562 1106 2596 effi
1117 2563 1276 2593 contraffam,

306 2599 463 2629 &habendas
473 2601 579 2625 triduum
591 2601 670 2633 sci-iar
684 2619 691 2631 ,
711 2600 812 2632 &porco
825 2599 920 2632 femina
928 2600 1048 2631 piaculum
1053 2601 1118 2631 pati.
1130 2599 1155 2631 fi
1170 2601 1196 2623 in
1214 2600 1277 2624 mari

309 2642 412 2660 mortuus
422 2637 473 2669 effet
486 2655 494 2666 ‚
514 2636 591 2661 eadem
604 2655 612 2667 ,
629 2643 715 2669 praeter
730 2636 852 2667 piaculum
861 2634 890 2664 <ly
897 2635 1004 2669 feriam]
1027 2635 1115 2661 Locus
1126 2634 1276 2670 desperatus

309 2670 354 2696 est.
376 2671 464 2706 itaque
483 2680 542 2697 cum
567 2671 683 2698 viderem
702 2671 781 2698 aliter
799 2671 823 2697 ei
843 2670 1001 2697 medicinam
1015 2670 1101 2697 facere
1112 2670 1277 2703 Victorium,

308 2705 387 2745 aliter
398 2707 551 2733 Turnebum
566 2727 574 2739 ,
592 2707 671 2735 aliter
685 2707 844 2733 Lambinum
858 2726 866 2740 ‚
887 2706 1070 2743 repraesentavi
1089 2716 1147 2734 eam
1166 2707 1278 2734 omniuo

312 2739 462 2776 scripturam
475 2753 551 2779 quain
563 2743 723 2779 expresserat
734 2753 781 2780 pro
793 2752 854 2770 vera
867 2763 874 2775 ‚
886 2744 911 2770 in
924 2744 1018 2770 Nonio
1030 2742 1076 2770 suo
1088 2743 1188 2778 ,Josias
1201 2745 1278 2770 Mer-

313 2784 403 2803 cerus:
426 2786 499 2805 tanto
516 2779 624 2814 quidem
645 2779 789 2815 proclivius
801 2798 809 2811 ,
828 2779 899 2815 quod
910 2779 1072 2816 conspiraret
1092 2780 1148 2806 fer‘e
1167 2781 1277 2806 omnino

315 2820 373 2837 <um
386 2813 439 2838 Pal.
451 2816 538 2841 nostro
549 2824 635 2849 quart.
659 2816 703 2851 qui
716 2815 826 2843 habebat
837 2826 842 2842 :
865 2822 944 2850 quotos
955 2818 1033 2849 ficpra
1042 2823 1132 2842 terram
1141 2826 1186 2842 non
1195 2823 1279 2842 extare

309 2854 404 2880 porcam
414 2850 490 2875 heredi
500 2851 539 2883 effi
549 2854 675 2877 contraflet
685 2853 807 2878 habendas
819 2871 826 2883 ‚
849 2852 900 2882 (ly-c.
924 2851 1009 2878 Aldus
1020 2851 1106 2879 senior
1116 2852 1278 2888 publicarat,

316 2890 393 2924 qualos
406 2885 482 2916 supra
495 2893 582 2912 terram
601 2898 644 2913 non
657 2895 738 2914 extare
755 2896 849 2920 porcam
868 2888 946 2914 heredi
964 2889 1026 2921 fft.
1045 2886 1127 2914 conii-a
1137 2890 1209 2922 censa-t
1219 2890 1276 2915 hab.

315 2918 458 2950 ideerias
470 2939 478 2951 ,
487 2921 647 2955 &spor-cufim.
655 2927 720 2956 piac.
729 2926 855 2958 pati.fiin
866 2926 929 2949 mari
938 2931 1044 2950 mortuus
1053 2925 1104 2958 affer
1114 2935 1120 2949 :
1130 2926 1209 2950 eadem
1216 2933 1279 2957 prae-

316 2957 486 3015 “folgqsulum
495 2957 523 2985 ὠ·
535 2959 612 2988 ferias
623 2969 628 2983 .·
648 2959 782 2994 quomodo
794 2979 802 2992 ,
820 2960 894 2997 apice
904 2960 979 2988 nullo
989 2961 1075 2988 minus
1086 2960 1144 2987 Pal.
1155 2969 1220 2988 tert.
1231 2961 1278 2988 nisi

319 2999 354 3025 qu
403 2998 423 3016 is
437 3009 443 3021 ‚
453 2998 554 3021 portam.

355 3025 383 3050 6.
403 3027 475 3051 Credo
484 3028 622 3059 ⁴zat-[propter
640 3030 699 3061 igni:
715 3033 872 3067 periculum]
894 3032 1036 3060 Turnebus
1057 3032 1105 3060 lib.
1117 3042 1198 3060 xxw.
1220 3032 1279 3059 Ad-

322 3060 388 3087 vers.
398 3070 453 3097 cap.
466 3070 491 3096 3.
504 3063 593 3088 mallet
606 3082 614 3093 ,
625 3066 689 3104 fredo
697 3068 816 3093 videlicet.
835 3076 862 3094 at
872 3069 1010 3104 vulgatum
1023 3070 1088 3096 mihi
1098 3070 1216 3096 effacius.
1238 3070 1279 3097 ul-

322 3104 407 3124 ter-um
420 3105 506 3124 tamen
518 3107 566 3134 pro
579 3098 700 3133 legitimo
710 3102 825 3129 auctoris
838 3105 935 3139 recepit
948 3105 1104 3132 Lambinus.

355 3141 384 3168 7.
403 3134 538 3163 Domum
560 3135 736 3171 Hennam]
758 3138 802 3165 Est
820 3138 852 3167 ab
862 3140 927 3171 Alai
945 3142 1074 3178 antiquam
1094 3141 1234 3178 reperique
1251 3141 1280 3169 in

2201 1775 2262 1782 ἡ

1313 1803 1428 1830 Palatin.
1440 1810 1504 1829 tert.
1515 1811 1574 1829 nam
1585 1809 1674 1838 quart.
1683 1812 1757 1829 numa
1766 1803 1866 1828 honoris.
1888 1801 2022 1829 Victorius
2031 1804 2046 1818 ¹*
2061 1803 2150 1828 MmA
2164 1797 2276 1828 Hono-

1313 1849 1375 1866 Rrs.
1395 1840 1511 1872 conjecit
1522 1839 1663 1866 Turnebus
1684 1840 1816 1866 LAMlNA
1837 1839 1985 1865 Homerus
1999 1857 2007 1870 ‚
2027 1836 2098 1874 quod
2116 1837 2190 1864 illico
2202 1847 2276 1864 rece-

1312 1876 1352 1911 pit
1362 1876 1387 1901 in
1399 1882 1556 1901 contextum
1570 1875 1729 1903 Lambinus.
1749 1875 1845 1911 accipit
1854 1884 1909 1902 rem
1920 1875 1966 1911 qui
1980 1874 2116 1901 vocaverit
2128 1893 2138 1907 ,
2147 1883 2238 1900 verum
2251 1873 2276 1901 ei

1312 1911 1419 1938 dederit
1431 1920 1590 1947 cognomen.

1349 1948 1376 1974 8.
1398 1949 1465 1974 Hoc
1488 1957 1564 1974 PLUs
1585 1948 1691 1983 inquin]
1714 1947 1830 1975 Inclinat
1842 1947 1918 1975 Paul.
1929 1946 2067 1974 Manutius
2079 1945 2169 1982 legere
2179 1947 2277 1980 opus,

1310 1986 1400 2010 inruit.
1422 1994 1473 2010 non
1486 1983 1640 2015 necessario,

1347 2028 1377 2055 9.
1397 2021 1483 2045 mm
1501 2020 1628 2054 riciniis.]
1659 2018 1783 2056 Explicat
1801 2019 1856 2046 haec
1874 2025 1967 2046 contra
1986 2018 2148 2046 Raevardum
2171 2018 2277 2054 Lipsius

1310 2055 1358 2082 lib.
1371 2065 1394 2083 1.
1406 2056 1488 2091 Epist.
1499 2056 1589 2092 quaest.
1601 2065 1656 2091 cap.
1669 2056 1696 2082 8.

1351 2101 1392 2118 10.
1413 2095 1445 2118 Et
1454 2093 1558 2118 vincusn
1572 2092 1708 2126 purpura]
1733 2091 1802 2118 Pall.
1814 2092 1842 2117 δε
1853 2092 1881 2118 S.
1891 2091 1964 2118 Vicit.
1975 2091 2039 2117 item
2051 2090 2170 2118 Turnebi
2181 2091 2278 2117 vincla.

1311 2128 1381 2155 unde
1400 2127 1472 2154 idem
1490 2128 1599 2163 conjicit
1611 2147 1619 2160 ,
1645 2129 1674 2160 &¹
1692 2128 1769 2154 cla-rix
1783 2135 1913 2162 purpure,
1932 2127 2004 2164 quod
2023 2128 2051 2154 δε
2073 2128 2162 2155 textui
2182 2126 2280 2154 intulit

1313 2163 1470 2191 Lambinus.

1354 2209 1394 2227 11.
1418 2202 1527 2228 GENAs
1556 2209 1599 2227 NF.
1628 2200 1819 2235 RAnunro.]
1848 2199 1995 2227 Lambinus
2017 2197 2134 2236 reposuit
2151 2201 2166 2225 e
2185 2197 2281 2225 Servio

1312 2245 1493 2264 caneux-ro.
1518 2235 1562 2263 sed
1572 2244 1666 2264 contra
1675 2236 1736 2263 edd.
1748 2246 1839 2263 omnes
1852 2255 1860 2268 ‚
1872 2237 1901 2262 &
1912 2235 1969 2263 mss.
1981 2236 2095 2267 nostros,
2107 2236 2172 2262 item
2183 2234 2279 2262 aueto-

1314 2274 1421 2300 ritatem
1433 2273 1514 2300 Plinii
1526 2272 1573 2299 lib.
1587 2282 1628 2300 xi.
1641 2283 1696 2309 cap.
1710 2280 1754 2309 37.
1766 2282 1825 2309 quae
1836 2272 1901 2298 mihi
1912 2272 2037 2298 Serviana
2049 2272 2149 2308 potior.

1354 2319 1397 2336 η.
1415 2310 1585 2344 Sedficspicari
1593 2311 1685 2342 vestim.
1696 2312 1754 2343 aliq.
1767 2309 1970 2342 genus-funebris:
1982 2310 2080 2339 helius,
2093 2307 2159 2340 &c·]
2173 2304 2278 2341 Lipsius

1314 2345 1401 2373 noster
1412 2345 1481 2372 libro
1493 2355 1513 2372 1.
1526 2346 1607 2381 Epist.
1619 2345 1708 2382 quaest.
1719 2354 1775 2381 cap.
1786 2353 1813 2378 7.
1834 2345 1961 2371 immittit
1973 2363 1981 2375 ,
1996 2344 2040 2377 fed
2047 2342 2279 2376 Aciliusfizspicari,

1314 2382 1365 2413 Gya.
1388 2381 1492 2418 decepit
1502 2391 1562 2408 eum
1574 2381 1644 2417 quod
1655 2381 1775 2417 sequitui·
1786 2384 1818 2407 L.
1828 2382 1927 2408 Alius
1938 2399 1945 2411 ‚
1956 2388 2034 2414 quem
2046 2378 2158 2405 eundem
2175 2377 2283 2414 putavit

1315 2427 1375 2444 cuin
1387 2419 1470 2444 Sexto
1481 2427 1490 2449 3
1512 2420 1574 2444 cum
1587 2426 1674 2444 tamen
1686 2417 1716 2443 lit
1726 2416 1773 2443 ille
1783 2417 1825 2443 cui
1837 2424 1984 2450 cognomen
1995 2417 2136 2441 Praeconini.

1355 2463 1364 2480 1
1372 2462 1398 2489 3.
1417 2457 1450 2480 L.
1460 2454 1583 2488 strusz]
1605 2455 1645 2479 lta
1657 2452 1808 2480 Turnebus.
1828 2461 1888 2479 nam
1899 2452 1972 2488 prius
1984 2449 2048 2479 editi
2059 2453 2159 2483 Lxlim,
2170 2449 2241 2486 quod
2251 2449 2280 2476 δε

1316 2489 1342 2516 in
1356 2489 1426 2516 Pall.
1439 2491 1466 2516 ὃ(
1478 2489 1678 2516 Gulielmianis.

1361 2533 1403 2559 ¹4·
1424 2530 1472 2552 Nec
1481 2535 1567 2552 acerra
1572 2525 1772 2560 pratereanmr]
1793 2523 1906 2552 Palatin.
1918 2530 2007 2561 quart.
2017 2529 2169 2557 preteream.
2179 2522 2211 2549 P.
2221 2521 2284 2550 Maa-

1318 2562 1408 2589 nutius
1419 2561 1567 2593 divinabat,
1576 2564 1747 2596 preferantur.

1358 2607 1366 2624 ι
1374 2607 1399 2632 5.
1419 2601 1532 2624 Coronam
1541 2601 1636 2625 virtute
1648 2597 1774 2632 partam]
1798 2597 1826 2624 S.
1839 2595 1956 2624 Vistoris
1968 2616 1977 2630 ,
1989 2597 2016 2623 δε
2030 2595 2118 2623 Palat.
2128 2600 2218 2632 quart.
2234 2600 2284 2628 pa-

1320 2641 1410 2661 ratam.

1361 2672 1403 2698 16.
1414 2671 1521 2697 Humane
1532 2673 1620 2704 echpit
1629 2671 1708 2696 altera
1716 2671 1754 2696 lex
1766 2681 1774 2696 :
1791 2671 1838 2703 Qu
1846 2678 1875 2696 01
1896 2677 1983 2696 Auno
2002 2676 2137 2700 nmrrsss,
2148 2666 2214 2700 ἀτη]
2235 2666 2284 2692 Se-

1321 2715 1397 2734 cutus
1409 2706 1464 2734 siim
1476 2707 1589 2734 Vinstorii
1608 2708 1634 2733 &
1648 2706 1777 2733 Tui-nebi.
1798 2705 1934 2732 Victorius
1947 2713 2035 2732 tamen
2046 2703 2132 2731 adhuc
2140 2703 2285 2736 abjecerat,

1321 2746 1400 2769 altera
1410 2745 1458 2770 lex.
1480 2753 1539 2770 nam
1555 2743 1636 2779 vulgo
1647 2750 1752 2778 recepta
1763 2741 1844 2769 leStio
1855 2741 1980 2773 habebat,
1990 2741 2089 2767 humane*
2099 2741 2203 2771 excipiat
2213 2748 2219 2763 .-
2237 2739 2284 2763 Al-

1320 2787 1374 2806 tera
1385 2782 1422 2805 lex
1429 2783 1546 2813 pracipn,
1558 2782 1636 2806 altera
1645 2781 1685 2805 lex
1692 2786 1762 2804 verat
1773 2798 1781 2811 ‚
1792 2786 1820 2804 ur
1838 2787 1892 2804 cui
1913 2786 2000 2804 auno
2015 2795 2023 2808 ,
2041 2776 2095 2801 Sec.
2110 2772 2244 2810 quomodo
2255 2774 2284 2799 δε

1323 2816 1391 2842 Pali.
1405 2815 1495 2842 nostri.
1516 2817 1556 2842 De
1576 2816 1624 2842 illo
1647 2824 1768 2842 εεςυΝτ
1782 2834 1790 2846 ,
1811 2814 1931 2841 videatur
1950 2813 2085 2840 Columna
2103 2809 2135 2836 ad
2156 2810 2287 2842 Ennium,

1322 2852 1447 2879 Gifanius
1468 2851 1500 2879 ad
1516 2853 1683 2879 Lucretium.
1705 2852 1763 2877 lmc'·
1777 2851 1810 2877 de
1830 2849 2016 2876 emendatione
2033 2846 2287 2882 atqueinterpreta-

1323 2888 1396 2915 tione
1407 2889 1498 2914 hai-uin
1511 2888 1599 2923 legum
1611 2887 1763 2914 consulatur
1773 2886 1919 2913 Raevardus
1932 2903 1940 2916 ,
1958 2885 2145 2910 Hotomannus
2159 2901 2167 2913 ,
2186 2883 2287 2918 aliique

1323 2925 1369 2960 qui
1378 2923 1536 2960 scripserunt
1548 2925 1573 2951 in
1586 2933 1644 2951 xit.
1657 2924 1768 2950 tabulas.
1779 2932 1863 2958 neque
1873 2921 1943 2947 enim
1958 2927 2030 2945 vacat
2039 2918 2159 2953 occupari
2170 2918 2286 2954 ipsorum

1323 2960 1484 2994 coniceturis
1498 2980 1506 2990 ,
1525 2963 1586 2987 cuin
1599 2959 1670 2996 quod
1681 2968 1772 2986 eorum
1783 2958 1867 2990 capita
1879 2976 1887 2987 ,
1899 2963 1940 2983 tot
1952 2956 2031 2982 ctiam
2045 2955 2093 2981 lint
2104 2954 2250 2982 sententiae.

1364 3005 1406 3031 ¹7·
1425 2998 1523 3030 Sepelit-e
1532 2998 1560 3027 (ἔγ
1569 2997 1664 3029 narem]
1679 2996 1722 3021 Est
1732 2996 1747 3019 ἐι
1759 2992 1912 3027 εοιῃέξὶυιά
1923 2991 2053 3023 'rui-nebi,
2064 2992 2136 3027 prius
2148 2991 2211 3024 culi,
2219 2991 2288 3025 fipe-

1322 3035 1410 3059 liretur
1422 3043 1475 3065 tere,
1486 3032 1556 3068 quod
1569 3033 1595 3058 &
1608 3033 1633 3058 in
1646 3030 1702 3056 mss.
1717 3030 1820 3055 nosti-is.

1364 3070 1406 3095 18.
1416 3069 1483 3102 Qod
1490 3069 1663 3100 autemjizrum,
1673 3065 1700 3090 id
1708 3067 1752 3095 253,
1772 3065 1938 3099 vestibulum]
1951 3065 1993 3090 Ita
2004 3063 2070 3100 legit
2081 3072 2115 3089 ex
2127 3063 2203 3090 Festo
2214 3063 2288 3088 Tur·-

1325 3105 1406 3132 nebus
1417 3113 1426 3134 3
1449 3105 1513 3131 cum
1521 3102 1585 3132 esset
1594 3103 1622 3131 in
1631 3100 1735 3137 scriptis
1748 3101 1804 3138 ejus
1816 3100 1974 3138 nostrisque,
1984 3109 2071 3128 eornm.
2091 3098 2228 3128 Victorius
2238 3107 2290 3125 ex-

1324 3140 1399 3169 cudit
1409 3140 1490 3176 ἡρῶον.
2263 3170 2269 3175 ¹

2169 3179 2193 3198 ι.
2204 3173 2282 3198 Daim-

2273 712 2318 746 24
