2337 3400
131 1205 174 1237 34
196 1202 349 1243 singulari,
369 1200 491 1233 divina,
515 1197 728 1229 &incredibili
746 1196 813 1227 fide.
837 1197 891 1227 Sed
905 1198 962 1233 jam
975 1196 1040 1225 satis
1051 1194 1147 1224 multa

171 125 263 186 558
592 120 658 166 M.
730 115 781 162 T
819 123 916 160 U'L
953 127 982 157 L
1022 127 1038 156 1
1077 127 1103 156 1v

172 208 234 237 haec
247 205 374 244 templs,
394 208 479 242 atque
497 199 557 239 ipsa
575 197 689 228 moenia
706 195 778 227 stare
795 206 831 226 eo
846 196 918 225 vivo
933 191 1046 223 tamdiu
1059 211 1067 224 ‚
1092 191 1124 221 &

175 248 363 279 consulatum
373 246 437 278 eius
447 239 614 280 exspeciare
625 236 807 279 potuissent,
826 237 878 267 ille
888 235 1017 275 denique
1027 236 1126 266 vivus,

177 291 250 319 mali
262 280 478 317 nihilfeciss'et,
497 284 549 322 qni
565 290 700 311 mortuus
712 300 719 313 ,
744 289 805 309 uno
823 288 862 308 ex
880 277 938 307 suis
956 275 1131 306 satellitibus

178 334 247 361 Ssx.
259 328 367 358 Clodio
377 326 451 356 duce
462 344 471 357 ,
485 325 598 354 curiam
608 322 796 352 incenderit?
817 322 888 361 Qo
898 318 970 359 quid
983 317 1131 351 miserius,

180 371 252 411 qnid
263 369 395 399 acerbius
405 387 413 400 ‚
425 365 498 407 quid
508 363 670 395 lue‘tuosius
681 364 814 394 vidimus
825 363 833 387 Ξ
848 361 1016 400 Templum
1026 357 1142 401 santffki—¹

180 421 246 443 titis
257 431 264 443 ‚
277 408 484 449 amplitudinis
494 427 502 441 ,
516 408 625 442 mentis
635 425 643 439 ‚
653 404 768 435 consilii
780 403 913 444 publici,
929 406 938 421 ¹
948 410 1034 441 caput
1044 400 1135 434 urbis,

181 463 259 483 aram
272 453 423 482 sociorum
436 471 444 483 ,
456 457 577 489 portum
589 449 731 477 omnium
741 448 878 487 gentium
888 464 896 478 ‚
913 443 1011 475 sedem
1021 441 1058 473 ab
1069 443 1138 472 uni-

181 494 266 524 verso
276 493 389 533 populo
402 494 545 521 Romano
556 487 787 520 concessamuni
803 487 904 517 ordini
916 506 925 520 ,
946 484 1139 517 inflammari,

184 534 337 567 exscindi,
357 532 518 564 funestari?
538 541 634 571 neque
645 530 674 561 id
686 529 775 560 fierizi
786 528 1138 566 multitudineimperita‚

183 586 365 619 quamquam
376 573 446 605 esset
456 574 597 604 miserum
609 573 641 603 id
659 573 756 612 ipsum
768 591 777 606 ‚
789 571 837 601 sed
848 568 884 599 ab
894 580 964 599 uno:
985 571 1035 610 qui
1047 572 1059 587 ²
1069 566 1140 598 cum
1162 584 1164 599 ι

183 629 300 649 tantum
318 617 402 647 ansus
417 615 449 646 sit
463 615 543 646 ustor
556 624 609 656 pro
625 623 745 645 mortuo
757 634 766 646 ,
787 612 860 653 quid
874 610 994 654 signifer
1003 621 1057 651 pro
1067 612 1140 640 vivo

184 671 249 691 non
267 658 338 690 esset
354 660 438 689 ausus
454 661 464 687 ?
493 660 529 688 In
546 659 658 687 curiam
676 653 866 696 potissimum
877 655 1002 693 abjecit,
1023 661 1055 682 ut
1073 662 1140 682 eam

186 713 216 732 m
224 712 324 734 ortuus
334 700 507 732 incenderet
517 718 526 732 .
545 707 636 740 quarn
647 700 736 728 vivus
746 705 896 727 everterat.
919 698 956 726 Et
967 695 1033 724 sunt
1042 693 1142 735 quide

186 747 235 774 via
245 744 340 783 Appi-i
349 750 507 782 querantur
516 760 524 774 ‚
537 749 648 771 taceant
657 740 694 770 de
702 741 801 769 curia?
813 742 824 765 3
838 738 930 778 &qui
939 737 975 767 ab
984 746 1020 766 eo
1031 737 1144 776 spiran-

185 795 213 816 te
234 784 335 815 forum
353 793 459 824 putent
475 780 602 823 potuiffe
621 780 764 814 defendi,
779 780 866 820 cujus
875 788 938 809 non
950 777 1089 809 restiterit
1097 786 1144 807 ca-

187 827 288 858 diveri
298 828 400 856 curia?
423 826 557 856 Excitate
567 844 575 858 ‚
591 825 715 854 excitate
729 832 798 852 eum
811 842 820 855 ‚
835 820 856 851 si
866 819 986 860 potestis
996 839 1005 853 ‚
1019 819 1054 849 ab
1065 818 1144 848 infe-

186 872 236 899 ris.
256 867 398 910 frangetis
413 868 561 906 impetum
573 867 656 898 vivi,
676 866 760 902 cujus
771 866 825 893 vix
835 862 982 893 sustinetis
993 861 1083 891 furias
1095 862 1144 890 in-

190 911 318 951 sepulti?
339 908 392 939 nisi
403 908 474 939 vero
486 906 664 938 sustinuistis
675 915 726 936 eos
736 925 744 939 ‚
767 907 818 945 qui
832 914 902 934 cum
914 903 1028 934 facibus
1041 902 1077 932 ad
1091 911 1144 931 cu-

188 955 265 984 riim
277 959 486 984 cucurrerunt,
505 953 599 979 4cum
609 947 735 978 falcibus
745 947 780 977 ad
792 946 921 977 Castoris
931 966 940 979 ,
959 955 1030 976 cum
1039 943 1144 985 gladiis

189 1003 256 1025 toto
266 993 333 1024 foro
344 993 515 1023 volitarunt.
539 989 619 1021 Caed'i
630 988 746 1019 vidistis
756 988 902 1029 populum
914 989 1007 1017 Rom.
1019 988 1144 1016 concio-

190 1046 264 1067 nem
277 1035 382 1077 gladiis
396 1032 551 1064 disturbari
563 1052 572 1064 ‚
591 1030 663 1062 cum
673 1030 822 1061 audiretur
832 1029 950 1060 silentio
962 1031 1007 1058 M.
1017 1029 1142 1060 Coelius‚

192 1075 434 1116 tribunusplebis
446 1095 454 1108 ,
472 1079 484 1102 5
496 1077 540 1103 vir
551 1073 627 1103 &in
637 1082 700 1113 rep.
712 1071 890 1103 fortissimus
902 1092 910 1106 ‚
929 1071 1005 1101 &in
1017 1070 1147 1109 suscepta

191 1120 275 1150 caiisa
286 1115 470 1148 firmissimus
480 1137 487 1150 ,
501 1115 695 1145 &bonorum
705 1114 872 1147 voluntati,
885 1114 918 1143 Sc
927 1111 1094 1143 au&oi·itati
1103 1111 1147 1140 se-

193 1170 278 1191 natus
289 1159 407 1189 deditus
418 1178 426 1192 ,
447 1157 479 1188 Sc
493 1158 526 1187 in
542 1158 594 1187 hac
604 1156 732 1186 Milonis
746 1154 805 1186 sive
817 1155 932 1185 invidia
944 1154 1002 1184 five
1014 1152 1144 1185 fortuna,

192 1245 228 1275 dc
241 1243 341 1274 caiisa:
364 1251 446 1272 exn-:i
460 1241 577 1272 causam
593 1242 683 1270 etiam
696 1241 790 1269 nimis
803 1236 920 1268 foi-tasse
936 1237 1040 1266 muita.
1064 1234 1146 1276 Qid

192 1285 279 1320 restat
289 1305 298 1318 ‚
313 1282 368 1314 nisi
380 1293 411 1314 ut
421 1293 505 1313 orem
516 1303 525 1314 ,
542 1280 728 1322 obtesterque
738 1291 792 1310 vos
805 1300 812 1314 ‚
822 1279 937 1320 judices
948 1298 956 1312 ,
973 1287 1006 1308 ut
1015 1287 1081 1308 eam
1092 1277 1149 1305 mi-

187 1326 368 1367 sericordiam
377 1325 512 1355 tribuatis
523 1321 682 1354 fortiffimo
693 1324 758 1353 viro
769 1341 777 1355 ‚
790 1331 880 1362 quam
890 1321 950 1360 ipse
961 1330 1024 1350 non
1036 1319 1150 1359 implo-

192 1378 235 1399 rat
248 1380 254 1398 ;
274 1378 330 1409 ego
340 1369 428 1397 etiam
440 1386 447 1400 ‚
461 1374 642 1407 repugnante
653 1366 710 1394 hoc
721 1384 729 1397 ‚
749 1363 924 1403 &imploro
934 1382 942 1396 ‚
957 1362 989 1392 δε
1000 1361 1152 1401 exposco?

194 1411 302 1442 Nolite
313 1429 320 1442 ,
333 1407 353 1438 si
363 1410 396 1438 in
405 1407 506 1438 nostro
516 1409 659 1437 omnium
670 1405 741 1435 fletu
751 1405 865 1435 nullam
877 1405 1037 1444 lacrymam
1047 1402 1152 1442 adspe-

195 1451 282 1483 xistis
294 1451 437 1481 Milonis:
451 1449 471 1479 si
481 1450 601 1480 vultum
611 1449 727 1488 semper
735 1447 877 1480 eundem,
889 1445 909 1475 fi
919 1455 1025 1476 vocem
1035 1465 1044 1479 ,
1055 1443 1075 1474 si
1086 1454 1152 1475 ora-

197 1496 316 1524 tionem
335 1491 470 1523 stabilem
482 1512 491 1525 ‚
510 1502 541 1521 ac
551 1500 616 1521 non
626 1498 772 1520 mutatam
790 1488 897 1519 videtis
908 1508 917 1521 ,
938 1489 995 1518 hoc
1006 1485 1111 1517 minus
1122 1487 1151 1516 ei

195 1545 312 1576 parcere
323 1545 328 1563 :
338 1543 424 1574 atque
435 1535 468 1563 ha
474 1534 511 1563 ud
523 1533 593 1566 scio,
602 1542 639 1562 an
651 1532 748 1563 multo
758 1532 848 1561 etiam
859 1528 891 1560 fit
900 1529 1078 1569 adjmrandus
1089 1537 1152 1558 ma-

197 1579 252 1619 gis.
277 1579 398 1607 Etenim
413 1574 432 1604 si
448 1577 480 1605 in
494 1574 675 1615 gladiatoriis
691 1575 818 1613 pugnis,
838 1569 1025 1602 &ininfimi
1035 1571 1151 1613 generis

197 1619 364 1649 hominum
378 1616 554 1647 conditione
566 1635 574 1649 ‚
592 1625 679 1656 atque
692 1613 814 1644 fortuna
826 1634 834 1647 ‚
856 1613 982 1644 timidos
996 1613 1028 1643 ὃς
1042 1612 1153 1652 suppli-

199 1670 248 1691 ces
259 1680 267 1694 ‚
288 1660 321 1690 ὃς
332 1679 340 1693 ,
358 1668 390 1689 ut
400 1661 501 1688 vivere
512 1658 612 1690 liceat,
634 1656 832 1686 obsecranteis
843 1675 850 1689 ,
870 1657 960 1685 etiam
971 1652 1066 1684 odisse
1076 1654 1153 1684 sole—

200 1712 286 1732 mus:
303 1701 407 1731 forteis
419 1720 427 1733 ‚
443 1700 474 1730 &
489 1695 661 1729 6animosos
671 1718 679 1731 ‚
693 1698 725 1728 &
738 1697 766 1727 se
776 1700 879 1728 acriter
888 1697 966 1737 ipsos
976 1698 1068 1726 morti
1078 1693 1153 1725 offe-

200 1745 312 1774 renteis
324 1763 331 1775 ,
354 1743 465 1772 servare
475 1751 630 1780 cupimus:
650 1749 816 1780 eorumque
835 1749 891 1769 nos
911 1741 1005 1780 magis
1023 1738 1154 1770 miseret,

198 1795 253 1826 qui
263 1783 394 1815 nostram
405 1782 640 1813 misericordiam
652 1792 713 1811 non
724 1784 879 1822 requirunt
889 1800 897 1814 ,
908 1780 997 1821 quam
1009 1782 1059 1820 qui
1070 1780 1153 1809 illam

200 1826 383 1868 efflagitant:
402 1833 515 1865 quanto
532 1825 590 1854 hoc
598 1826 692 1865 magis
710 1825 743 1853 in
759 1821 923 1853 tortiffimis
935 1822 1052 1852 civibus
1063 1820 1159 1851 facere

202 1868 348 1899 debemus
363 1867 372 1893 ?
401 1868 454 1896 Me
469 1865 596 1907 quidem
608 1885 616 1899 ‚
636 1865 769 1906 judices,
790 1867 980 1897 exanimant,
1004 1863 1036 1893 &
1054 1864 1160 1893 interi-

205 1920 296 1941 munt
307 1911 351 1940 hae
362 1917 448 1938 voces
459 1907 587 1938 Milonis
600 1927 608 1940 ‚
624 1916 695 1947 quas
705 1906 795 1936 audio
805 1905 913 1936 assidue
926 1927 935 1939 ,
952 1906 984 1935 &
993 1905 1103 1945 quibus
1113 1906 1161 1933 in-

205 1952 315 1982 tersum
334 1949 481 1992 quotidie.
511 1948 672 1983 7Vac'eant‚
695 1949 828 1981 valeant,
849 1949 970 1988 inquit,
991 1956 1072 1977 cives
1086 1946 1159 1979 mei,

204 1994 336 2027 valeant:
351 1991 407 2022 sint
418 1991 588 2021 incolumes
598 2011 607 2024 ‚
621 1989 677 2020 sint
687 1989 826 2020 florentes
837 2009 845 2023 ‚
857 1988 913 2019 fint
924 1990 1015 2019 beati:
1031 1987 1087 2018 stet
1097 1989 1158 2018 haec

206 2035 274 2065 urbs
284 2034 418 2075 praeclara
427 2054 435 2068 ,
448 2034 585 2073 mihique
595 2034 685 2072 patria
693 2030 844 2066 cai-illima,
856 2041 980 2072 quoquo
992 2030 1086 2060 modo
1098 2040 1162 2059 me-

206 2079 263 2107 rita
281 2078 317 2106 de
335 2086 386 2106 me
407 2077 469 2105 erit.
492 2075 652 2115 tranquilla
667 2076 822 2113 rep.cives
838 2075 1068 2114 mei(quoniam
1085 2072 1163 2101 mihi

211 2119 354 2150 cumillis
365 2126 429 2147 non
440 2117 520 2157 licet)
531 2115 591 2146 sine
602 2126 651 2146 me
661 2115 714 2156 ipsi
726 2136 733 2149 ,
755 2115 804 2146 sed
819 2125 872 2155 per
889 2126 939 2145 me
957 2125 1076 2148 tamen,
1096 2124 1164 2154 per-

212 2158 354 2190 fruantur.
379 2168 434 2200 ego
452 2158 555 2188 cedam
567 2178 575 2191 ‚
596 2167 684 2198 atque
699 2157 798 2187 abibo.
821 2156 841 2187 fi
854 2158 933 2187 mihi
944 2167 1004 2197 rep.
1017 2157 1096 2186 bona
1105 2155 1163 2186 frui

209 2211 275 2231 non
286 2202 419 2233 licuerit,
430 2210 457 2230 at
465 2198 557 2229 carebo
565 2200 641 2229 mala
648 2210 659 2226 :
669 2199 701 2229 &
709 2208 798 2239 quarn
809 2200 887 2238 prim
893 2198 946 2228 um
956 2201 1078 2239 tetigero
1088 2198 1164 2228 bene

211 2252 360 2273 moratam
372 2262 380 2276 ,
401 2242 434 2272 &
451 2241 576 2271 liberam
594 2243 748 2272 civitatem
767 2261 776 2273 ‚
796 2242 829 2270 in
848 2250 880 2270 ea
896 2241 1118 2281 conquiescam.
1142 2241 1168 2269 O

209 2283 316 2315 frustra
325 2304 333 2317 ‚
345 2286 443 2324 inquit
453 2303 461 2317 ,
474 2283 597 2323 suscepti
608 2284 669 2313 mei
679 2282 810 2312 labores!
827 2281 846 2312 ὀ
860 2282 923 2322 spes
931 2282 1049 2312 fallaces
1063 2284 1068 2310 ¹.
1084 2281 1103 2312 ὁ
1113 2291 1166 2311 co-

210 2328 371 2368 gitationes
382 2328 485 2354 inanes
495 2327 588 2354 meae!
614 2327 677 2365 Ego
689 2343 697 2357 ‚
715 2333 786 2353 cum
798 2324 934 2353 tribunus
950 2323 1028 2362 pleb.
1041 2333 1100 2362 rep.
1111 2332 1167 2361 op-

210 2366 303 2408 pressa
313 2387 321 2401 ‚
335 2377 384 2397 me
396 2367 507 2397 senatui
516 2365 659 2396 dedissem
669 2385 677 2399 ,
693 2374 784 2406 quem
794 2364 979 2395 exstin&um
989 2373 1165 2403 acceperam:

213 2409 367 2449 equitibus
378 2410 529 2439 Romanis
537 2428 545 2441 ,
557 2417 688 2448 quorum
698 2408 775 2436 vires
785 2416 868 2437 eraut
877 2407 1006 2436 debiles:
1022 2406 1111 2435 bonis
1121 2406 1167 2434 vi-

213 2453 254 2480 ris
264 2471 272 2484 ‚
293 2461 345 2492 qui
359 2459 483 2480 omnem
499 2449 705 2479 auitoritatem
716 2448 871 2478 Clodianis
885 2449 976 2478 armis
990 2447 1166 2487 abjecerant:

212 2493 292 2522 mihi
316 2501 459 2533 uinquam
481 2491 634 2521 bonorum
652 2489 807 2532 praefidium
828 2488 1001 2520 defuturum
1021 2489 1168 2528 putarem?

218 2536 282 2574 Ego
293 2555 301 2568 ,
314 2534 386 2565 cum
397 2542 425 2564 te
436 2532 570 2572 (mecum
580 2535 664 2563 enim
674 2530 829 2573 saepiffime
839 2532 982 2573 loquitur)
992 2532 1092 2571 patriae
1101 2529 1167 2560 red-

230 2661 237 2667 .
247 2649 279 2679 ιι.
298 2643 374 2673 Caput
384 2642 474 2676 urbiam]
496 2641 652 2668 Bifiiicanus
667 2643 755 2674 ,orbis.
776 2641 862 2669 forsan
874 2645 935 2667 veri:
948 2650 955 2672 3
978 2641 1032 2667 imo
1045 2641 1118 2667 certo
1133 2660 1142 2673 ,
1155 2641 1172 2667 si

218 2674 312 2701 :ilisu'oi
323 2679 397 2702 orbem
406 2677 477 2704 dixit
487 2687 534 2713 pro
545 2680 596 2703 orbe
606 2684 736 2703 terrarum.
756 2677 789 2704 de
799 2688 852 2714 quo
863 2685 961 2714 quaerat
972 2676 1080 2703 otiofior
1090 2686 1142 2710 me.

254 2721 281 2737 2.
292 2714 349 2752 Cimi
359 2721 451 2738 rantum
461 2715 568 2747 austu-fit
576 2715 683 2747 ustor-pra
693 2722 791 2746 mortuo,
801 2716 867 2749 elya]
882 2714 946 2739 Haec
957 2713 1056 2749 placuit
1066 2711 1173 2750 scriptio

218 2756 266 2783 pro
278 2747 410 2782 publiciio
420 2751 491 2775 ultor.
515 2750 551 2775 cil
561 2757 649 2775 antem
662 2751 676 2776 ii
687 2749 888 2776 Coloniensibus
900 2749 1070 2776 membranis.

258 2791 283 2818 3.
307 2787 339 2808 Et
347 2787 388 2817 qui
397 2786 426 2809 ab
437 2795 457 2809 to
469 2787 667 2818 spi··.1›1tepntrm
675 2787 770 2820 potniffe
781 2787 871 2819 cit-findi
883 2805 890 2818 ‚
903 2786 969 2821 εἶχε]
992 2786 1057 2811 Haec
1066 2785 1102 2812 est
1112 2783 1174 2812 scri-

220 2825 297 2855 ptum
308 2820 434 2854 praeclar-‚c
445 2820 516 2846 illius
527 2821 614 2855 trigae,
629 2821 736 2848 Er-fiu-d.
747 2822 845 2848 Colon.
970 2839 973 2841 >

257 2863 284 2885 4.
305 2857 471 2895 (;'¹¹{²¹.¹'⁴¹³ls¹'4{¹f
481 2858 646 2891 mensim-is]
660 2858 753 2884 Manet
763 2857 925 2884 Gulielmius
935 2856 1160 2889 aliorumfafiilmt
1171 2867 1177 2882 .·

222 2890 397 2952 {nodie-‘cibat
409 2892 534 2918 Asconius
553 2893 711 2919 concitatam
723 2893 922 2920 multitudinem
943 2902 1002 2920 cum
1022 2892 1132 2920 fastibus
1142 2901 1175 2919 cx

249 2925 348 2951 ibim-:t
359 2927 536 2961 p21‘2=‚··11221·ibus
549 2929 628 2963 raptis
639 2938 684 2964 per
696 2929 786 2955 urbem
798 2937 975 2966 pervagitam.

223 2997 250 3023 U
263 2970 287 2994 5.
301 2963 387 3022 ἀιῖνιῲ
404 2965 429 2987 in
449 2966 646 2998 rep.Jm-14'J]imm
658 2984 665 2997 ,
684 2966 751 3000 ἀνα]
773 2966 911 3002 Supplevit
930 2965 1016 2992 locum
1029 2964 1129 2992 Colon.
1148 2973 1178 2991 ac

256 3006 300 3024 Vel*
321 3007 350 3023 el}
366 3008 396 3023 18.

260 3034 286 3073 ξ.
306 3034 438 3064 ssninrofhs
451 3053 458 3064 ,
478 3035 507 3064 &-
520 3035 641 3067 fiai-rim·
651 3037 707 3068 ipfhs
718 3040 787 3062 morti
795 3037 849 3071 aff]
872 3037 989 3072 Liquido
1001 3035 1068 3063 istud
1087 3036 1176 3068 habet,
1195 3043 1198 3053 ⁹

222 3069 391 3100 Baulicanus,
404 3069 483 3105 vulgo
494 3072 543 3102 [pst.
565 3071 724 3098 Gulielmius
737 3069 863 3108 practerea
872 3081 980 3109 cuperet
990 3075 1114 3098 alacriter.

256 3113 283 3138 7.
305 3107 404 3131 Via'cant
416 3124 423 3137 ‚
433 3114 470 3131 va
479 3108 534 3130 'eane
548 3124 554 3135 ‚
564 3109 641 3139 inquit
651 3111 694 3133 nni
708 3112 772 3135 circs
783 3128 791 3142 ‚
802 3110 930 3145 valeant.)
951 3111 992 3138 lta
1002 3108 1071 3136 haud
1081 3117 1176 3145 parum

221 3141 460 3185 παθκπκιόπβφν
474 3146 647 3175 Colonieiifis.

1173 111 1723 158 Crcenours

1170 188 1311 221 didiss'em
1322 209 1331 224 ‚
1351 190 1430 236 mibi
1445 189 1582 222 futurum
1601 193 1634 223 in
1653 195 1745 234 patria
1764 202 1829 224 non
1848 193 2134 233 putarem‘locumv?

1174 232 1238 263 Ubi
1256 242 1338 262 nunc
1356 235 1472 263 leuatus
1490 232 1533 263 est
1544 253 1554 268 ‚
1573 244 1665 275 quem
1687 236 1777 265 secuti
1795 235 1899 266 sumus
1916 239 1925 266 ?
1947 236 2000 266 ubi
2018 238 2134 278 equites

1177 277 1270 305 Rom.
1282 274 1327 303 illi
1340 293 1348 306 ,
1360 274 1426 307 illi,
1438 275 1537 314 inquit
1546 294 1556 309 ,
1567 278 1610 305 tui
1621 278 1632 305 ?
1643 277 1694 307 ubi
1706 276 1800 308 studia
1810 280 2049 318 municipiorum
2061 281 2070 307 ?
2081 278 2134 309 ubi

1178 317 1269 347 Italiae
1278 315 1436 346 voces?ubi
1445 315 1574 357 denique
1584 320 1858 360 tua‚M.Tulli,quae
1868 321 2007 360 plurimis
2015 319 2074 350 fuit
2083 330 2136 357 au·

1180 359 1257 388 xiiio
1271 378 1278 391 .
1301 366 1379 391 vox,
1399 357 1432 387 &
1442 356 1596 388 defensio?
1614 360 1736 390 mihine
1747 371 1779 391 ea
1789 362 1844 392 soli
1855 381 1863 394 ‚
1885 364 1936 403 qui
1946 372 2000 402 pro
2011 371 2038 392 te
2048 363 2136 392 toties

1183 402 1275 430 morti
1292 409 1342 429 me
1361 398 1476 432 obtuli,
1496 400 1574 430 nihil
1588 400 1684 441 potest
1699 404 1859 441 opitulari?
1902 407 1968 434 Nec
1978 402 2050 433 verb
2061 405 2133 437 haze,

1180 442 1296 482 judices
1307 461 1315 474 ,
1328 449 1359 487 ut
1368 450 1422 482 ego
1434 450 1516 471 nunc
1525 462 1534 475 ,
1547 440 1623 472 flens
1632 462 1641 476 ,
1651 443 1701 473 sed
1711 445 1769 474 hoc
1778 444 1887 475 codem
1898 446 2031 486 loquitur
2041 446 2136 480 vultu,

1186 493 1246 524 quo
1257 483 1377 513 videtis.
1399 491 1485 522 negat
1495 486 1578 513 enim
1589 504 1598 518 ,
1615 485 1644 515 se
1655 504 1664 518 ‚
1682 494 1770 526 negat
1779 486 1894 526 ingratis
1900 489 2016 518 civibus
2025 486 2136 521 fecisse,

1185 535 1252 566 quae
1260 524 1332 555 fecit
1345 534 1350 553 :
1370 525 1486 555 timidis
1498 544 1506 558 ‚
1521 525 1554 555 &
1563 528 1668 556 omnia
1675 528 1983 567 circumspicientibus
1993 530 2134 569 pericula.

1185 576 1250 597 non
1268 574 1362 607 negat.
1386 565 1506 607 plebem
1518 586 1527 600 ,
1549 566 1582 596 &
1600 566 1738 597 infimam
1758 569 1988 601 multitudinem
1998 591 2006 605 ‚
2029 581 2094 612 quae
2106 574 2138 602 P.

1187 609 1296 639 Clodio
1306 611 1380 638 duce
1389 628 1398 641 ‚
1416 606 1546 638 fortunis
1557 608 1660 639 vestris
1672 610 1871 644 imminebat,
1891 607 1905 631 8
1913 622 1979 642 earn
1990 633 1998 647 ‚
2018 623 2079 654 quo
2090 622 2139 643 tu-

1187 653 1245 681 tior
1258 649 1329 680 efl'et
1341 652 1403 680 vita
1415 649 1514 680 nostra
1527 650 1609 680 suam
1624 650 1651 681 se
1665 649 1765 680 fecisse
1778 661 2016 688 commemoi·at·,
2033 664 2140 685 utnon

1189 692 1284 723 modo
1294 694 1400 722 virtute
1410 690 1552 725 flefiiexeo
1562 691 1611 722 sed
1622 694 1711 722 etiam
1720 692 1814 723 tribus
1821 694 2078 734 suispatrimoniis
2087 697 2141 726 de-

1190 736 1309 764 liniret:
1328 743 1385 763 nec
1395 735 1482 764 timet
1493 754 1502 766 ‚
1522 743 1559 764 ne
1570 754 1580 768 ,
1600 733 1673 764 cum
1684 734 1803 774 plebem
1819 737 1996 766 muneribus
2006 738 2138 777 placarit,

1189 786 1243 806 vos
1254 786 1318 806 non
1326 776 1494 806 conciliarit
1505 778 1621 806 meritis
1630 778 1663 806 in
1674 777 1812 816 rempub.
1823 775 2028 819 singularibus.
2050 782 2142 808 Sena-

1188 827 1234 848 tus
1251 828 1318 859 erga
1335 818 1363 847 se
1384 817 1623 848 benivolentiam
1641 818 1831 858 temporibus
1848 820 1894 849 his
1913 817 1980 860 ipsis
1996 820 2068 859 saepe
2085 819 2142 850 ess'e

1187 859 1369 900 perspe&am
1381 869 1386 887 2
1397 858 1506 889 vestras
1518 859 1590 889 vero
1602 880 1611 893 ,
1624 860 1657 890 ὃς
1669 859 1838 890 vestrorum
1852 861 1996 891 ordinum
2009 863 2145 892 occursa-

1191 903 1288 932 tiones
1300 922 1309 934 ,
1325 900 1418 931 studia
1427 921 1436 935 ‚
1452 901 1605 931 sermones
1616 921 1624 935 ‚
1639 911 1862 944 quemcumque
1873 907 1887 930 9
1896 903 2014 933 cursum
2023 903 2144 934 fortuna

1188 943 1321 976 dederit,
1342 943 1441 973 secum
1460 943 1490 973 se
1507 943 1674 973 ablaturum
1690 942 1751 973 este
1771 944 1853 974 dicit.
1877 947 2024 975 Meminit
2039 947 2141 979 etiarn,

1190 984 1243 1015 sibi
1255 995 1361 1015 vocem
1370 986 1516 1024 praeconis
1526 984 1621 1016 modo
1631 983 1756 1015 defuisse
1766 1006 1775 1020 ‚
1789 996 1879 1027 quam
1891 988 2021 1016 minime
2031 985 2145 1017 deside-

1191 1029 1260 1056 rai-it
1274 1037 1279 1055 τ
1298 1028 1403 1066 populi
1411 1025 1484 1056 vcro
1493 1026 1610 1057 cunstis
1621 1026 1764 1069 suffragiis
1775 1048 1782 1061 ,
1802 1028 1883 1069 quod
1898 1039 1993 1058 unum
2006 1031 2144 1068 cupierit.

1191 1068 1221 1098 se
1229 1069 1386 1111 consulem
1398 1068 1589 1100 declaratum.
1603 1078 1685 1099 nunc
1694 1070 1824 1110 denique
1834 1089 1841 1102 ‚
1853 1068 1874 1099 fi
1884 1071 1946 1100 haec
1954 1080 2033 1100 arma
2042 1080 2146 1101 contra

1192 1110 1220 1139 se
1233 1108 1288 1139 sint
1297 1113 1395 1138 iuturii
1403 1128 1412 1142 ,
1425 1107 1478 1138 sibi
1487 1108 1630 1140 facinoris
1639 1111 1839 1150 suspicionem
1851 1131 1859 1144 ,
1872 1122 1936 1142 non
1945 1111 2017 1141 faeti
2028 1114 2145 1142 crimen

1193 1150 1317 1181 obstare.
1342 1146 1434 1180 Addit
1451 1150 1513 1180 haec
1523 1170 1532 1184 ,
1549 1161 1615 1191 quae
1634 1154 1712 1182 certe
1733 1162 1800 1182 vera
1819 1153 1887 1183 sunt
1897 1173 1906 1186 ‚
1924 1163 2063 1184 Fon-risis
2076 1174 2085 1187 ,
2104 1163 2144 1184 Er

1192 1201 1389 1221 SAPIENTER
1404 1201 1501 1221 vmos
1519 1202 1583 1222 non
1591 1201 1653 1222 tam
1661 1195 1785 1232 praemia
1800 1194 1883 1234 sequi
1897 1195 1990 1225 solere
2005 1195 2084 1225 reete
2101 1194 2148 1225 fa-

1195 1234 1313 1263 &orum
1323 1253 1331 1267 ‚
1343 1233 1434 1274 quam
1442 1233 1504 1273 ipsa
1512 1233 1591 1264 i·e6l:e
1601 1233 1693 1264 faE'ta:
1704 1235 1733 1265 se
1742 1236 1821 1264 nihil
1830 1238 1863 1265 in
1874 1238 1934 1266 vita
1943 1256 1951 1270 ‚
1963 1236 2017 1266 nisi
2025 1237 2144 1276 praecla-

1194 1274 1307 1306 riss'ime
1317 1273 1436 1309 feciss'e3
1454 1273 1474 1304 fi
1484 1276 1607 1315 quidem
1617 1277 1695 1306 nihil
1704 1274 1737 1306 fit
1746 1276 1939 1317 praestabilius
1948 1280 2016 1308 viro
2025 1298 2033 1311 ‚
2053 1278 2146 1318 quam

1193 1318 1334 1358 periculis
1343 1318 1465 1357 patriam
1476 1317 1612 1348 liberare:
1629 1317 1729 1348 beatos
1739 1316 1809 1352 effe,
1819 1319 1928 1359 quibus
1937 1330 1971 1350 ea
1979 1329 2025 1350 res
2038 1320 2149 1350 honori

1196 1358 1288 1390 fuerit
1297 1360 1312 1389 a
1323 1360 1383 1389 suis
1392 1359 1507 1389 civibus
1520 1369 1525 1388 :
1540 1369 1595 1390 nec
1605 1368 1705 1390 tamen
1715 1370 1766 1390 eos
1776 1361 1901 1391 miseros
1911 1381 1918 1395 ‚
1934 1363 1985 1402 qui
1997 1360 2149 1392 beneficio

1191 1403 1285 1432 civeis
1296 1401 1363 1431 suos
1373 1401 1516 1431 vicerint:
1537 1402 1585 1432 sed
1596 1411 1696 1432 tamen
1708 1412 1746 1432 ex
1755 1403 1900 1432 omnibus
1909 1405 2041 1443 praemiis
2052 1405 2149 1433 virtu-

1193 1445 1230 1474 tis
1243 1463 1251 1477 ‚
1274 1441 1294 1472 si
1309 1441 1379 1473 ess'et
1391 1442 1526 1473 habenda
1539 1446 1614 1473 ratio
1627 1446 1822 1483 praemiorurn
1834 1464 1842 1478 ‚
1863 1444 2083 1485 amplissimum
2094 1443 2152 1476 effe

1198 1486 1358 1525 praemium
1368 1504 1376 1518 ,
1384 1484 1524 1525 gloriam:
1544 1484 1601 1515 ess'e
1611 1487 1687 1515 hanc
1696 1496 1788 1516 unam
1799 1506 1807 1519 ,
1819 1496 1885 1526 quae
1894 1487 2070 1517 brevitatem
2079 1489 2149 1517 vitae

1196 1526 1374 1567 posteritatis
1385 1529 1534 1558 memoria
1542 1527 1745 1558 consolaretur
1756 1539 1761 1557 :
1772 1538 1838 1568 quae
1845 1527 1974 1559 efficeret
1983 1549 1992 1562 ‚
2006 1538 2038 1559 ut
2047 1529 2153 1559 absen-

1199 1578 1241 1600 tes
1249 1567 1413 1599 adessemus
1423 1588 1431 1601 ,
1445 1570 1559 1599 mortui
1568 1570 1741 1599 viveremus
1753 1580 1759 1598 :
1777 1571 1854 1600 hanc
1862 1570 1991 1611 denique
2002 1569 2058 1601 effe
2071 1590 2080 1603 ,
2098 1580 2151 1600 cu·-

1200 1611 1205 1647 j
1210 1619 1244 1640 us
1255 1610 1393 1651 gradibus
1403 1618 1492 1640 etiam
1502 1611 1644 1640 homines
1653 1612 1688 1640 in
1701 1611 1811 1641 caelum
1824 1611 1981 1642 videantur
1993 1611 2152 1642 adscende-

1197 1662 1237 1682 re.
1262 1655 1309 1682 De
1323 1661 1372 1681 me
1384 1672 1393 1686 ‚
1413 1653 1511 1692 inquit
1521 1671 1529 1686 ‚
1550 1653 1665 1691 semper
1673 1653 1804 1692 populus
1813 1655 1908 1683 Rom.
1918 1653 2152 1693 semperomnes

1198 1703 1300 1736 gentes
1309 1693 1480 1735 loquentur,
1491 1693 1573 1724 nulla
1583 1704 1726 1734 umquam
1736 1694 1924 1725 obmutescet
1932 1693 2063 1731 vetustas.
2076 1696 2154 1735 quin

1201 1739 1259 1766 hoc
1268 1745 1403 1775 tempore
1411 1735 1560 1775 ipso‚cum
1573 1745 1681 1765 omnes
1693 1738 1723 1755 ¹0
1731 1736 1747 1766 a
1759 1738 1835 1765 meis
1845 1738 1979 1766 inimicis
1987 1736 2066 1766 faces
2075 1745 2152 1766 mete

1201 1776 1323 1808 invidiae
1336 1777 1529 1816 subjiciantur
1537 1797 1546 1811 ,
1558 1785 1660 1807 tamen
1668 1779 1755 1807 omni
1765 1780 1798 1807 in
1807 1778 1970 1807 hominum
1980 1787 2059 1808 coetu
2070 1797 2078 1811 ‚
2088 1787 2156 1818 gra-

1203 1821 1252 1850 tiis
1265 1818 1385 1859 agendis
1395 1838 1404 1852 ‚
1421 1818 1453 1849 &
1463 1819 1710 1860 gratulationibus
1722 1819 1864 1850 habendis
1874 1839 1882 1853 ‚
1901 1820 1933 1849 ὃς
1942 1822 2030 1849 omni
2041 1819 2156 1849 sermo-

1204 1871 1240 1891 ne
1250 1861 1444 1890 celebramur.
1468 1863 1587 1891 Omitto
1597 1863 1719 1891 Etruriae
1732 1860 1822 1891 festos
1834 1880 1843 1895 ,
1864 1860 1985 1891 &astos
1996 1881 2004 1895 ‚
2025 1861 2058 1891 &
2067 1860 2157 1891 insti-

1204 1912 1283 1933 tutos
1293 1902 1364 1932 dies.
1376 1900 1535 1933 centesima
1544 1903 1598 1932 lux
1607 1902 1649 1933 est
1658 1904 1720 1932 haec
1729 1902 1764 1932 ab
1774 1905 1898 1933 interitu
1907 1903 2041 1934 P.Clodii
2050 1923 2058 1936 ‚
2071 1906 2096 1922 ¹¹
2108 1902 2153 1937 ὃς,

1205 1955 1237 1975 ut
1248 1947 1376 1985 opinor,
1396 1944 1499 1974 altera:
1521 1945 1578 1985 qua
1589 1943 1793 1984 finesimperii
1803 1945 1909 1984 populi
1918 1947 2011 1975 Rom.
2022 1945 2109 1978 sunt,
2126 1953 2159 1976 ea

1207 1997 1271 2017 non
1286 1985 1386 2017 solum
1399 1985 1477 2017 fama
1488 1987 1552 2025 jam
1566 1986 1602 2017 de
1616 1986 1672 2016 illo
1682 2005 1695 2021 ,‹
1712 1986 1762 2017 sed
1776 1995 1866 2017 etiarn
1877 1986 1977 2016 latitia
1984 1988 2158 2028 peragravit.

1207 2029 1414 2071 Qamobrem
1425 2048 1434 2062 ,
1455 2028 1507 2058 ubi
1526 2038 1633 2068 corpus
1652 2030 1710 2058 hoc
1729 2026 1764 2058 sit
1775 2049 1783 2061 ,
1803 2039 1866 2058 non
1877 2049 1887 2062 ‚
1907 2031 2006 2069 inquit
2014 2048 2023 2062 ‚
2043 2028 2158 2061 laboro.

1207 2072 1353 2112 quoniam
1364 2070 1510 2101 omnibus
1519 2072 1552 2100 in
1561 2078 1646 2100 terris
1657 2071 1760 2110 &jam
1769 2071 1898 2101 versatur
1908 2091 1917 2105 ,
1937 2072 1970 2101 δε
1979 2071 2093 2110 semper
2106 2071 2159 2099 ha*

1211 2113 1315 2143 bitabit
1325 2114 1462 2143 nominis
1473 2114 1534 2143 mei
1543 2113 1648 2154 gloria.
1693 2115 1765 2142 Haec
1775 2121 1806 2142 tu
1817 2123 1940 2143 mecum
1950 2113 2024 2152 saepe
2033 2132 2042 2145 ‚
2053 2114 2098 2142 his
2105 2111 2157 2141 ab·

1209 2155 1340 2185 sentibus
1353 2165 1359 2184 ε
1378 2154 1428 2185 sed
1442 2154 1550 2184 iisdem
1563 2154 1754 2184 audientibus
1764 2174 1773 2188 ‚
1792 2155 1854 2185 haec
1862 2164 1918 2195 ego
1930 2163 2029 2184 tecum
2041 2172 2050 2186 ‚
2068 2153 2158 2182 Milo.

1211 2200 1257 2226 Te
1267 2196 1390 2237 quidem
1402 2216 1411 2229 ,
1422 2195 1504 2237 quod
1515 2195 1572 2226 isto
1582 2198 1686 2226 animo
1697 2206 1727 2226 es
1736 2216 1745 2230 ,
1757 2196 1823 2226 satis
1832 2196 1946 2226 laudare
1957 2205 2020 2225 non
2030 2193 2159 2234 poss'um:

1210 2238 1258 2268 sed
1270 2258 1278 2272 ‚
1294 2248 1356 2279 quo
1364 2237 1408 2268 est
1416 2238 1470 2268 ista
1479 2241 1574 2279 magis
1583 2237 1687 2268 divina
1695 2239 1789 2268 virtus
1799 2257 1807 2270 ‚
1823 2246 1859 2267 eo
1869 2238 1982 2276 majore
1993 2236 2008 2266 a
2017 2245 2045 2266 te
2055 2236 2160 2266 dolore

1210 2280 1349 2310 divellor.
1371 2290 1427 2309 nec
1435 2279 1526 2313 vero,
1545 2278 1654 2308 simihi
1664 2280 1802 2318 eriperis,
1827 2279 1977 2318 ¹2reliqua
1994 2277 2163 2308 estillasal-

1212 2331 1274 2351 tem
1283 2321 1320 2351 ad
1328 2321 1489 2351 consoland
1495 2330 1547 2350 um
1556 2321 1674 2360 querela
1683 2339 1691 2353 ‚
1703 2329 1735 2349 ut
1744 2320 1790 2348 his
1798 2320 1879 2349 irasci
1886 2318 1999 2359 possim
2009 2339 2017 2353 ,
2028 2319 2044 2349 a
2054 2320 2164 2360 quibus

1213 2371 1329 2392 tantum
1339 2362 1452 2392 vulnus
1461 2371 1610 2400 accepero.
1633 2371 1698 2391 non
1716 2363 1800 2390 enim
1819 2363 1939 2391 inimici
1957 2364 2020 2391 mei
2038 2370 2064 2391 te
2084 2362 2164 2391 mihi

1213 2406 1350 2443 eripient,
1359 2402 1408 2432 sed
1417 2401 1590 2432 amicissimi
1600 2413 1605 2431 z
1615 2413 1679 2432 non
1688 2402 1766 2432 male
1776 2403 1936 2444 aliquando
1946 2403 1982 2433 de
1991 2413 2041 2434 me
2053 2405 2165 2438 meriti,

1213 2445 1261 2474 sed
1272 2445 1385 2484 semper
1394 2444 1520 2484 optime.
1544 2445 1676 2474 Nullum
1687 2454 1832 2484 umquam
1846 2465 1853 2479 ,
1866 2445 1998 2483 judices,
2011 2447 2090 2478 mihi
2099 2454 2166 2475 tan·

1213 2495 1278 2516 tum
1292 2485 1432 2516 dolorem
1443 2487 1569 2516 inuretis
1587 2485 1650 2525 (etsi
1659 2487 1725 2527 quis
1735 2486 1831 2526 potest
1841 2485 1898 2516 effe
1908 2496 2005 2517 tantus
2016 2488 2046 2528 ?)
2064 2487 2114 2518 sed
2126 2497 2165 2518 ne

1217 2528 1298 2559 hunc
1307 2527 1430 2569 quidem
1441 2528 1538 2568 ipsum
1548 2547 1558 2563 ,
1570 2537 1603 2558 ut
1610 2528 1765 2559 obliviscar
1772 2547 1781 2562 ‚
1792 2531 1896 2570 quanti
1903 2539 1955 2559 me
1964 2529 2079 2570 semper
2086 2528 2167 2559 fece-

2090 2572 2169 2601 ritis.

1253 2639 1279 2665 8.
1299 2642 1363 2664 Eam
1373 2649 1416 2673 quo
1425 2643 1498 2665 tutior
1506 2640 1558 2672 eſjbt
1566 2642 1623 2665 vim
1632 2641 1710 2672 nqsi'ra
1720 2658 1728 2671 ,
1741 2640 1950 2673 fi‘amfi's‘slff‘]
1971 2638 2128 2665 Rectiffimit
2138 2638 2168 2664 δί·

1215 2676 1265 2702 hoc
1284 2676 1460 2702 Colonieniis.
1481 2675 1515 2702 fic
1532 2676 1674 2703 Terentius
1687 2686 1693 2702 :
1715 2677 1846 2701 ‘Paullatim
1858 2677 1947 2708 plebem
1960 2676 2090 2708 primulum
2101 2675 2168 2708 facia

1215 2721 1299 2738 meam.
1319 2711 1410 2738 DiStio
1420 2712 1493 2744 stram
1502 2719 1578 2738 antea
1586 2711 1677 2738 aberat
1687 2711 1760 2737 libris
1771 2711 1860 2737 editis.

1250 2756 1279 2783 9.
1299 2748 1398 2781 Curficm
1412 2749 1514 2781 fhrtuna
1523 2748 1635 2782 anderrn]
1657 2748 1812 2783 Propugnat
1822 2748 1886 2773 hanc
1895 2746 2061 2782 scriptionem
2072 2744 2168 2771 Viisto-

1216 2783 1269 2811 rius
1282 2783 1350 2810 libro
1360 2793 1438 2810 xxxi.
1449 2793 1504 2820 cap.
1516 2792 1563 2809 22.
1577 2784 1684 2819 vulgata
1693 2785 1781 2818 cnjkm.
1792 2783 1878 2810 Colon
1886 2784 1996 2816 „sor-turia
2004 2784 2103 2814 caperit.

1256 2834 1299 2852 10.
1317 2827 1417 2853 eAmeie
1425 2825 1597 2857 inimicisfaces
1607 2834 1658 2850 meae
1667 2825 1785 2858 invidae]
1811 2825 1851 2850 Ita
1861 2823 1956 2849 maluit
1969 2822 2080 2856 jubente
2099 2821 2168 2848 libro

1216 2861 1316 2888 Colon.
1327 2861 1488 2887 Gulielmius
1500 2879 1509 2892 ,
1519 2869 1597 2895 quam
1610 2859 1708 2886 hiidem
1719 2859 1841 2886 omuibus
1852 2859 1945 2885 invitis
1956 2857 2116 2885 Lambinum
2129 2860 2169 2884 se·-

1196 2913 1197 2916 =
1216 2898 1274 2933 qui,
1285 2896 1470 2924 rescribentem
1480 2896 1536 2922 tuh.
1549 2895 1654 2931 vulgata
1661 2897 1722 2929 fitis.

1257 2947 1298 2964 11.
1317 2940 1350 2963 Et
1358 2944 1385 2963 ut
1393 2940 1471 2971 opinor
1481 2938 1559 2962 altera
1570 2944 1577 2958 :
1585 2938 1701 2970 quafinrr
1711 2938 1766 2968 Imp.
1777 2942 1829 2968 pop.
1840 2935 1968 2968 Rom.fimt
1980 2953 1988 2966 ‚
1998 2943 2025 2959 ea
2036 2944 2090 2966 nrm,
2100 2934 2174 2968 (gv-e]

1217 2973 1260 3000 sic
1271 2974 1345 3000 Hitt.
1355 2974 1382 2999 &
1398 2975 1421 2999 U
1430 2971 1502 2998 verd.
1513 2980 1560 2998 uec
1571 2970 1744 2997 dubitandum
1757 2970 1789 2996 de
1803 2970 1959 3005 integritate
1972 2989 1980 3000 ,
1998 2979 2046 3003 qua
2057 2989 2065 3001 ,
2085 2970 2110 2996 id
2121 2970 2174 3001 cil-,¹

1217 3012 1298 3046 quiim
1310 3010 1399 3044 longe.
1420 3008 1549 3034 Horatius
1562 3017 1567 3033 ;
1579 3023 1637 3028 ----
1646 3009 1657 3032 ὁ
1667 3006 1714 3041 qut}
1725 3008 1762 3031 Sol
1769 3007 1892 3032 habitastis
1902 3007 2006 3038 Illustrat
2015 3015 2080 3036 oras,
2091 3009 2171 3032 maxi-

1196 3063 1197 3070 .
1216 3054 1250 3070 me
1258 3048 1406 3077 Principum.
1421 3052 1506 3079 neque
1516 3043 1594 3070 aliter
1604 3043 1673 3070 Pali.
1683 3043 1818 3074 meliores,
1829 3042 1876 3069 nisi
1886 3042 1956 3078 quod
1967 3042 1985 3068 ii
1995 3041 2174 3069 destituantur

1217 3081 1265 3107 illo
1279 3090 1316 3106 ea.

1258 3125 1301 3142 η.
1317 3117 1416 3149 Reliqua
1428 3115 1628 3151 eflillasaltem.]
1651 3114 1775 3152 Appofite
1788 3114 1870 3151 magis
1885 3114 1919 3143 sic
1930 3113 2028 3144 Colon.
2039 3113 2120 3150 quiam
2131 3120 2171 3138 ra-

1215 3161 1278 3186 men,
1289 3151 1360 3188 quod
1368 3152 1397 3182 iu
1408 3151 1526 3188 vulgato.

2113 3183 2173 3217 1.S›{

2158 413 2200 446 35
