2316 3395
184 678 202 700 0

161 678 175 710 kt)

221 150 309 182 120
630 132 1173 182 M.TULt.11<

215 225 273 248 tres
285 217 381 252 modi,
391 217 428 248 de
438 216 613 258 expetendis
626 238 633 251 ‚
649 215 836 257 fugiendisve
850 213 937 243 rebus
949 233 956 245 ‚
969 220 1002 242 ut
1013 232 1021 245 ‚
1033 219 1177 251 expeten-

216 260 289 290 dine
305 261 436 290 honores
454 259 528 292 sint,
548 270 624 289 num
635 257 775 299 fugienda
784 264 953 296 paupertas:
972 254 1009 284 de
1028 263 1114 294 aequo
1123 261 1174 282 aut

219 303 327 342 iniquo
338 322 346 335 ,
368 312 509 343 aquumne
527 300 561 331 sit
571 301 671 330 ulcisc.
683 299 804 332 iniurias
814 299 902 327 etiam
914 304 1155 336 propinquorum
1167 304 1173 323 z

220 343 257 374 de
268 343 394 374 honesto
405 364 412 376 ‚
424 352 473 373 aut
483 345 559 382 turpi
570 363 577 375 ,
592 351 624 371 ut
636 343 691 370 hoc
701 340 789 381 ‚fitne
800 337 973 371 honestum,
984 338 1086 379 gloriae
1094 336 1178 366 causa

222 395 355 415 mortem
366 386 458 415 obire.
470 385 710 423 Comparationis
719 391 818 412 autem
829 380 890 410 duo
901 380 968 410 sunt
978 378 1075 412 modi,
1085 387 1174 411 unus,

221 426 294 457 cum
307 448 315 459 ‚
328 427 449 456 idemne
459 425 493 455 sit
502 446 510 457 ‚
531 435 567 454 an
578 424 691 464 aliquid
703 421 815 453 intersit
825 443 833 455 ,
846 423 1002 463 quaeritur:
1020 429 1053 450 ut
1063 429 1179 450 metue-

221 478 272 502 re,
293 469 445 498 &vererit
465 477 497 496 ut
507 477 577 499 rex,
600 467 802 505 &tyr-annus:
822 462 1036 496 utass'entator,
1060 462 1179 492 &ami-

221 519 275 539 cus
289 521 294 538 :
311 510 392 541 alter,
405 508 488 540 cum,
499 507 572 548 quid
583 507 699 548 praestet
707 506 787 539 aliud
798 506 867 538 alii,
879 506 1021 546 quaeritur
1031 515 1037 533 :
1047 513 1080 533 ut
1090 502 1178 536 illud,

224 554 402 580 OPTIMINE
417 550 560 590 cujusque
572 550 714 590 sapientes
726 569 734 582 ‚
754 558 792 578 an
810 546 947 588 populari
964 546 1052 576 laude
1067 545 1178 575 ducan-

224 602 281 622 tur.
311 597 406 632 Atque
427 602 467 621 eae
485 591 608 632 quidem
628 591 875 631 disceptationes,
893 599 958 630 quae
976 588 1011 618 ad
1032 588 1182 628 cognitio-

226 644 297 664 nem
316 634 500 666 referuntur,
523 631 562 662 sic
583 629 859 663 fereado&iffimis
877 630 1054 660 hominibus
1073 628 1183 658 descri-

226 676 346 706 buntur.
370 678 445 715 Qiae
461 674 534 705 vero
553 674 720 705 referuntur
737 673 773 704 ad
782 672 932 715 agendum
947 692 956 706 ,
975 681 1024 701 aut
1042 673 1076 700 111
1087 668 1182 699 officii

224 717 436 757 discepmtione
447 717 598 747 versantur
608 737 617 750 ,
634 725 696 757 quo
705 718 738 745 in
747 725 853 756 genere
864 734 873 749 ‚
892 713 967 754 quid
977 712 1093 742 redium
1107 731 1116 745 ‚
1136 710 1182 740 fa-

224 759 429 800 ciendumque
447 757 500 792 sit,
518 760 660 800 quaeritur
679 769 685 787 :
703 760 752 788 cui
772 757 840 786 loco
850 757 952 786 omnis
961 757 1126 787 virtutum,
1149 752 1182 782 &

226 803 373 830 vitiorum
393 800 435 831 est
448 799 518 830 silva
536 799 667 840 subjeEta
689 810 694 828 ;
714 801 807 828 autin
818 799 992 839 animorum
1002 796 1099 835 aliqua
1116 803 1183 834 per-

227 845 368 872 motione
377 852 427 873 ant
435 842 584 884 gignenda
596 862 603 874 ,
620 851 666 870 aut
677 840 801 870 sedanda
811 860 819 872 ,
831 838 1001 869 tollendave
1011 835 1181 867 tiaRantur.

225 885 299 914 huic
316 886 417 926 generi
435 883 574 924 subje&ae
591 883 659 913 sunt
677 883 897 912 cohortationes
914 900 923 914 ,
947 880 1182 920 objurgationes,

227 926 450 960 consolationes
463 945 471 959 ,
492 926 698 955 miserationes
710 944 718 957 ,
739 923 897 963 omnisque
908 921 944 952 ad
953 931 1080 951 omnem
1093 919 1186 948 animi

229 976 340 997 morum
349 966 531 1007 &impulsio
544 986 552 1001 ‚
572 967 604 996 &
616 986 623 999 ‚
645 964 665 995 si
676 968 716 995 ita
725 975 770 994 res
779 964 854 995 feret
865 984 872 998 ‚
895 964 1054 1006 mitigatio.
1079 961 1187 1001 Expli-

230 1011 302 1040 catis
323 1012 415 1050 igitui·
429 1010 476 1038 his
494 1008 651 1049 generibus
674 1027 683 1041 ,
713 1017 745 1037 ac
764 1006 864 1037 modis
883 1005 1133 1046 disceptationum
1152 1012 1186 1032 o-

233 1054 357 1082 mnium
368 1071 377 1084 ,
397 1051 476 1081 nihil
489 1050 554 1081 iane
564 1049 599 1079 ad
608 1060 671 1079 rem
683 1051 810 1089 pertinet
819 1069 828 1082 ‚
840 1046 920 1089 siqua
928 1049 962 1078 in
971 1057 1000 1077 re
1011 1046 1188 1085 discrepavit

231 1093 270 1124 ab
289 1095 418 1123 Antonii
438 1091 584 1122 divisione
610 1090 708 1122 nostra
726 1092 855 1131 pai-titio.
893 1089 997 1120 eadem
1015 1090 1101 1118 enim
1118 1087 1188 1117 sunt

234 1136 373 1165 membra
381 1137 414 1164 in
423 1135 553 1175 utrisque
564 1133 826 1174 disputationibus,
839 1132 885 1163 sed
895 1132 995 1172 paullo
1007 1131 1088 1160 secus
1097 1129 1114 1159 a
1124 1138 1185 1161 me,

233 1186 321 1218 atque
330 1177 430 1207 abillo
441 1197 450 1210 ,
472 1180 481 1195 ¹
493 1178 608 1216 partita,
618 1185 650 1205 ac
661 1174 826 1205 distributa.
850 1177 943 1204 Nunc
952 1172 988 1203 ad
998 1173 1111 1212 reliqua
1117 1180 1187 1210 pro-

233 1218 366 1260 gi‘ediar,
387 1228 496 1258 meque
514 1217 550 1247 ad
561 1227 666 1247 meum
677 1218 791 1247 muniis
802 1238 810 1250 ,
830 1216 1016 1256 pensumque
1031 1213 1185 1243 revocabo.

236 1262 319 1290 Nam
329 1269 368 1289 ex
384 1261 446 1290 illis
457 1261 532 1290 locis
543 1280 552 1293 ,
573 1269 650 1299 quos
661 1259 800 1299 exposuit
810 1260 963 1288 Antonius
977 1277 985 1289 ,
1006 1257 1110 1286 omnia
1122 1254 1190 1284 sunt

234 1301 272 1332 ad
290 1312 415 1343 quaeque
434 1312 540 1343 genera
555 1300 757 1342 quaestionum
773 1309 947 1341 argumenta
964 1297 1127 1329 sumenda:
1140 1295 1189 1325 sed

234 1344 304 1374 aliis
321 1344 479 1384 generibus
488 1344 540 1374 alii
558 1345 619 1373 loci
630 1345 724 1384 magis
735 1352 822 1372 erunt
831 1344 890 1382 apti
910 1352 916 1371 :
937 1340 972 1371 de
982 1349 1042 1381 quo
1053 1348 1116 1369 non
1127 1347 1190 1368 tam

236 1388 308 1426 quia
316 1386 443 1427 longum
454 1385 497 1416 est
508 1406 516 1418 ,
527 1385 618 1426 quam
628 1387 698 1426 quia
706 1384 893 1424 perspicuum
907 1405 915 1417 ,
926 1383 986 1413 dici
996 1382 1074 1411 nihil
1084 1379 1127 1410 est
1136 1389 1190 1409 ne-

235 1425 322 1458 cesse.
346 1427 529 1467 Ornariffimx
548 1428 615 1457 sunt
632 1429 722 1468 igitur
731 1428 882 1457 orationes
899 1435 958 1458 eae,
978 1434 1042 1469 quae
1053 1420 1190 1453 latissime

237 1478 383 1511 vagantur
392 1489 401 1504 ,
421 1470 454 1500 &
463 1470 479 1499 a
488 1472 600 1510 privata
608 1489 617 1502 ‚
637 1479 670 1499 ac
680 1467 817 1509 fingulari
826 1469 1024 1498 controveriia
1040 1466 1068 1495 se
1079 1464 1115 1494 ad
1123 1465 1192 1494 uni-

237 1509 315 1541 versi
332 1514 448 1552 generis
459 1521 524 1541 Vim
540 1510 748 1551 explicandam
758 1509 920 1540 conferunt
929 1529 938 1543 ,
959 1508 991 1538 86
1001 1514 1208 1548 6011υ61111111,,

239 1562 275 1583 ut
284 1555 306 1583 ii
318 1573 327 1586 ,
347 1556 361 1572 ²
371 1555 424 1594 qui
434 1553 554 1583 audiant
564 1574 572 1586 ‚
593 1562 693 1582 natura
704 1572 713 1586 ‚
733 1552 766 1581 &
775 1561 881 1592 genere
891 1571 900 1585 ,
912 1551 947 1581 &
956 1549 1094 1580 universa
1102 1558 1131 1577 re
1142 1557 1194 1577 co-

239 1597 322 1637 gnita
333 1614 342 1627 ‚
363 1595 399 1625 de
409 1594 531 1637 singulis
548 1596 605 1624 reis
616 1614 625 1628 ,
647 1593 867 1625 &criminibus
877 1613 885 1627 ‚
906 1593 939 1622 86
957 1591 1060 1622 litibus
1070 1590 1195 1620 statuere

241 1635 362 1678 poffint.
387 1639 474 1667 Hanc
483 1636 519 1666 ad
529 1635 781 1666 consuetudinem
800 1635 1020 1665 exercitationis
1029 1641 1083 1662 vos
1092 1631 1195 1662 adole-

241 1679 369 1710 scenteis
378 1699 387 1712 ‚
400 1678 442 1709 est
450 1679 619 1708 cohortatus
629 1679 781 1707 Antonius
794 1697 803 1711 ‚
821 1686 905 1717 atque
916 1675 932 1706 a
942 1676 1068 1705 minutis
1080 1694 1088 1707 ‚
1102 1683 1193 1715 angu-

242 1720 355 1761 stisque
373 1719 646 1751 concertationibus
663 1718 699 1749 ad
716 1729 844 1748 ornnem
862 1720 927 1747 vim
939 1738 947 1751 ,
968 1718 1198 1755 varietatemque

243 1773 300 1793 vos
308 1761 468 1792 differendi
477 1761 672 1792 traducendos
682 1762 807 1800 putavit.
818 1763 913 1800 Qare
922 1769 986 1789 non
997 1757 1040 1788 est
1043 1766 1199 1799 paucorum

245 1803 400 1834 iibeuorum
409 1805 468 1834 hoc
479 1813 592 1833 munus
602 1824 611 1836 ,
632 1812 665 1832 ut
673 1804 694 1832 ii
704 1822 713 1835 ,
733 1804 786 1843 qui
795 1802 969 1841 scripsemnt
978 1800 1015 1830 de
1024 1798 1145 1830 dicendi
1155 1808 1200 1827 ra-

246 1848 334 1876 tione
343 1866 352 1880 ‚
361 1846 491 1876 arbitrati
499 1845 567 1875 sunt
575 1865 585 1879 ,
597 1854 694 1886 neque
702 1844 866 1874 Tusculani
878 1863 887 1876 ‚
897 1852 983 1883 arque
994 1843 1082 1880 hujus
1092 1840 1199 1870 ambu-

247 1889 370 1918 lationis
379 1886 620 1918 antemeridianae
631 1906 639 1920 ‚
657 1895 707 1916 aut
716 1885 823 1915 nostrae
833 1884 1045 1925 pomeridianae
1057 1880 1198 1912 seffionis.

249 1932 326 1960 Non
343 1931 429 1959 enirn
440 1928 540 1959 solum
553 1928 685 1958 acuenda
699 1928 787 1957 nobis
797 1947 806 1960 ,
825 1937 923 1967 neque
932 1923 1123 1966 procudenda
1140 1924 1201 1952 lin—

248 1981 306 2014 gua
315 1971 358 2001 est
366 1992 374 2005 ,
386 1971 435 2001 sed
445 1970 632 2000 onerandum
644 1991 652 2003 ,
665 1968 943 2009 complendumque
947 1965 1043 2008 pestus
1053 1967 1201 1996 maxima-

251 2024 318 2044 rum
328 2023 428 2047 rerum
439 2033 448 2046 ,
468 2012 501 2041 &
519 2012 718 2052 plurimarum
738 2011 876 2040 suavitate
894 2030 902 2042 ‚
922 2011 1006 2049 copia
1018 2028 1026 2041 ,
1045 2010 1195 2038 varietate.

253 2054 364 2086 Nostra
375 2054 418 2085 est
427 2056 511 2084 enim
531 2052 563 2092 (fi
581 2052 676 2083 modo
696 2063 752 2083 nos
771 2060 901 2082 oratores
921 2052 1023 2081 sumus
1035 2072 1044 2084 ,
1065 2048 1087 2079 fi
1104 2051 1137 2079 in
1156 2053 1199 2080 ci-

251 2099 339 2127 vium
347 2095 611 2136 disceptationibus
622 2115 631 2129 ‚
650 2093 671 2124 si
681 2097 714 2124 in
723 2093 862 2135 periculis
873 2113 881 2127 ,
902 2091 923 2122 fi
932 2095 966 2122 in
975 2092 1201 2123 deliberationi-

249 2139 308 2169 bus
317 2138 446 2178 publicis
454 2135 615 2167 adhibendi
632 2135 768 2166 autitores
778 2135 811 2164 &
819 2137 969 2174 principes
978 2134 1093 2172 sumus)
1103 2133 1202 2163 nostra

250 2179 295 2211 est
306 2200 314 2213 ,
325 2182 449 2223 inquam
460 2199 468 2212 ‚
478 2181 582 2208 om-ni's
590 2176 815 2217 istaprudentiae
824 2195 833 2209 ,
844 2175 1047 2215 doEtrinaeque
1056 2173 1202 2214 poffeffio,

251 2224 287 2252 in
297 2232 388 2263 quam
398 2222 540 2251 homines
548 2240 559 2253 ,
576 2218 656 2260 quasi
672 2218 814 2249 caducam
824 2237 833 2251 ‚
852 2227 937 2257 atque
946 2226 1070 2246 vacuam
1081 2235 1090 2249 ,
1108 2216 1204 2246 abun-

253 2264 356 2294 dantes
366 2265 432 2293 otio
441 2283 449 2296 ‚
471 2262 560 2292 nobis
577 2262 727 2302 occupatis
735 2280 744 2294 ‚
763 2259 974 2289 involaverunt
983 2278 992 2291 ,
1011 2266 1096 2298 atque
1113 2257 1204 2287 etiAm

254 2315 307 2336 aut
316 2305 472 2335 irridentes
482 2312 628 2334 oratorem
641 2323 650 2336 ,
670 2312 703 2333 ut
711 2302 762 2331 ille
778 2303 810 2330 in
823 2302 932 2340 Gorgia
941 2302 1072 2330 Socrates
1083 2318 1091 2332 ,
1112 2300 1206 2328 cavil-

256 2347 356 2377 lantur
366 2368 374 2380 ‚
395 2355 446 2376 aut
453 2344 567 2386 aliquid
576 2344 611 2374 de
621 2345 746 2374 oratoris
756 2351 815 2373 arte
824 2345 923 2382 paucis
933 2342 1111 2381 praecipiunt
1119 2340 1206 2370 libel-

257 2390 295 2419 lis
306 2409 314 2422 ,
327 2389 435 2429 eosque
445 2387 589 2416 rhetoricos
598 2386 766 2416 inscribunt
775 2404 783 2417 ,
802 2382 880 2425 quasi
890 2393 954 2413 non
965 2383 1015 2412 illa
1024 2380 1079 2412 sint
1087 2383 1207 2422 propria

257 2431 415 2462 rhetorum
425 2450 434 2462 ,
445 2439 509 2469 quae
520 2428 556 2458 ab
564 2427 673 2458 iisdem
683 2426 720 2456 de
731 2425 841 2463 justitia
850 2446 858 2459 ,
878 2425 914 2455 de
925 2422 1027 2454 officio
1037 2444 1046 2457 ,
1058 2423 1095 2454 de
1104 2425 1209 2454 civita-

257 2472 339 2502 tibus
347 2470 538 2501 instituendis
549 2490 557 2502 ‚
571 2470 604 2499 &
613 2468 748 2511 regendis
759 2488 767 2501 ‚
780 2467 816 2498 de
825 2469 914 2497 omni
922 2465 1046 2496 vivendi
1058 2486 1066 2499 ‚
1079 2465 1208 2505 denique

258 2516 352 2543 etiam
370 2513 406 2543 de
417 2521 526 2542 naturae
536 2514 652 2541 ratione
662 2510 812 2540 dicuntur.
835 2511 910 2550 Qiae
922 2509 1068 2549 quoniam
1082 2507 1144 2546 jam
1155 2508 1210 2536 ali-

261 2555 344 2584 unde
355 2564 418 2584 non
433 2552 588 2594 possumus
600 2573 607 2586 ‚
628 2551 773 2583 sumenda
788 2551 855 2581 sunt
872 2550 962 2580 nobis
979 2549 1015 2579 ab
1033 2551 1068 2579 iis
1087 2547 1153 2588 ipsis
1167 2569 1175 2581 ,
1195 2548 1210 2578 a

262 2596 373 2637 quibus
392 2596 513 2635 expilati
528 2595 631 2624 sumus
649 2615 658 2626 ‚
681 2591 851 2623 dummodo
869 2592 922 2622 illa
937 2591 974 2621 ad
991 2591 1067 2621 hanc
1084 2591 1210 2620 civilem

263 2640 416 2668 scientiam
429 2657 437 2671 ,
460 2634 521 2677 quo
533 2638 684 2675 pertinent
694 2655 702 2668 ‚
722 2635 755 2664 &
765 2643 856 2674 quarn
867 2635 1041 2671 intuentur,
1060 2631 1212 2663 trans-fera-

265 2689 334 2709 mus
346 2690 351 2707 z
363 2689 460 2720 neque
472 2686 517 2716 gut
525 2678 593 2707 ante
603 2677 680 2715 dixi)
690 2686 818 2706 omnem
827 2684 955 2705 teramus
965 2676 998 2704 in
1007 2674 1054 2703 his
1063 2673 1213 2704 discendis

262 2720 352 2753 ribus
361 2730 477 2750 aetatem
488 2739 497 2753 ‚
510 2719 559 2749 sed
567 2718 638 2749 ci'im
649 2719 751 2756 fonteu
759 2717 924 2747 viderimus
936 2738 944 2750 ,
955 2725 1030 2757 quos
1042 2714 1097 2745 nisi
1105 2717 1157 2756 qui
1167 2725 1215 2744 ce-

262 2763 362 2793 leriter
371 2763 510 2803 cognorit
520 2782 528 2794 ,
540 2770 695 2801 nunquam
706 2760 866 2799 cognoscet
875 2760 1006 2788 omnino
1019 2777 1027 2790 ,
1039 2767 1104 2787 tum
1117 2777 1124 2789 ,
1136 2766 1213 2797 quo-

259 2805 447 2844 tiescumque
456 2812 531 2843 opus
541 2804 613 2835 erit,
635 2812 672 2831 ex
690 2804 729 2831 iis
745 2809 861 2831 tantum
872 2820 882 2835 ,
901 2808 1048 2841 quantum
1066 2809 1111 2829 res
1120 2807 1212 2838 petet,

305 2918 327 2934 1.
346 2911 444 2933 'Partim
455 2917 482 2933 ar
491 2908 641 2941 distributa]
663 2907 730 2932 Pall.
742 2908 841 2944 priores
853 2907 880 2932 &
892 2902 1024 2932 Gallicani
1035 2904 1088 2930 duo
1101 2924 1108 2936 ,
1127 2907 1219 2930 tributa

265 2944 347 2971 solum
362 2945 486 2970 retinent.

1207 126 1737 175 Cicznoiii‘s

1198 216 1203 260 ἱ
1223 209 1406 240 hauriemus.
1430 213 1512 242 Nam
1531 221 1626 253 neque
1642 220 1703 241 tarn
1714 208 1756 240 est
1765 209 1839 240 acris
1854 206 1930 240 acies
1940 209 1973 240 in
1991 209 2103 241 naturis
2121 211 2179 241 ho-

1225 253 1358 285 minum.
1373 252 1546 294 &ingeniis
1555 275 1564 286 ,
1576 262 1608 283 ut
1618 263 1662 283 res
1672 261 1766 282 tantas
1775 253 1932 293 quisquam
1944 272 1951 284 ‚
1964 250 2019 281 nisi
2030 251 2178 283 monstra-

1226 302 1269 323 ms
1281 313 1289 327 ‚
1309 293 1397 334 poffit
1410 295 1511 325 videre
1531 305 1536 324 ;
1556 305 1653 335 neque
1663 303 1742 325 tanta
1752 303 1853 324 tamen
1863 295 1897 323 in
1905 293 1992 323 rebus
2002 293 2175 328 obscuritas,

1200 347 1203 378 3
1226 344 1259 364 ut
1280 345 1326 365 eas
1336 346 1399 365 non
1409 339 1529 376 penitus
1545 339 1603 366 acri
1612 338 1658 366 vir
1668 337 1790 377 ingenio
1806 344 1920 369 cernat,
1939 333 1960 364 fi
1971 333 2067 364 modo
2076 335 2178 374 adspe-

1226 378 1312 407 :terit
1336 380 1373 406 111
1392 379 1450 408 hoc
1467 380 1557 419 igitur
1574 386 1658 408 tanto
1668 387 1788 417 tamque
1798 377 1950 407 immenso
1959 387 2066 417 campo
2077 398 2085 409 ‚
2104 376 2179 408 cum

1225 419 1311 448 liceat
1319 421 1428 449 oratori
1439 422 1536 461 vagari
1552 419 1646 449 libere
1657 439 1666 452 ,
1683 428 1769 459 atque
1780 438 1788 452 ‚
1808 418 1992 459 ubicumque
2002 417 2180 452 constiterit,

1226 458 1425 503 consisterem
1435 461 1506 494 suo,
1526 459 1612 490 facile
1632 461 1797 500 suppeditat
1813 461 1916 489 omnis
1939 469 2109 499 apparatus,
2130 469 2182 490 ord

1227 501 1370 542 natusque
1386 501 1518 531 dicendi.
1542 504 1671 531 RERUM
1691 511 1775 531 enim
1786 503 1873 540 copia
1881 501 2042 530 verborum
2060 510 2180 541 copiam

1226 545 1338 584 gignit:
1350 543 1383 573 ὃς
1394 563 1402 576 ,
1414 542 1435 572 si
1445 543 1488 574 est
1498 543 1637 573 honestas
1647 545 1679 573 in
1689 543 1777 572 rebus
1787 541 1853 582 ipsis
1865 563 1874 575 ,
1893 542 1930 571 de
1939 542 2048 582 quibus
2059 542 2182 576 dicitur,

1226 583 1340 614 exsistit
1357 595 1396 614 ex
1414 586 1456 614 rei
1475 594 1576 615 natura
1585 585 1707 625 quidam
1718 584 1856 623 splendor
1875 583 2024 613 inverbis.
2043 582 2077 613 sit
2086 583 2183 614 modo

1229 628 1253 655 is
1265 646 1273 659 ‚
1286 629 1337 667 qui
1347 626 1427 657 dicet
1439 647 1448 659 .
1465 636 1515 656 aut
1524 627 1628 657 scribet
1637 647 1646 658 .
1665 625 1818 656 institutus
1833 623 1986 654 liberaliter
1994 625 2184 660 educatione.

1229 667 1425 709 doen-itiaque
1433 669 1540 708 puerili
1553 688 1562 701 ,
1581 669 1614 698 &
1626 667 1727 709 flagret
1742 666 1842 697 studio
1853 686 1862 700 ‚
1877 666 1934 696 &a
1943 676 2047 697 natura
2062 667 2188 706 adjuve-

1231 718 1277 739 tur
1287 730 1295 743 ,
1315 709 1392 740 &in
1402 710 1611 740 universorum
1629 719 1773 751 generum
1784 707 1913 738 infinitis
1921 708 2188 748 disceptationibus

1232 754 1406 782 exercitatus
1425 762 1431 780 z
1451 750 1652 782 ornatiffirnos
1670 755 1682 777 3
1696 751 1849 790 scriptores
1860 770 1869 782 ,
1888 751 2076 791 oratoresque
2085 750 2121 781 ad
2130 761 2185 780 co-

1231 793 1437 834 gnoscendum
1450 814 1458 825 ,
1479 793 1721 833 imitandumque
1730 800 1881 833 cognorit:
1896 802 1941 821 nae
1952 792 2003 822 ille
2012 791 2090 822 haud
2103 791 2185 825 sane,

1233 834 1492 874 quemadmodum
1511 835 1600 864 verba
1617 833 1724 867 struat,
1749 834 1782 863 &
1799 833 1955 863 illuminet
1973 854 1982 866 ‚
2005 833 2022 863 a
2040 832 2187 874 magistris

1234 874 1297 906 istis
1315 878 1452 916 requiret.
1475 878 1514 906 ita
1533 875 1662 906 facilein
1681 886 1782 905 rerum
1799 875 1980 905 abundantia
1997 874 2032 904 ad
2042 877 2188 905 orationis

1234 927 1410 948 ornamenta
1424 917 1485 948 fine
1495 917 1568 947 duce
1581 938 1588 951 ‚
1612 927 1715 947 natura
1731 918 1792 957 ipsa
1803 937 1811 950 ,
1835 915 1856 945 fi
1865 915 1959 947 modo
1968 915 2010 946 est
2019 917 2184 950 exercitata,

1235 959 1355 989 labetur.
1369 962 1426 990 Hic
1437 960 1556 990 Catulus
1567 981 1574 992 ,
1586 962 1640 989 Dii
1650 959 1848 992 immormles,
1862 960 1960 999 inquit
1970 978 1978 991 ‚
1987 968 2129 998 quantam
2140 969 2186 989 re·
2207 967 2221 1000 3
2231 967 2251 991 2

1233 1011 1303 1031 rum
1312 1004 1481 1032 varietatem
1495 1022 1503 1034 ,
1520 1011 1659 1042 quantam
1670 1004 1734 1031 vim
1745 1021 1753 1034 ,
1773 1010 1914 1042 quantam
1925 1003 2043 1040 copiam
2056 1021 2064 1033 ,
2076 998 2184 1034 Crasse,

1234 1044 1409 1084 complexus
1420 1054 1449 1074 es
1463 1065 1471 1078 ,
1491 1044 1665 1084 quantisque
1681 1053 1719 1074 ex
1737 1041 1878 1084 angustiis
1897 1052 2044 1072 oratorem
2063 1042 2190 1072 educere

1235 1085 1320 1116 ausus
1329 1095 1360 1115 es
1373 1106 1381 1119 ,
1398 1087 1471 1116 &in
1482 1086 1630 1120 maiorum
1642 1085 1765 1115 suorum
1775 1094 1853 1124 regno
1861 1085 2005 1114 collocare
2018 1086 2023 1111 !
2049 1086 2190 1124 Namque

1233 1126 1305 1157 illos
1318 1136 1429 1157 veteres
1447 1126 1585 1157 doftores
1597 1147 1605 1160 ,
1624 1125 1815 1166 au&oi·esque
1825 1125 1945 1155 dicendi
1956 1125 2077 1155 nullum
2096 1135 2190 1166 genus

1236 1169 1441 1209 disputationis
1459 1169 1475 1198 a
1494 1169 1521 1198 se
1537 1169 1671 1198 alienum
1685 1166 1797 1208 putass'e
1812 1169 1981 1207 accepimus
1991 1187 1998 1200 ‚
2016 1167 2192 1207 semperque

1237 1209 1294 1240 effe
1310 1213 1343 1240 in
1360 1212 1448 1241 omni
1465 1212 1608 1240 orationis
1626 1212 1742 1239 ratione
1759 1209 1896 1238 versatos.
1920 1218 1958 1238 ex
1974 1208 2084 1249 quibus
2101 1209 2193 1239 Eleus

1238 1255 1448 1292 Hippias,cum
1461 1252 1633 1291 Olympiam
1641 1249 1917 1283 veniffet‚m³xima
1924 1250 2193 1291 illaquinquenna-

1238 1296 1258 1324 li
1270 1294 1438 1324 celebritate
1450 1294 1604 1326 ludorum,
1621 1293 1764 1334 gloriatus
1775 1291 1827 1325 est,
1839 1291 1946 1322 61111613
1954 1291 2041 1332 paene
2051 1291 2194 1322 audiente

1238 1338 1361 1369 Graecia,
1377 1338 1489 1366 Nix-111„
1501 1345 1573 1365 assa
1583 1336 1642 1365 ulla
1651 1337 1684 1364 in
1692 1343 1751 1364 arte
1761 1344 1860 1363 16111111
1871 1336 2026 1367 omnium,
2039 1333 2120 1374 quod
2129 1333 2193 1373 ipse

1240 1379 1430 1409 nescirettnec
1442 1377 1540 1408 solum
1550 1379 1600 1407 has
1609 1378 1706 1409 arteis,
1718 1376 1826 1417 quibus
1834 1375 1969 1406 liberales
1978 1374 2136 1409 doetrinae,
2148 1383 2193 1405 at-

1239 1431 1296 1462 que
1305 1423 1442 1461 ingenua:
1452 1421 1686 1451 continerentur,
1696 1420 1903 1460 geometriam,
1915 1415 2072 1450 musicam,
2082 1417 2194 1447 littera-

1238 1473 1306 1493 rum
1316 1464 1523 1503 cognitionem
1532 1481 1541 1495 ,
1555 1461 1587 1491 &
1596 1462 1751 1501 poetarum
1762 1479 1771 1493 ,
1781 1469 1868 1500 atque
1877 1460 1929 1490 1113
1939 1479 1947 1493 ,
1959 1469 2024 1500 quae
2034 1459 2070 1489 de
2081 1460 2196 1489 naturis

1239 1515 1339 1534 rerum
1349 1525 1357 1538 ,
1369 1514 1432 1546 quae
1444 1503 1480 1533 dc
1490 1504 1654 1532 hominum
1665 1501 1802 1531 moribus
1812 1522 1820 1535 ,
1832 1506 1850 1528 4
1857 1511 1923 1542 quae
1932 1501 1967 1532 de
1976 1500 2197 1540 rebuspublicis

1240 1547 1423 1576 dicerentur:
1436 1545 1484 1575 sed
1494 1545 1654 1578 annulum,
1665 1553 1756 1585 quem
1767 1544 1895 1577 haberet,
1907 1543 2110 1584 pallium,un
2117 1543 2197 1572 ami-

1241 1588 1315 1621 61115,
1327 1592 1340 1615 5
1352 1588 1463 1620 soccos,
1475 1587 1583 1626 quibus
1593 1586 1716 1616 indutus
1726 1583 1809 1618 effer,
1821 1586 1848 1615 se
1859 1585 1877 1615 s
1874 1596 1909 1616 ua
1917 1594 2011 1616 manu
2020 1582 2194 1614 confecifi'e.

1240 1631 1359 1661 Scilicet
1368 1631 1460 1659 'nimis
1472 1629 1519 1658 hic
1528 1628 1652 1669 quidem
1663 1627 1705 1657 est
1715 1626 1880 1668 progressus
1889 1647 1898 1660 ‚
1928 1626 1975 1657 sed
1988 1636 2025 1656 ex
2035 1636 2071 1656 eo
2082 1626 2144 1666 ipso
2153 1624 2197 1656 est

1242 1671 1414 1711 conjeEtura
1425 1670 1520 1700 facilis
1530 1690 1539 1704 ,
1558 1680 1705 1711 quantum
1715 1668 1767 1698 fibi
1777 1669 1823 1698 illi
1832 1667 1885 1708 ipsi
1895 1677 2022 1699 oratores
2032 1667 2069 1697 de
2077 1667 2198 1707 praecla-

1243 1712 1364 1743 riffimis
1373 1713 1484 1742 artibus
1492 1714 1666 1752 appetierint
1678 1732 1686 1744 ‚
1698 1712 1751 1752 qui
1760 1720 1797 1740 ne
1801 1710 1963 1750 fhrditi'iores
1971 1709 2097 1751 quidem
2108 1718 2198 1748 repu-

1243 1756 1361 1785 diarint.
1393 1754 1474 1794 Qid
1503 1755 1539 1784 de
1557 1753 1683 1784 Prodico
1702 1753 1800 1784 Chio?
1826 1752 1900 1793 quid
1919 1752 1955 1782 de
1967 1751 2198 1791 Thrasymacho

1245 1796 1460 1829 Chalcedonio,
1472 1796 1508 1825 de
1517 1799 1674 1836 Protagora
1683 1794 1823 1825 Abderita
1831 1795 1934 1835 loquar
1943 1796 1954 1822 ?
1963 1802 2094 1834 quorum
2104 1792 2198 1822 unus-

1244 1839 1368 1880 quisque
1377 1839 1543 1878 plurimum
1553 1837 1739 1877 temporibus
1749 1836 1809 1866 illis
1820 1856 1830 1870 ,
1839 1839 1930 1866 etiam
1940 1835 1977 1865 de
1986 1844 2088 1864 namra
2095 1843 2198 1864 rerum

1247 1882 1280 1911 &
1290 1878 1423 1911 diss'emit
1430 1900 1439 1913 ,
1461 1880 1493 1909 &
1504 1878 1621 1919 scripsit.
1651 1879 1716 1919 Ipse
1725 1878 1777 1908 ille
1787 1879 1958 1908 Leontinus
1967 1877 2092 1917 Gorgias
2102 1895 2112 1909 ,
2134 1885 2199 1916 quo

1246 1932 1372 1963 patrono
1383 1922 1428 1959 (ut
1436 1922 1517 1951 Plato
1527 1921 1638 1961 voluit)
1646 1920 1827 1960 philosopho
1836 1919 1992 1950 succubuit
2008 1915 2106 1948 orator
2115 1936 2124 1951 ,
2143 1917 2199 1957 qui

1246 1974 1294 1994 aut
1305 1974 1369 1993 non
1379 1962 1422 1993 est
1431 1962 1527 1992 vistus
1538 1973 1682 2003 umquam
1693 1962 1708 1992 a
1716 1965 1844 1995 Socrate,
1857 1971 1953 2002 neque
1962 1961 2061 1991 sermo
2070 1959 2123 1988 ille
2132 1959 2200 1989 Pla-

1247 2008 1329 2035 tonis
1339 2015 1426 2035 verus
1435 2004 1478 2034 est
1490 2016 1495 2033 :
1506 2014 1565 2039 aut,
1576 2003 1597 2034 fi
1607 2003 1649 2034 est
1658 2003 1766 2037 vicitus,
1782 2004 1972 2044 eloquentior
1980 2001 2119 2032 Videlicet
2127 1999 2199 2033 fuit,
2231 2021 2233 2023 -

1247 2048 1280 2078 &
1290 2047 1428 2077 disertior
1437 2050 1576 2080 Socrates,
1588 2047 1632 2080 &,
1643 2055 1676 2075 ut
1684 2055 1716 2076 tu
1725 2045 1863 2085 appellas,
1875 2042 2032 2083 copiofior‚
2047 2043 2081 2072 &
2088 2042 2200 2072 melior

1246 2099 1356 2119 orator.
1382 2088 1431 2118 sed
1444 2090 1492 2118 1116
1502 2091 1536 2118 111
1545 2089 1600 2117 1110
1610 2088 1674 2127 ipso
1682 2088 1814 2117 Platonis
1823 2086 1911 2118 libro,
1922 2084 1960 2114 de
1968 2085 2057 2114 omni
2066 2093 2107 2117 re,
2118 2093 2201 2124 quae-

1247 2140 1377 2170 cumque
1388 2132 1419 2159 in
1429 2130 1672 2168 disceptationem
1683 2148 1691 2161 ,
1711 2126 1967 2168 quaestionemque
1976 2133 2146 2159 vocaretur,
2170 2124 2200 2155 se

1247 2169 1443 2211 copiofiffime
1462 2171 1616 2200 diSturum
1633 2167 1690 2199 effe
1707 2167 1862 2209 profitetur
1881 2179 1887 2197 ι
1909 2169 1992 2209 isque
2007 2169 2145 2208 princeps
2162 2175 2214 2196 εκ,

1249 2212 1393 2243 omnibus
1402 2212 1486 2242 ausus
1496 2210 1537 2241 est
1548 2221 1580 2240 in
1596 2220 1748 2241 conventu
1760 2211 1866 2252 possete
1877 2230 1886 2243 ‚
1905 2220 1963 2250 qua
1976 2209 2014 2239 de
2028 2219 2059 2239 re
2076 2209 2202 2250 quisque

1248 2254 1340 2284 vellet
1349 2254 1448 2283 audire
1460 2264 1464 2282 :
1489 2255 1537 2283 cui
1546 2262 1645 2283 tantus
1654 2253 1752 2282 honos
1761 2253 1878 2282 habitus
1888 2252 1930 2282 est
1939 2251 1955 2281 a
1966 2252 2088 2284 Graecia,
2101 2250 2157 2280 soli
2167 2252 2201 2280 dt

1249 2306 1287 2326 ex
1296 2296 1439 2325 omnibus
1449 2295 1578 2334 Delphis
1587 2305 1651 2324 non
1660 2297 1789 2324 inaurata
1798 2293 1889 2324 statua
1898 2314 1907 2327 ‚
1928 2292 1977 2323 sed
1995 2303 2082 2321 aurea
2094 2291 2201 2322 statue-

1250 2347 1337 2367 retur.
1361 2340 1456 2377 Atque
1466 2339 1499 2370 ii,
1510 2346 1585 2376 quos
1596 2338 1753 2366 no'minavi
1765 2356 1774 2369 ,
1786 2336 1933 2375 multique
1942 2343 2080 2375 praeterea
2087 2333 2202 2364 summi

1250 2378 1370 2409 dicendi
1381 2378 1518 2408 doctores
1530 2387 1592 2408 uno
1603 2387 1737 2418 tempore
1746 2377 1869 2407 fuerunt
1881 2387 1886 2405 z
1905 2387 1944 2406 ex
1954 2375 2064 2417 quibus
2073 2375 2203 2416 intelligi

1251 2419 1348 2461 potest
1359 2443 1368 2455 ,
1380 2424 1418 2450 ita
1428 2421 1456 2450 se
1465 2430 1528 2450 rem
1540 2420 1644 2450 habere
1655 2439 1663 2453 ,
1676 2428 1708 2449 ut
1717 2428 1749 2449 tu
1760 2439 1768 2453 ,
1784 2417 1878 2449 Crasse
1890 2438 1899 2452 ,
1910 2418 1984 2448 dicis
1997 2428 2002 2447 :
2021 2416 2204 2457 oratorisque
2248 2430 2250 2432 ·

1253 2472 1368 2493 nomen
1386 2461 1462 2502 apud
1476 2464 1615 2508 antiquos
1625 2463 1658 2491 in
1669 2463 1783 2491 Graecia
1792 2461 1904 2499 majore
1913 2459 2039 2500 quadam
2049 2459 2098 2489 vel
2107 2460 2204 2498 copia,

1253 2504 1302 2533 vel
1311 2504 1404 2545 gloria
1413 2502 1553 2533 flomiss'e.
1579 2505 1648 2545 Qo
1657 2503 1782 2544 quidem
1794 2504 1886 2543 magis
1895 2501 2003 2532 dubito
2013 2521 2021 2535 ‚
2032 2500 2127 2531 tibine
2136 2499 2206 2539 plus

1255 2546 1350 2576 laudis
1360 2566 1369 2580 ,
1389 2557 1425 2576 an
1436 2548 1545 2576 Graecis
1553 2547 1618 2575 vitu
1641 2546 1781 2574 erationis
1788 2542 1848 2574 effe
1856 2542 2051 2574 tribuendum
2062 2541 2186 2572 statuam
2197 2550 2206 2568 t

1255 2586 1326 2617 cum
1337 2598 1369 2618 tu
1381 2590 1412 2617 in
1422 2588 1478 2617 alia
1488 2588 1587 2628 lingua
1598 2607 1606 2620 ,
1641 2597 1672 2616 ac
1683 2586 1817 2616 moribus
1827 2594 1912 2616 natus
1923 2605 1932 2618 ‚
1945 2581 2165 2624 occupatiffima
2173 2583 2207 2612 in

1255 2630 1372 2660 civitate
1385 2650 1392 2663 ‚
1413 2629 1461 2658 vel
1471 2631 1654 2669 privatorum
1665 2630 1793 2669 negotiis
1804 2628 1888 2667 paene
1899 2625 2045 2656 omnibus
2056 2645 2066 2659 ,
2083 2625 2132 2654 vel
2141 2622 2209 2653 orbis

1257 2678 1331 2700 τεῖνε
1349 2673 1555 2711 procuratione
1565 2689 1573 2703 ,
1596 2680 1628 2700 ac
1638 2670 1750 2699 summi
1758 2670 1879 2709 imperii
1887 2668 2100 2709 gubernatione
2109 2664 2209 2696 distri-

1259 2711 1323 2742 Crus
1334 2734 1342 2746 ,
1363 2722 1473 2742 tantam
1483 2714 1548 2742 vim
1558 2721 1658 2741 rerum
1669 2731 1677 2745 ,
1695 2714 1964 2752 cognitionemque
1972 2706 2209 2748 comprehende-

1256 2757 1296 2785 ris
1307 2775 1315 2788 ,
1326 2764 1451 2795 eamque
1461 2763 1588 2784 ornnem
1598 2762 1668 2784 cum
1678 2753 1742 2791 ejus
1753 2772 1761 2785 ,
1773 2754 1824 2792 qui
1832 2750 1959 2781 consilio
1970 2771 1977 2782 ,
1991 2750 2024 2780 86
2032 2751 2166 2779 oratione
2176 2750 2210 2778 in

1236 2795 1242 2841 l
1256 2798 1372 2827 civitate
1383 2785 1620 2830 valeanffientia,
1631 2803 1717 2834 atque
1727 2794 1937 2824 exercitatione
1945 2793 2064 2822 sociaris
2075 2801 2081 2819 2
2092 2791 2138 2820 illi
2149 2798 2211 2826 nati

2120 2833 2153 2862 in
2165 2831 2215 2860 lit-

1295 2911 1324 2935 4.
1343 2905 1397 2936 Q*
1407 2904 1432 2927 de
1442 2904 1510 2927 reims
1516 2902 1614 2933 publicis
1623 2900 1781 2933 dicerentur]
1803 2899 1946 2925 Lambinus
1965 2898 2115 2929 dfferuntur.
2145 2895 2215 2921 Pall-

1262 2939 1327 2965 nihil
1341 2939 1454 2967 vari-int,
1465 2937 1510 2964 nisi
1520 2936 1590 2972 quod
1600 2936 1661 2962 osta
1667 2944 1709 2961 vus
1718 2956 1731 2968 Ι,
1741 2936 1896 2966 duceremur,-
1907 2931 1977 2968 quod
1988 2942 2040 2958 non
2051 2931 2161 2957 omnino
2172 2931 2216 2957 in-

303 2989 319 3005 ἒ
327 3000 332 3006 -
351 2981 399 3011 Q?
408 2980 510 3004 audi-‘¹³¹²
520 2998 528 3009 s
538 2986 630 3004 natura
638 2979 762 3011 θεᾶν-ε,
772 2978 839 3011 cyme]
859 2977 1022 3004 Gulielmius
1033 2975 1218 3003 attentendum
1263 2974 1337 3011 super
1348 2974 1494 3000 habuerim.

266 3015 375 3051 putabat
384 3015 451 3041 binis
462 3015 620 3045 Gallicanis,
630 3022 722 3040 natum
730 3024 810 3047 genere
820 3025 826 3039 .-
835 3014 862 3039 ὅ(
873 3013 898 3039 id
911 3019 981 3040 cette
992 3013 1072 3039 etiam
1083 3013 1110 3039 in
1122 3012 1221 3048 Pahpr.

267 3061 298 3078 ac
308 3051 359 3078 sec.
370 3049 413 3077 sed
423 3050 489 3077 nihil
500 3052 635 3076 mutarim.

304 3095 318 3117 2
326 3108 331 3112 .
340 3090 467 3119 Scriftores
475 3087 618 3120 oratoresque
626 3086 659 3111 tid
664 3085 833 3118 cognoscendum
841 3085 1025 3119 imitandumque
1035 3084 1156 3117 cognorit]
1167 3083 1210 3109 Pal
1218 3103 1223 3108 .

1301 3019 1327 3044 ς.
1345 3014 1421 3036 „roccos
1430 3011 1516 3043 quibu,-
1525 3008 1624 3033 indurut
1632 3007 1708 3040 effen]
1729 3006 1797 3033 Pau.
1807 3005 1897 3031 duo&
1909 3003 2031 3030 Memmii
2047 3002 2195 3028 chartaceus
2206 3018 2216 3033 ‚

1263 3047 1384 3073 induc-im.
1406 3046 1432 3071 ὃ(
1443 3044 1553 3079 dignum
1564 3043 1599 3069 est
1610 3044 1742 3069 examine.

1299 3082 1329 3108 6.
1349 3086 1399 3109 tAc
1408 3082 1509 3106 moribus
1520 3078 1618 3112 natus]
1640 3079 1711 3105 1¹ith.
1721 3079 1779 3106 notis
1790 3096 1798 3110 ,
1811 3075 1880 3104 unde
1890 3082 1967 3112 putat
1977 3074 2137 3103 Gulielmius
2148 3071 2222 3100 forte

267 3119 736 3159 prIPith.Memm.mcmbr.[cripmres
744 3121 887 3154 oratorcjlque
897 3122 1050 3154 cognostanos
1059 3120 1226 3153 imitandofque
1267 3117 1410 3154 legendum
1419 3117 1510 3151 ignaris.
1529 3124 1581 3142 non
1591 3122 1692 3151 putem.

267 3159 427 3192 dca‘tge151581
439 3158 472 3184 sic
483 3167 586 3194 quoque
598 3157 653 3185 scre
665 3156 800 3185 sccundus.
813 3157 971 3192 videturque
981 3158 1069 3192 petius
1082 3155 1202 3192 vulgato.

2128 3190 2138 3210 ι
2147 3201 2152 3208 .
2162 3181 2225 3207 Am:
