2360 3400
724 79 761 124 F
827 93 861 124 R
932 93 962 123 A
1033 92 1065 122 G
1130 92 1170 124 M
1239 92 1267 124 E
1341 94 1373 125 N
1444 93 1478 125 τ
1522 97 1596 127 ἼΑ.

2018 98 2134 148 ¹323

212 162 300 192 Nou.
315 157 499 200 subducem]
522 156 540 172 ⁸*
561 166 626 188 non
646 157 680 189 δε
694 156 755 188 fine
773 158 956 200 cogitatione
978 157 1131 193 ineundis,
1177 159 1296 190 midum
1309 161 1454 203 quidem,
1476 170 1527 193 aut
1537 161 1658 198 flabile,
1672 171 1721 195 aut
1731 164 1866 205 igneum.
1889 164 1937 195 his
1948 164 2076 196 enimin
2086 175 2139 197 na—

171 202 428 242 subducendisque
441 201 615 231 rationibus.

210 247 252 274 D.
265 248 352 275 Aoo.
372 241 423 272 lib.
433 251 462 280 4.
482 250 576 272 contra
597 242 772 283 Pelagium]
796 244 843 273 Ex
861 241 972 282 quibus
989 242 1130 272 humanae

169 287 239 317 vitae
249 285 396 315 erroribus
409 305 417 319 ,
434 285 465 314 &
477 286 620 315 aerumnis
632 283 664 315 fit
673 304 682 317 ,
703 294 735 314 ut
744 284 896 314 interdum
908 293 1022 314 veteres
1033 284 1078 313 illi
1094 282 1131 313 fi-

166 337 204 358 ve
217 336 297 358 vates
308 348 316 361 ,
336 327 437 357 sivein
448 327 533 357 sacris
544 347 552 359 ,
570 326 725 366 initiisque
735 325 885 356 tradendis
894 325 1005 355 divinae
1017 327 1130 355 mentis

166 371 339 410 interpretes
351 390 358 403 ,
379 370 431 410 qui
445 378 501 399 nos
511 368 551 398 ob
561 369 659 409 aliqua
670 368 775 398 scelera
785 368 914 407 suscepta
927 369 959 397 in
973 370 1032 397 vita
1046 368 1130 407 supe-

165 414 245 442 riore
256 431 264 445 ‚
282 420 438 451 poenarum
448 410 624 440 luendarum
636 410 718 440 causa
729 419 814 440 natos
825 408 882 439 esse
892 409 1034 439 dixerunt
1044 429 1053 442 ,
1075 409 1129 439 ali-

166 453 240 494 quid
252 452 359 483 vidiss'e
373 452 530 483 videantur
541 472 550 486 ,
570 461 735 493 verumque
747 450 780 482 fit
790 451 866 481 illud
878 470 887 484 ‚
908 450 988 492 quod
999 449 1041 480 est
1051 450 1127 491 apud

167 494 362 525 Aristotelem
373 515 382 528 ‚
406 493 496 524 simili
507 504 562 524 nos
580 492 704 524 affeEtos
715 492 772 524 effe
783 493 928 533 supplicio
940 513 948 526 ‚
968 501 1054 534 atque
1065 502 1128 527 eos,

165 539 218 578 qui
230 537 384 578 quondam
397 556 405 570 ,
419 546 513 577 quum
528 538 558 566 in
569 536 746 576 praedonum
758 536 947 566 Etruscorum
959 544 1065 564 manus
1076 537 1125 565 in-

163 578 313 612 cidissent,
324 579 496 609 crudelitate
508 581 673 619 excogitata
684 577 873 608 necabantur:
882 586 1012 617 quorum
1020 586 1128 617 corpo-

163 630 195 651 ra
203 623 269 650 viva
279 630 350 650 cum
363 623 503 653 mortuis,
512 619 629 650 adversa
638 617 764 650 adversis
773 619 999 649 accommodata
1007 639 1016 652 ,
1030 629 1122 660 quam

162 660 311 702 aptissime
323 661 554 703 colligabantur:
577 664 616 692 ita
631 660 747 691 nostros
764 663 884 691 animos
901 670 972 690 curn
992 662 1125 701 corpori-

165 703 221 734 bus
232 704 385 743 copulatos
394 723 401 736 ,
419 712 450 733 ut
459 706 546 733 vivos
555 714 625 734 cum
637 705 765 733 mortuis
775 701 833 733 esse
845 702 1036 742 conjun&os.

208 747 296 775 NON.
307 745 463 786 ,Appendzx
477 745 491 785 ]
507 746 592 776 Vidit
602 748 684 775 enim
695 765 703 779 ,
714 745 796 786 quod
807 744 973 774 videndum
984 744 1044 774 fuit
1054 764 1061 778 ,
1073 753 1125 784 ap-

164 787 325 828 pendicem
337 790 433 816 animi
444 786 503 816 effe
513 797 619 827 corpus
631 807 639 821 ‚
661 789 798 827 nihilque
809 789 840 816 in
850 796 886 816 eo
897 784 955 816 efl'e
965 795 1121 828 magnum.

207 830 248 859 D.
261 833 397 858 Aucusr.
412 828 515 865 lib.14.
527 838 587 870 cap.
600 829 652 858 uit.
666 830 761 870 Trin]
785 830 860 870 Qae
871 828 961 858 nobis
972 828 1036 858 dies
1047 848 1055 862 ‚
1068 838 1125 857 no-

162 868 295 911 &eisque
313 869 568 900 considerantibus
586 891 594 904 ,
625 870 856 911 acuentibusque
878 870 1122 911 intelligentiam,

161 921 229 953 quae
240 912 282 942 est
293 921 405 941 mentis
415 914 490 941 acies
500 931 508 945 ‚
529 912 775 952 caventibusque,
795 921 832 942 ne
842 912 962 952 quando
972 913 1022 942 illa
1034 912 1124 941 hebe-

163 955 239 988 scat,
252 963 359 995 magna
370 954 432 993 spes
444 952 486 984 est
496 973 504 987 ,
514 964 563 984 aut
573 952 593 983 si
604 955 660 983 hoc
672 974 679 987 ,
691 954 772 994 quod
783 954 929 984 sentimus
939 954 971 984 δε
983 955 1122 993 sapimus,

162 996 291 1026 mortale
303 997 335 1026 δε
345 997 490 1026 caducum
501 995 544 1026 est
556 1015 565 1030 ‚
575 997 745 1035 jucundum
758 996 846 1026 nobis
857 1015 865 1029 ‚
877 994 1043 1035 perfunEtis
1056 1005 1122 1025 rnu-

161 1037 284 1068 neribus
298 1038 439 1067 humanis
449 1058 457 1071 ,
479 1038 615 1068 occasum
629 1058 636 1071 ,
659 1048 756 1078 neque
771 1036 928 1067 molestam
946 1036 1121 1068 exstinEtio·

160 1088 235 1109 nem
247 1099 255 1113 ,
268 1080 300 1110 &
311 1079 388 1120 quasi
401 1081 534 1120 quietern
548 1082 615 1109 vitae
625 1079 689 1109 fore
703 1088 770 1109 :aut
779 1078 798 1108 fi
812 1100 821 1112 ‚
838 1088 870 1109 ut
881 1081 1011 1119 antiquis
1022 1079 1124 1119 philo-

160 1121 265 1161 sophis
274 1141 282 1155 ,
295 1122 398 1162 hisque
409 1123 554 1152 maximis
564 1142 571 1155 ‚
583 1122 730 1162 longeque
740 1119 846 1150 clariss'.
857 1121 969 1161 placuit
977 1141 985 1155 ,
995 1130 1123 1151 aeternos

159 1168 282 1194 animos
295 1182 303 1196 ‚
323 1174 354 1194 ac
364 1164 486 1193 divinos
499 1164 641 1194 habemus
655 1174 659 1191 :
681 1161 722 1194 sic*
730 1162 966 1193 existimandum
979 1162 1020 1192 est
1032 1181 1040 1196 ,
1060 1172 1122 1203 quo

160 1209 259 1245 magis
273 1207 303 1235 hi
318 1204 429 1235 fuerint
442 1206 558 1245 semper
569 1207 599 1235 in
610 1206 696 1235 cursu
708 1225 716 1238 ,
736 1205 766 1234 id
778 1203 820 1234 est
831 1224 839 1238 ,
859 1205 892 1233 in
903 1207 1018 1234 ratione
1030 1204 1062 1234 δε
1074 1207 1119 1234 in—

159 1246 324 1288 vestigandi
335 1248 495 1287 cupiditate
507 1268 515 1280 ‚
529 1247 560 1277 &
569 1257 630 1288 quo
642 1249 744 1277 minus
754 1247 780 1276 se
792 1246 1006 1276 admiscuerint
1015 1266 1024 1279 ,
1035 1255 1122 1287 atque

158 1289 368 1329 implicuerint
387 1290 551 1319 hominum
574 1290 678 1322 vitiis,
699 1298 788 1330 atque
801 1288 950 1318 erroribus
963 1308 973 1321 ,
994 1289 1120 1317 hocillis

157 1329 326 1361 faciliorem
337 1330 512 1361 adscensum
524 1351 532 1364 ‚
546 1331 578 1361 &
588 1331 717 1361 reditum
731 1340 762 1360 in
773 1331 879 1360 caelum
891 1329 965 1359 fore.
983 1333 1120 1369 Qapro-

157 1381 223 1411 yter
233 1392 241 1406 ,
256 1382 288 1403 ut
298 1373 458 1413 aliquando
468 1381 647 1403 terminetur
657 1374 755 1403 oratio
767 1392 775 1405 ‚
789 1371 807 1401 fi
819 1381 867 1402 aut
877 1371 1028 1411 exstingui
1040 1381 1118 1402 tran-

156 1415 254 1455 quille
265 1416 419 1447 volumus,
430 1415 502 1444 cum
515 1417 547 1444 in
559 1416 606 1443 his
616 1415 727 1444 artibus
736 1416 915 1446 vixerimus,
930 1423 978 1443 aut
989 1411 1009 1442 si
1018 1423 1056 1443 ex
1068 1414 1121 1443 hac

157 1457 193 1486 in
215 1457 305 1487 aliam
319 1456 397 1486 haud
412 1457 512 1495 paullo
527 1456 686 1485 meliorem
702 1456 830 1485 domurn
858 1453 917 1484 fine
928 1464 1012 1485 mora
1022 1456 1121 1485 demi-

156 1507 250 1539 grare,
263 1500 295 1528 in
305 1499 352 1527 his
362 1496 468 1527 studiis
478 1497 568 1526 nobis
580 1499 684 1526 omnis
693 1497 828 1535 opera,&
839 1506 907 1525 cura
917 1499 1055 1535 ponenda
1066 1496 1118 1527 est.

368 1540 412 1568 M.
436 1541 614 1568 Tunnti
641 1539 908 1569 Crcnaours,

217 1581 263 1610 M.
285 1582 446 1613 CATO,
471 1589 567 1613 SEU,
591 1581 723 1609 LAUS
747 1581 790 1608 M.
815 1579 1054 1609 CATONIS.

193 1624 305 1652 Gau..
317 1620 369 1650 lib.
379 1632 389 1651 1
400 1631 424 1661 3.
440 1629 498 1660 cap.
507 1621 571 1661 18]
596 1624 748 1660 Pronepos
759 1623 802 1649 M.
815 1621 936 1650 Catonis
946 1620 1088 1650 censorii.

197 1665 315 1693 MACR.
330 1662 412 1692 lib.6.
424 1663 537 1704 cap.2.]
561 1662 762 1702 Contingebat
772 1663 803 1691 in
814 1671 851 1691 eo
861 1680 870 1693 ,
880 1661 958 1700 quod
970 1661 1118 1702 plerisque

152 1705 259 1738 contra
270 1705 342 1735 solet
354 1726 363 1739 ,
383 1713 415 1735 ut
429 1705 542 1743 majora
553 1706 659 1734 omnia
668 1713 698 1732 re
709 1723 718 1737 ,
739 1703 830 1743 quam
840 1702 920 1732 fama
931 1703 1117 1736 viderentur,

155 1748 188 1777 id
200 1746 282 1788 quod
293 1755 358 1776 non
369 1747 444 1787 saepe
455 1747 575 1780 evenit,
588 1754 621 1776 ut
629 1744 854 1785 exspectatione
862 1763 871 1778 ‚
884 1753 967 1773 aures
976 1743 1012 1774 ab
1021 1745 1117 1775 oculis

153 1790 358 1820 vincerentur.

361 1832 407 1860 M.
431 1832 604 1860 Tunnrt
628 1832 909 1860 CICEROle›

289 1874 377 1902 DE
420 1873 752 1904 GLORIA,
797 1872 912 1900 LIB.
959 1872 982 1900 I.

197 1913 330 1954 ciuus]
354 1916 391 1944 ln
401 1914 609 1944 Tusculanum
624 1913 703 1943 mihi
716 1912 930 1944 nuntiabantur
944 1911 1114 1953 gladiatorii

148 1956 246 1987 fibili.

197 2001 318 2029 Fas-rus
327 1995 376 2026 lib.
393 1997 457 2038 13.]
476 1997 663 2037 Oppidorum
674 1997 908 2038 appellationem
921 1995 1112 2036 usurpatione

152 2041 329 2081 appellatam
340 2038 397 2069 effe
411 2039 554 2069 existimo
566 2059 574 2073 ‚
586 2039 667 2080 quod
679 2049 770 2080 opem
781 2039 893 2070 darent.

360 2084 403 2111 M.
428 2084 601 2112 TULL11
626 2084 903 2115 Crcsnouis,

275 2125 361 2154 DE
406 2125 744 2157 GLORIA,
789 2125 981 2153 Ltn.II.

194 2167 278 2196 Gat..
294 2164 343 2194 lib.
359 2175 404 2203 15.
425 2173 483 2206 cap.
498 2165 543 2206 6.]
568 2165 654 2205 Apud
668 2165 798 2195 eundern
813 2166 933 2205 poetam
946 2166 1023 2195 Aiax
1035 2175 1106 2195 cum

151 2207 285 2238 Hefitore
295 2207 495 2247 congrediens
506 2207 695 2248 depugnandi
706 2207 787 2237 causa
798 2209 875 2248 agit,
899 2216 930 2236 ut
943 2207 1108 2246 sepeliatur,

150 2248 172 2278 fi
185 2248 218 2279 sit
233 2248 311 2279 forte
323 2249 421 2279 νιάὶιιε
431 2269 440 2283 ,
461 2249 644 2290 declaratque
657 2249 684 2279 se
696 2249 773 2279 velle
783 2269 792 2283 ‚
813 2259 845 2278 ut
857 2249 942 2278 suum
954 2249 1108 2279 tumulum

148 2292 254 2322 multis
263 2293 350 2321 eriam
363 2290 430 2331 post
441 2291 545 2321 seculis
555 2300 762 2331 praetereuntes
773 2310 780 2324 ,
793 2289 829 2320 sic
839 2291 1018 2331 loquantur:

241 2334 299 2362 Hic
306 2333 380 2374 fitus
390 2331 433 2362 ef}
444 2335 508 2362 vitae
513 2333 683 2374 jampridem
693 2333 802 2361 lumina
814 2332 941 2372 linquens
950 2352 959 2365 ‚

243 2375 308 2415 Qz
317 2375 458 2416 quondam
469 2373 598 2404 Hestoreo
605 2375 745 2416 perculsus
757 2374 874 2403 concidit
885 2374 953 2413 enfit.

242 2416 361 2446 Fabitur
370 2418 418 2446 hoc
426 2418 528 2458 aliqua
539 2437 546 2451 ‚
561 2417 830 2457 meafhmpergi'oria
838 2415 930 2445 vivet.

191 2459 383 2499 marsius]
408 2461 478 2500 Qo
491 2459 603 2493 stante,
618 2460 649 2488 &
662 2460 820 2488 incolumi.

366 2504 409 2530 M.
434 2503 610 2531 Tunnrt
635 2503 892 2530 Cret-:nouis

281 2545 347 2572 DE
377 2543 794 2573 CONSOLATION'E
817 2542 974 2573 LIBER

189 2585 284 2616 Peru.
296 2584 482 2625 praefatione]
507 2587 680 2614 Crantore-m
695 2584 809 2624 sequor.

190 2627 367 2656 LAc-rANT.
381 2626 429 2654 lib.
439 2635 463 2665 3.
475 2625 608 2668 cap-18]
634 2625 750 2656 Idcirco
760 2627 820 2656 nati
830 2625 933 2656 sumus
943 2645 952 2660 ‚
974 2633 1005 2656 ut
1017 2626 1107 2657 scele-

147 2678 216 2700 rum
229 2677 331 2707 poenas
342 2668 506 2697 lueremus.

190 2711 295 2740 LAcr.
309 2707 390 2738 libz.
406 2718 462 2749 cap.
473 2709 536 2750 19.]
561 2712 635 2739 Non
647 2709 724 2739 nasci
737 2729 744 2742 ‚
757 2708 848 2751 longe
859 2710 1012 2749 optimum
1025 2730 1033 2744 ‚
1051 2720 1106 2742 nec

147 2752 181 2782 in
192 2752 247 2781 hos
258 2751 395 2791 scopulos
405 2751 537 2781 incidere
549 2753 615 2781 vitae
631 2761 636 2780 ;
656 2761 834 2791 proximum
846 2761 945 2781 autem
959 2771 968 2785 ,
988 2750 1006 2781 si
1022 2762 1107 2783 natus

149 2792 186 2823 fis
197 2812 205 2826 ,
225 2795 453 2834 quamprimum
464 2795 562 2827 mori,
582 2793 766 2834 &tanquam
777 2803 815 2823 ex
825 2793 967 2824 incendio
978 2793 1106 2835 effugere

147 2833 290 2866 fortunae.

193 2879 298 2907 LAc'r.
312 2876 393 2917 lib.3.
405 2885 466 2917 cap.
475 2876 536 2917 14.]
559 2876 615 2907 Sed
635 2876 736 2907 nescio
755 2878 806 2918 qui
825 2886 880 2907 nos
899 2885 996 2908 teneat
1014 2887 1105 2913 error,

147 2927 200 2949 aut
211 2919 389 2949 miserabilis
401 2922 547 2961 ignoratio
559 2919 630 2948 veri.

190 2963 265 2990 Cic.
282 2961 362 3000 Tusc.
377 2971 402 2990 1.
430 2963 532 2992 LAc-r.
553 2962 597 2989 ira
611 2968 671 3001 cap.
698 2970 744 2989 10.
762 2959 812 2989 lib.
830 2971 853 2990 i.
874 2969 923 3002 cap
942 2971 971 2999 5.
993 2960 1104 3004 lustra]

148 3004 334 3032 Animorum
355 3003 437 3032 nulla
467 3005 498 3032 in
518 3012 600 3032 terris
621 3013 704 3043 origo
727 3005 859 3032 inveniri
876 3002 985 3042 pottst.
1017 3005 1104 3033 Nihil

142 3046 231 3073 enim
242 3043 284 3074 est
295 3045 405 3075 animis
418 3046 547 3074 mixtum
565 3064 572 3078 ,
592 3054 676 3085 atque
689 3054 863 3075 concretum
876 3064 884 3078 ‚
907 3054 955 3075 aut
965 3045 1046 3086 quod
1068 3056 1105 3076 ex

136 3093 217 3117 ‘terra
227 3095 331 3117 natum
341 3106 351 3121 ,
380 3096 466 3127 atque
485 3085 592 3117 ficium
612 3085 668 3117 effe
679 3086 813 3119 videatur
823 3107 833 3122 ‚
854 3088 932 3119 nihil
942 3097 981 3119 ne
988 3096 1037 3119 aut
1049 3089 1105 3119 hu-

1175 203 1249 232 turis
1261 204 1338 233 nihil
1350 203 1427 235 inest
1438 224 1446 238 ,
1468 205 1550 245 quod
1561 207 1625 236 vim
1638 209 1794 237 memoriae
1807 226 1816 240 ‚
1836 208 1948 237 mentis
1959 226 1967 241 ‚
1981 209 2139 248 cogitatio·

1175 246 1222 273 nis
1239 245 1342 275 habeat
1356 256 1361 274 :
1381 246 1463 287 quod
1475 248 1663 287 &praeterita
1679 256 1797 282 teneat,
1817 248 1956 280 &futura
1970 249 2135 289 provideat,

1174 286 1378 326 &compieeti
1392 287 1479 328 poffit
1493 289 1662 329 praesentia,
1683 300 1748 331 quae
1768 291 1829 321 sola
1847 290 1950 322 divina
1967 291 2044 321 sunt.
2069 293 2135 322 Nec

1172 329 1344 359 invenietur
1364 340 1509 371 umquam
1526 351 1534 364 ,
1559 331 1639 362 unde
1656 332 1691 362 ad
1712 333 1872 362 hominem
1891 335 1994 363 venire
2011 331 2132 373 possint,

1172 368 1225 398 nisi
1238 370 1253 401 {i
1264 373 1342 400 Deo.
1365 373 1528 412 Singularis
1538 372 1579 403 est
1595 375 1683 414 igitur
1692 375 1829 414 quasdam
1841 383 1941 405 natura
1952 395 1961 408 .
1983 384 2070 416 atque
2086 376 2132 405 vis

1172 413 1286 445 animi,
1307 413 1438 451 sejunsta
1448 414 1484 444 ab
1494 416 1540 444 his
1551 413 1662 446 usitatis
1674 435 1682 450 ‚
1695 417 1831 457 notisque
1842 419 1963 447 naturis.
1987 419 2030 447 Ita
2040 416 2133 457 quid-

1171 453 1244 493 quid
1255 453 1297 484 est
1309 455 1382 485 illud
1393 475 1400 488 ‚
1413 456 1495 497 quod
1507 457 1600 497 sapit,
1618 457 1700 498 quod
1711 458 1776 488 vult
1789 478 1797 491 ,
1816 458 1898 499 quod
1909 461 2006 500 viget,
2017 458 2132 489 caeleste

1172 495 1356 526 &divinum
1367 497 1409 528 est
1423 509 1428 527 :
1447 498 1488 528 ob
1505 508 1629 540 eamque
1645 509 1708 529 rem
1725 509 1871 531 aeternum
1889 498 1923 530 fit
1941 499 2055 530 necess'e
2071 499 2124 531 est.

1172 546 1227 567 nec
1238 537 1310 568 vero
1322 542 1406 568 Deus
1417 540 1477 580 ipse
1489 560 1496 574 ,
1510 543 1562 581 qui
1573 542 1774 582 intelligitura
1785 542 1874 572 nobis
1884 562 1893 575 ,
1906 542 1966 572 alio
1977 542 2071 572 modo
2082 545 2133 572 in·-

1171 579 1264 620 telligi
1277 580 1390 620 potest,
1413 580 1468 611 nisi
1478 592 1566 612 mens
1578 584 1671 613 soluta
1682 584 1817 625 quaedam
1830 604 1840 618 ,
1860 583 1995 614 &libera
2006 604 2014 618 ›
2039 585 2133 625 segre-

1167 629 1231 661 gata
1240 622 1276 652 ab
1289 624 1375 652 omni
1386 626 1580 655 concretione
1593 628 1731 660 mortali,
1742 628 1848 657 omnia
1859 626 1989 658 sentiens
1998 645 2006 660 ,
2020 626 2052 656 δε
2064 636 2132 656 mo—

1170 672 1242 693 vens
1256 683 1265 697 ‚
1278 665 1394 705 ipsaque
1407 666 1525 705 praedita
1537 676 1625 696 motu
1637 667 1831 707 sempiterno.

1211 706 1315 735 LAc-r.
1329 705 1378 735 lib.
1398 717 1422 736 i.
1438 716 1496 749 cap.
1513 708 1577 749 ¹5·]
1603 707 1680 738 Cum
1693 710 1764 739 vero
1777 710 1809 739 &
1820 719 1914 740 mares
1926 729 1934 744 ,
1947 709 1979 740 &
1992 708 2131 743 faeminas

1169 748 1353 787 complureis
1372 758 1411 778 ex
1432 751 1610 780 hominibus
1630 752 1661 780 in
1674 751 1800 781 deorum
1814 762 1942 782 numero
1955 750 2014 782 effe
2029 751 2131 783 videa-

1169 797 1237 818 mus
1247 809 1256 822 ,
1269 789 1301 819 &
1311 800 1417 820 eorum
1430 792 1461 820 in
1475 791 1598 821 urbibus
1609 812 1616 825 ,
1628 801 1713 833 atque
1725 796 1800 834 agris
1811 792 2011 835 augustiffima
2021 795 2131 834 templa

1167 839 1365 876 veneremur:
1386 831 1576 863 ass'entiamur
1597 844 1702 864 eorum
1716 835 1865 875 sapientiae
1874 856 1882 869 ‚
1906 846 2033 876 quorum
2048 837 2131 877 inge-

1169 873 1248 905 niis,
1269 873 1447 904 &inventis
1465 885 1593 906 omnem
1614 878 1706 906 vitam
1720 878 1834 919 legibus
1847 898 1854 910 ,
1877 877 2064 908 &institutis
2075 888 2131 908 ex—

1165 915 1288 948 cultam,
1300 915 1492 946 constitutam
1499 927 1556 957 que
1572 918 1727 949 habemus.
1740 919 1831 960 Qod
1845 918 1864 948 si
1876 920 1973 949 ullum
1985 929 2127 960 umquam

1166 957 1278 986 animal
1288 958 1525 988 consecrandum
1539 958 1595 990 fuit
1606 980 1614 994 ,
1635 961 1709 990 illud
1730 961 1868 1001 profecto
1886 961 1952 991 fuit.
1978 960 1996 991 si
2006 961 2126 995 Cadmi.

1166 1006 1214 1027 aut
1225 1000 1408 1041 Amphionis
1419 1003 1578 1042 progenies
1589 1022 1596 1035 ‚
1609 1012 1658 1032 aut
1668 1003 1802 1042 Tyndari
1813 1023 1821 1036 ,
1836 1003 1866 1033 'in
1877 1004 1984 1033 caelum
1998 1003 2131 1034 tollenda

1170 1038 1324 1084 fama-fuit
1334 1061 1343 1074 ,
1366 1043 1436 1072 huic
1448 1044 1527 1072 idem
1539 1043 1638 1074 honos
1649 1047 1726 1074 certe
1739 1045 1881 1075 dicandus
1892 1044 1942 1075 est.
1967 1045 2048 1085 quod
2061 1047 2128 1085 qui-

1166 1080 1236 1110 dem
1249 1084 1353 1113 iaci-am
1368 1104 1377 1116 ,
1401 1093 1487 1124 teque
1505 1087 1648 1115 omnium
1669 1095 1816 1126 optimam
1828 1107 1836 1120 ,
1856 1086 2127 1127 dofflffimamque,

1167 1124 1399 1162 approbantibus
1413 1126 1471 1156 diis
1489 1128 1712 1157 immortalibus
1723 1127 1790 1168 ipsis
1802 1149 1810 1162 ‚
1829 1131 1860 1158 in
1872 1138 1976 1158 eorum
1988 1138 2068 1158 coetu
2081 1128 2129 1158 10·

1166 1173 1259 1195 catam
1271 1186 1279 1200 ‚
1290 1167 1325 1196 ad
1336 1169 1518 1206 opinionem
1530 1172 1672 1199 omniurn
1686 1171 1860 1200 mortalium
1872 1170 2062 1200 consecrabo.

1209 1209 1314 1237 Lacr.
1329 1207 1379 1237 lib.
1394 1218 1418 1249 3,
1432 1218 1492 1249 cap.
1507 1210 1569 1251 19]
1592 1213 1656 1242 Nec
1666 1213 1750 1241 enirn
1763 1213 1908 1242 omnibus
1920 1212 2013 1241 iidem
2025 1212 2070 1241 illi
2083 1212 2126 1242 sa-

1163 1249 1278 1288 pientes
1298 1250 1427 1282 arbitrati
1447 1253 1514 1282 sunt
1534 1253 1665 1282 eundem
1685 1254 1804 1284 cursum
1825 1256 1857 1284 in
1878 1254 1987 1284 caelum
2010 1252 2118 1293 patere.

1166 1299 1235 1321 nam
1247 1293 1330 1322 vitiis
1342 1292 1373 1322 &
1383 1294 1542 1324 sceleribus
1553 1297 1774 1326 contaminatos
1785 1296 1914 1336 deprimi
1934 1298 1966 1325 in
1980 1295 2125 1328 tenebra&

1165 1342 1250 1372 atque
1262 1336 1294 1364 in
1303 1343 1392 1365 cceno
1401 1335 1494 1374 jacere
1505 1335 1692 1367 docuerunt:
1711 1337 1804 1367 castos
1816 1347 1912 1368 autem
1926 1358 1934 1371 ,
1954 1347 2043 1377 puros
2054 1357 2061 1370 ,
2079 1339 2128 1367 in-

1165 1383 1263 1415 tegros
1274 1395 1282 1409 ,
1307 1378 1496 1417 incorruptos
1507 1397 1515 1411 ,
1539 1378 1627 1408 bonis
1637 1381 1726 1409 etiam
1740 1379 1845 1409 studiis
1856 1388 1942 1420 atque
1953 1379 2064 1409 artibus
2074 1389 2128 1408 ex-

1165 1417 1278 1456 politos
1289 1437 1298 1451 ,
1312 1419 1370 1448 levi
1382 1420 1515 1458 quodam
1526 1429 1558 1449 ac
1568 1419 1649 1450 facili
1659 1421 1740 1461 lapsu
1750 1421 1785 1452 ad
1797 1421 1869 1452 deos
1881 1441 1890 1455 ,
1910 1421 1941 1451 id
1954 1419 1996 1452 est
2007 1441 2015 1455 ,
2026 1420 2062 1452 ad
2074 1430 2125 1451 na-

1166 1466 1261 1488 turam
1272 1459 1317 1488 sui
1328 1458 1458 1490 fimilem
1469 1462 1634 1500 pervolare.

1208 1501 1311 1530 LAe‘r.
1329 1500 1411 1540 lib-3.
1424 1502 1554 1543 cap.28.]
1579 1503 1661 1533 Cedo
1673 1523 1680 1537 ,
1694 1504 1727 1535 &
1737 1512 1863 1534 manum
1875 1504 1961 1534 tollo.

1375 1545 1418 1572 M.
1443 1546 1621 1574 TULLH
1656 1548 1916 1575 Crcznowis

1258 1583 1428 1615 LIBER
1460 1586 1530 1615 DE
1562 1586 1683 1616 SUIS
1712 1588 2030 1621 CONSILIIS,

1585 1637 1606 1657 v
1635 1637 1656 1656 n
1683 1638 1703 1658 t,

1184 1665 1458 1697 EXPOSITIO
1478 1670 1692 1699 SUORUM
1714 1671 2100 1700 CONSILIORUM.

1204 1707 1324 1752 Boiai-it.
1335 1706 1384 1736 lib.
1394 1717 1406 1736 1
1414 1709 1526 1749 .Μιι]ἲ]
1537 1710 1593 1740 Sed
1604 1718 1635 1740 ut
1644 1710 1742 1751 aliqua
1752 1709 1951 1741 similitudine
1960 1710 2119 1745 adduetus,

1161 1749 1307 1777 maximis
1320 1750 1450 1779 minima
1467 1749 1621 1782 conferam
1635 1771 1644 1785 ,
1667 1751 1780 1782 utcum
1790 1752 2123 1783 vinolentiadolescen-

1161 1796 1204 1818 tes
1216 1807 1225 1821 ,
1245 1789 1386 1820 tibiarum
1398 1793 1487 1821 etiam
1498 1801 1586 1823 cantu
1598 1812 1607 1826 ,
1626 1801 1660 1823 ut
1670 1792 1703 1823 fit
1714 1814 1722 1827 ,
1744 1793 1880 1825 instincti
1890 1814 1899 1828 ‚
1918 1795 2056 1824 mulieris
2066 1804 2122 1835 pu-

1161 1829 1235 1860 dicae
1245 1829 1324 1861 fores
1334 1831 1513 1873 frangerent,
1524 1833 1713 1865 admonuiss‘e
1723 1836 1892 1870 tibicinam,
1910 1845 1941 1866 ut
1953 1836 2123 1876 spondeum.

1160 1881 1277 1902 caneret
1289 1892 1298 1905 ,
1316 1874 1493 1916 Pythagoras
1503 1875 1621 1906 dicitur.
1645 1877 1727 1917 quod
1736 1887 1806 1908 cum
1818 1878 1869 1908 illa
1878 1876 2010 1911 fecisset,
2032 1877 2125 1907 tardi-

1161 1921 1217 1944 tate
1230 1914 1394 1945 modorum
1407 1935 1415 1949 ,
1436 1916 1619 1958 &gravitate
1630 1927 1734 1950 cantus
1745 1939 1754 1954 ,
1772 1920 1898 1950 illorum
1907 1919 2058 1951 furentem
2070 1928 2122 1960 pe—

1159 1956 1317 1987 tulantiam
1328 1956 1475 1988 resedisse.

1300 2034 1303 2035 ⁷
1367 2001 1424 2029 M.
1436 2001 1468 2028 T.
1482 2001 1612 2031 Ciceronis
1619 2002 1652 2032 de
1659 2002 1820 2032 virtutibus
1828 2002 1907 2034 liber.

1200 2040 1314 2070 Canis.
1327 2039 1428 2083 liba]
1439 2042 1518 2073 Illud
1530 2046 1706 2085 neutiquam
1718 2045 1871 2084 probares.

1414 2084 1463 2115 M·
1476 2086 1507 2115 T.
1521 2085 1650 2115 Ciceronis
1657 2086 1690 2116 de
1700 2088 1769 2117 notia
1778 2085 1857 2116 liber.

1155 2122 1319 2163 Adprobat.
1495 2127 1661 2158 modestus.
1831 2129 1964 2170 epistola.

1156 2165 1343 2205 comprobat.
1498 2169 1710 2200 immodestus.
1836 2170 1943 2202 littera.

1157 2207 1326 2246 improbus.
1502 2211 1652 2241 modicus.
1830 2213 1945 2243 litterae.

1154 2248 1275 2287 probus.
1494 2253 1694 2287 immodicus,
1829 2255 1951 2295 syllaba.

1154 2290 1295 2329 probitas.
1498 2295 1693 2325 commodus.
1827 2305 1958 2336 tempus.

1154 2333 1342 2372 improbitas.
1497 2337 1726 2367 incommodus.
1825 2347 1877 2379 per
1887 2346 2019 2378 tempus.

1154 2374 1328 2413 probabilis.
1493 2378 1719 2409 accommodat.
1823 2379 1968 2420 peridem
1983 2389 2111 2421 tempus.

1154 2416 1297 2456 reprobat.
1491 2420 1523 2449 in
1536 2420 1675 2450 modum.
1824 2422 2009 2461 temporalis.

1156 2457 1278 2488 modus.
1490 2462 1670 2492 admodum.
1825 2463 2049 2504 &temporalis-

1156 2499 1308 2530 modulus.
1485 2503 1757 2543 quem-admodum.
1824 2506 1930 2535 homo.

1405 2544 1452 2573 Μ.
1468 2545 1500 2573 T.
1513 2546 1650 2575 Ciceroni:
1661 2547 1871 2588 Cliorographta.

1197 2586 1310 2614 Paisc.
1327 2582 1428 2626 lib.6.]
1448 2586 1492 2616 Ibi
1503 2597 1682 2628 quercorum
1694 2598 1768 2619 rami
1781 2589 1815 2619 ad
1827 2598 1932 2619 terram
1941 2588 2060 2630 jacent,
2077 2596 2112 2621 ut

1154 2625 1231 2660 sues,
1244 2625 1320 2666 quasi
1333 2636 1424 2666 capra:
1435 2638 1473 2658 ex
1483 2639 1573 2659 ramis
1582 2629 1688 2669 glande
1699 2630 1861 2669 pascantur.

1256 2672 1304 2700 Ex
1314 2670 1370 2698 au.
1385 2670 1472 2699 Tullii
1482 2673 1503 2699 C
1503 2671 1611 2700 iceronu
1623 2691 1631 2704 ,
1651 2672 1689 2701 ad
1699 2674 1846 2701 Varronem
1856 2672 2018 2703 ,Academi—

1537 2723 1631 2741 corum
1640 2713 1688 2742 lib.
1698 2724 1723 2744 r.

1196 2752 1283 2781 Nou.
1304 2752 1502 2794 Digi'adiari]
1531 2755 1611 2795 Qid
1633 2765 1733 2786 autem
1756 2755 1956 2787 stomachetur
1976 2756 2110 2788 Mnesar-

1154 2793 1228 2838 chus
1239 2812 1247 2826 ‚
1269 2795 1341 2834 quid
1359 2797 1516 2836 Antipater
1538 2797 1793 2838 digladieturcum
1803 2799 1956 2830 Carneade
1966 2807 2010 2830 tot
2020 2799 2111 2830 volu-

1154 2835 1291 2865 minibus
1306 2837 1317 2865 ?

1287 2883 1334 2911 Ex
1344 2880 1393 2910 lib.
1411 2883 1703 2913 11..Acadcm1'corum
1716 2904 1724 2919 ‚
1740 2885 1779 2915 ad
1788 2887 1944 2916 Varronem.

1197 2924 1284 2952 Nou.
1296 2924 1494 2966 Adhamare]
1516 2928 1576 2967 Qi
1589 2936 1671 2956 enim
1684 2927 1776 2957 scrius
1786 2929 1915 2958 honores
1928 2928 2108 2960 adharnavc—

1155 2973 1224 2994 runt
1234 2983 1242 2998 ,
1264 2966 1316 2994 vix
1329 2965 1572 2998 admittunturad
1583 2978 1633 2998 eos
1645 2988 1653 3003 ‚
1667 2978 1722 3000 nec
1730 2969 1797 3001 satis
1809 2972 2016 3002 commendati
2029 2972 2110 3002 mul-

1154 3005 1277 3036 titudini
1290 3006 1409 3047 possunt
1419 3007 1485 3038 ess'e.

1197 3050 1283 3078 Non.
1296 3050 1464 3091 lia-ponera]
1475 3052 1618 3092 Frangere
1627 3054 1776 3084 avaritiam
1790 3074 1798 3088 ,
1812 3054 1917 3086 scelera
1926 3065 2050 3097 ponere,
2061 3056 2110 3087 vi-

1152 3098 1212 3122 tam
1223 3090 1306 3123 suam
1317 3101 1467 3133 exponere
1478 3093 1512 3123 ad
1523 3094 1705 3125 imitandum
1714 3095 1881 3137 juventuti.
2012 3106 2015 3109 ·

1422 3136 1671 3168 Eeeeeeeeo.
2021 3141 2109 3171 Nou.
